3064 4940
235 309 294 373 106
666 314 934 376 HERODOTI

231 487 393 577 ἀνέθηκε,
414 487 557 576 χρύσεόν
569 515 605 557 τε
628 491 682 558 καὶ
696 486 877 578 ἀργύρεον,
898 495 967 560 τῶν
983 493 1030 582 τῷ
1044 496 1174 585 χρυσέῳ
1190 489 1365 582 ἐπιγέγρα-

232 622 309 664 πται
336 601 764 680 ΛΑΚΕΛΑΙΜΟΝΙΩΝ,
791 597 953 683 φαμένων
982 595 1068 665 εἶναι
1094 593 1270 686 ἀνάθημα,
1304 596 1367 668 οὐκ

231 696 343 784 ὀρθῶς
364 701 527 783 λέγοντες.
561 697 714 786 ἔστιγὰρ
741 700 797 767 καὶ
816 705 916 768 τοῦτο
936 707 1096 788 Κροίσου.
1132 698 1300 790 ἐπέγραψε
1328 703 1366 772 dt

231 808 299 871 τῶν
325 829 375 882 τις
401 807 565 889 Δελφῶν,
602 808 894 930 Λακεδαιμονίοισι
920 804 1124 931 βουλόμενος
1156 813 1364 896 χαρίζεσθαι·

231 911 291 975 τοῦ
306 902 523 996 ἐπισταμευος
536 903 573 975 τὸ
586 933 725 1037 ουυομα,
746 904 807 978 οὐκ
823 903 1054 998 ἐπιμνήσομαι.
1079 905 1186 980 111λό
1175 906 1264 1000 μὲν
1277 926 1364 999 παῖς,

231 999 337 1081 11ὀῦ
356 1015 414 1100 τῆς
431 1009 540 1099 χειρὸς
554 1013 622 1098 ῥέει
642 1041 678 1080 το
667 1008 804 1101 υδωρ,
825 1019 1104 1102 Λακεδαιμονίων
1118 1009 1205 1100 ε’στὶ,
1228 1012 1268 1085 οὐ
1283 1018 1362 1104 μέν·

229 1143 280 1184 τοι
300 1142 368 1184 των
398 1142 436 1202 γε
459 1118 747 1204 περιρραντηρίων
773 1113 960 1204 οὐὸεᾞτερον
997 1117 1082 1188 α”λλα
1107 1145 1143 1186 τε
1165 1116 1364 1209 ἀναθήματα

230 1215 292 1290 οὐκ
308 1216 451 1308 ἐπίσημα
466 1216 573 1289 πολλὰ
586 1217 759 1308 ἀπέπεμψε
779 1217 846 1309 ἅμα
860 1220 1005 1290 τούτοισι
1026 1217 1043 1290 ὁ
1059 1229 1202 1310 Κροῖσος
1215 1225 1270 1292 καὶ
1284 1223 1361 1309 xsti-

229 1352 315 1414 ματα
330 1321 479 1413 ἀργύρεα
492 1327 712 1411 κυκλοτερέα,
733 1327 787 1394 καὶ
809 1322 851 1412 δὴ
872 1326 927 1392 καὶ
950 1322 1109 1410 γυναικὸς
1123 1330 1266 1394 εἴδωλον
1278 1327 1359 1414 χρύ-

229 1451 308 1498 σεου
325 1435 484 1517 τρίπηχυ,
513 1425 549 1496 τὸ
570 1428 700 1512 Δελφοὶ
720 1432 778 1515 τῆς
797 1425 985 1515 ἀρτοκόπου
1003 1433 1061 1517 τῆς
1080 1435 1228 1517 Κροίσου
1249 1429 1362 1500 εἰκόνα

228 1597 262 1647 48
284 1597 302 1645 1.
326 1595 343 1646 l.
369 1595 411 1645 Gr.
434 1594 540 1644 confert
567 1592 671 1644 Polluc.
697 1595 769 1645 Ono·
819 1611 879 1646 men
902 1596 1031 1658 hominis,
1058 1597 1129 1662 quod
1153 1597 1224 1648 celat
1240 1599 1361 1650 Herodo-

227 1671 307 1717 mast.
334 1666 356 1714 Ι.
382 1668 407 1726 5.
432 1664 458 1715 8.
484 1681 544 1714 cum
567 1664 718 1729 interprett.
742 1665 766 1728 5.
819 1671 877 1728 tus,
897 1665 1002 1718 Aenum
1020 1667 1105 1719 fuisse
1122 1673 1218 1718 auctor
1238 1673 1280 1719 est
1297 1671 1361 1720 Pto-

226 1737 270 1788 32.
290 1735 351 1786 coll.
371 1751 425 1786 van
443 1735 512 1786 Dale
534 1735 567 1785 de
590 1751 679 1786 oraoc.
703 1753 766 1801 pap.
818 1736 938 1787 lemaeus
962 1739 991 1788 in
1018 1739 1108 1790 Photii
1133 1739 1263 1790 Biblioth.
1293 1741 1359 1790 Cod.

229 1807 279 1859 100
294 1822 370 1872 seqq.
385 1810 412 1856 et
425 1805 533 1870 Ioseph.
553 1806 665 1872 Antiqq.
685 1808 765 1858 Iudd.
820 1807 878 1858 100.
895 1825 959 1874 pag.
971 1809 1031 1859 481.
1069 1809 1110 1860 Ad
1127 1810 1214 1874 ipsam
1233 1810 1361 1876 loquendi

226 1879 278 1941 111,
296 1877 322 1928 6.
342 1880 367 1940 ξ.
386 1879 412 1928 2.
432 1879 464 1928 T.
485 1878 508 1928 I.
531 1893 557 1943 p.
585 1876 644 1928 132.
668 1879 701 1931 de
723 1879 767 1928 Iu·
818 1879 963 1942 rationem,
986 1895 1040 1944 qua
1059 1881 1158 1931 Noster
1177 1882 1204 1930 in
1222 1881 1360 1933 reticendo

226 1950 354 2000 daeorum
379 1947 478 2011 labris,
501 1947 529 1996 in
552 1949 649 2013 quibus
680 1964 767 1999 sacer·
817 1948 933 2000 hominis
947 1951 1059 2000 nomine
1080 1951 1124 2002 hic
1141 1952 1239 2013 utitur,
1264 1953 1300 2003 ef.
1325 1953 1360 2002 si-

226 2021 303 2070 dotes
321 2035 416 2069 manus
436 2035 468 2069 ac
487 2019 569 2084 pedes
590 2025 746 2083 purgarent.
817 2020 893 2070 miles
922 2021 1051 2071 formulas
1079 2022 1119 2085 ΙΙ,
1153 2021 1202 2074 123
1229 2023 1275 2074 fin.
1310 2024 1358 2084 lv,

259 2087 390 2137 roiv-
416 2079 625 2153 ἐπιγέγραπται]
650 2090 767 2140 Notetur
816 2089 914 2140 13111.

224 2159 332 2210 relativi
344 2174 509 2222 pronominis
526 2175 600 2220 usus,
616 2175 692 2209 curus
706 2160 766 2210 loco
850 2149 920 2207 ullu
941 2173 969 2208 τε
988 2149 1161 2224 ceodrium
1184 2151 1237 2209 οὔκ
1262 2153 1359 2226 ἐπί-οη

225 2243 370 2294 pronomen
400 2229 641 2279 demonstrativum
672 2231 767 2280 addita
816 2227 904 2292 μα]
896 2246 915 2278 1.
946 2245 970 2278 e.
1001 2229 1110 2279 donorio
1138 2233 1240 2280 minoris
1270 2236 1357 2294 pretii.

224 2297 358 2363 particula
386 2299 552 2348 substituere
580 2299 677 2362 possis.
708 2301 766 2348 Μο-
816 2297 979 2359 Schwerqh„
991 2313 1036 2361 qui
1048 2299 1144 2349 vertit.
1161 2301 1358 2366 „nnlloaipnata

224 2368 525 2432 nuitStruveSpecim.
541 2368 563 2417 Ι.
576 2368 687 2429 Quaest.
698 2369 764 2420 Her.
815 2369 885 2418 titulo
904 2365 1054 2432 (donaria),
1058 2367 1152 2418 “h..l
1171 2368 1276 2424 haeret
1296 2387 1356 2420 cum

223 2455 285 2504 pag.
303 2441 346 2488 27.
815 2437 987 2487 simulacrum
1015 2438 1088 2488 istud
1114 2453 1224 2487 aureum
1247 2439 1357 2488 tricubi-

257 2503 501 2570 Λακεδαιμονίων]
518 2506 676 2556 Istiusmodi
691 2508 765 2572 geni·
816 2507 886 2568 tale,
915 2507 987 2572 quod
1010 2523 1071 2557 mox
1094 2513 1269 2570 memoratur,
1301 2525 1355 2560 non

224 2579 296 2628 tirus
318 2576 443 2627 absolute
466 2577 571 2640 positus
600 2575 672 2626 haud
702 2593 764 2627 raro
816 2583 872 2627 tam
887 2577 948 2626 vilis
969 2578 1051 2627 suerit
1074 2577 1164 2658 pretii.
1202 2577 1255 2628 Sed
1273 2578 1356 2628 hocce

223 2651 251 2698 in
277 2649 345 2698 artis
379 2647 506 2710 operibus
539 2647 691 2710 invenitur,
718 2647 764 2696 ubi
816 2663 884 2710 opus
903 2647 937 2696 ed
955 2662 998 2707 ea,
1018 2663 1088 2711 quae
1106 2661 1159 2696 ουκ
1179 2638 1302 2710 ἐπίσημα
1317 2648 1356 2698 di-

223 2718 380 2782 plerumque
400 2718 566 2767 subaudiunt
583 2685 763 2780 ἅνάθημαο.
816 2721 927 2778 cuntur,
946 2733 978 2766 er
995 2717 1129 2768 Herodoti
1148 2717 1285 2767 sententia
1301 2735 1356 2770 non

221 2785 506 2852 doipov,q11atamen
523 2785 612 2851 ellipsi
628 2803 682 2836 non
698 2803 765 2851 opus
816 2786 1046 2836 reierendum.—
1075 2800 1123 2850 χιι
1125 2801 1211 2845 ματα
1236 2803 1305 2851 quae
1320 2789 1355 2838 ad

222 2873 282 2908 esse
313 2857 379 2908 mihi
412 2858 549 2921 persuasit
581 2859 763 2919 Hermaeum,
816 2872 920 2906 sacram
957 2855 1169 2920 suppellectilem
1210 2859 1355 2922 pertinent,

222 2929 298 2978 cuius
314 2928 404 2978 locum
411 2929 453 2978 Or.
465 2927 648 2992 adscripscrat
663 2926 764 2988 (Ueber
815 2941 883 2977 vasa
899 2926 1026 2976 ridentur
1043 2942 1104 2976 esse
1124 2943 1146 2977 ιι.
1165 2943 1250 2977 tunae
1273 2928 1308 2979 ad
1325 2929 1356 2978 li-

221 3000 247 3050 d.
267 2997 399 3049 Behandl.
419 2999 445 3048 d.
465 2997 604 3048 Iuschrist.
629 3012 692 3062 pag
712 2995 761 3047 191
815 2997 925 3047 bamiua
942 2995 1104 3047 effundenda
1125 2997 1152 3046 in
1178 2998 1286 3062 templis
1311 2999 1356 3050 ad-

220 3066 303 3152 seq).
327 3067 415 3118 Multa
436 3068 516 3117 huius
540 3067 653 3132 genitivi
675 3081 762 3116 exem·
814 3067 929 3128 hibitus,
945 3070 1016 3132 putri.
1056 3068 1132 3118 Inter
1149 3068 1241 3118 lances
1259 3085 1291 3120 ac
1310 3086 1356 3134 pa-

220 3139 289 3203 pla
282 3153 310 3186 m
328 3137 544 3188 dedicationibus
558 3137 651 3187 1111111
663 3137 760 3186 Fraus
814 3138 887 3187 tinas
903 3136 1001 3188 Pollux
1020 3137 1161 3189 Onomast.
1180 3140 1234 3200 VI,
1252 3140 1296 3191 84.
1320 3143 1355 3200 Χ,

219 3205 761 3273 Ε1ουιατι11.ΕρίρταρΙ111.113321-
813 3207 846 3258 82
869 3207 953 3258 refert
983 3199 1115 3272 χεύματα.
1157 3177 1356 3273 „comparanti

220 3278 253 3328 In
268 3293 343 3342 seqq.
355 3277 445 3327 verbis
458 3293 566 3327 sensum
568 3276 665 3342 'magis
679 3292 759 3342 quam
813 3277 925 3328 Homeri
936 3277 1026 3328 locum
1039 3279 1081 3329 Ili.
1090 3248 1193 3344 XXIlI,
1206 3281 1254 3331 561
1269 3281 1356 3331 videri

219 3347 424 3410 grammaticam
461 3351 626 3398 structuram
662 3349 762 3398 Noster
812 3352 927 3412 possunt
938 3364 973 3398 ne
984 3363 1052 3400 vasa
1065 3349 1174 3413 quidem
1186 3351 1285 3410 tuisse
1306 3352 1353 3400 sod

218 3417 350 3482 respexit3
369 3433 430 3468 cum
448 3417 518 3468 enim
544 3417 671 3469 dixisset:
696 3431 761 3480 φα·
811 3433 918 3469 massae
933 3420 1041 3483 argenti
1053 3420 1220 3470 orbiculatae
1232 3421 1353 3470 sormae‘

218 3485 333 3572 μένων
365 3480 440 3537 εἶναι
475 3479 628 3550 ἀνάθημα,
658 3487 759 3553 pergit:
811 3489 925 3570 Ussing.
944 3489 995 3539 1..1
1014 3505 1078 3555 pag.
1098 3489 1158 3541 160.

218 3548 271 3607 οὐκ
301 3549 398 3622 ὀρθῶς
426 3555 594 3638 λέγοντες
621 3574 647 3608 κ.
673 3573 695 3607 τ,
725 3556 760 3612 t..
846 3551 878 3608 τὸ
899 3554 1012 3638 Δελφοὶ
1035 3557 1085 3622 τῆς
1114 3549 1277 3621 ἀρτοκόπου
1302 3554 1353 3620 τῆς

217 3629 264 3680 ubi
281 3629 461 3692 exspectabas
479 3621 618 3691 λεγόντων
629 3627 673 3679 vel
685 3627 759 3678 aliud
811 3627 938 3688 Κροίσου
932 3621 1049 3678 εἰκόνα
1064 3623 1173 3691 λέγουσι
1186 3619 1271 3689 εἶναι]
1284 3625 1352 3674 Cen-

218 3700 293 3764 quid.
318 3699 360 3750 Oi.
378 3699 435 3750 Jul.
456 3698 561 3750 Geisler
584 3700 626 3748 De
645 3699 757 3749 Graece.
810 3714 882 3760 sam,
909 3696 1029 3749 curtalo
1054 3696 1225 3747 simulacrum
1245 3694 1351 3744 dedica-

216 3769 361 3820 nominatt.
379 3769 511 3818 absolutt.
529 3785 582 3832 p.
576 3768 618 3819 33.
809 3769 879 3818 verit
894 3768 1023 3824 Croesus,
1043 3766 1130 3830 aperit
1141 3763 1303 3814 Plutarchus
1317 3765 1351 3814 de

252 3835 503 3893 Λακεδαιμονίοισι
521 3828 692 3900 βουλόμενος
710 3852 758 3900 χα·
808 3837 889 3901 Pyth.
904 3851 991 3886 orscc.
997 3836 1075 3918 'Opp
1087 3836 1120 3885 Τ.
1132 3834 1170 3884 ΙΙ.
1181 3834 1349 3898 [1111140111.

218 3904 356 3966 μίξεσθαι]
379 3906 442 3956 Una
459 3907 559 3959 Aldina
577 3911 605 3956 et
626 3911 759 3972 quotquot
809 3907 939 3957 Servatus
961 3905 1030 3954 enim
1053 3904 1105 3954 fuit
1128 3919 1175 3967 per
1200 3903 1273 3953 illius
1293 3919 1350 3954 mu·

215 3976 279 4027 inde
297 3976 444 4024 fluxerunt.
464 3973 646 4039 χαοίσασθαι.
674 3976 758 4026 Medi·
807 3975 882 4025 lieris
912 3973 1004 4033 fidem,
1035 3989 1096 4023 cum
1122 3989 1240 4023 noverca
1270 3989 1350 4024 vene-

216 4061 280 4096 oeus
309 4061 342 4094 ao
369 4043 465 4108 reliqui
492 4044 555 4094 libri
583 4043 756 4108 χαρίζεσθαι,
808 4049 873 4094 nato
892 4058 961 4107 pene
973 4057 1033 4093 eum
1046 4042 1196 4094 interficere
1207 4043 1349 4094 voluisset.

217 4115 289 4179 quod
307 4113 413 4164 reduxit
432 4115 644 4176 Wesselinuius⁹
670 4131 757 4178 aquo
809 4113 887 4176 Quod
906 4113 941 4162 ad
964 4113 1109 4176 imaginem
1131 4115 1218 4178 ipsam
1241 4115 1349 4176 attinet,

216 4201 264 4234 cru·
280 4183 441 4234 recesserint
460 4184 611 4244 Schweiph.
630 4189 658 4234 et
670 4185 756 4236 Gaius.
808 4185 866 4242 iure
883 4181 935 4232 hoc
954 4182 1091 4246 exemplo,
1109 4189 1140 4232 ut
1158 4185 1204 4233 Gr.
1226 4185 1349 4248 adnotat,

215 4253 292 4304 libris
310 4253 417 4312 invitis,
441 4253 542 4304 nullam
561 4254 683 4318 equidem
702 4255 758 4305 ido·
808 4267 874 4304 usus
897 4257 939 4302 est
961 4253 1131 4304 Hennanuns
1156 4254 1184 4302 in
1202 4253 1271 4304 libro
1292 4253 1350 4305 lau·

215 4339 293 4374 neam
311 4323 446 4386 perspicio
464 4338 584 4374 causam.
620 4324 758 4387 Rescripsi
810 4323 866 4374 dut.
888 4337 952 4389 pag.
975 4323 1040 4382 205,
1068 4338 1122 4387 qno
1149 4322 1254 4374 scilicet
1275 4341 1348 4375 mon·

216 4409 277 4448 cum
296 4392 430 4446 Matthias
448 4391 623 4458 χαρίζεσθαι.
642 4420 676 4430 -
704 4393 757 4445 No·
809 4397 926 4457 straret,
955 4393 1146 4458 antiquissima
1172 4394 1227 4444 iam
1259 4399 1350 4447 aetate
