<?xml version="1.0" encoding="UTF-8"?>
<!DOCTYPE html PUBLIC "-//W3C//DTD XHTML 1.0 Transitional//EN"
    "http://www.w3.org/TR/xhtml1/DTD/xhtml1-transitional.dtd">
<html xmlns="http://www.w3.org/1999/xhtml" xml:lang="en" lang="en">
 <head>
  <title>
</title>
<meta http-equiv="Content-Type" content="text/html;charset=utf-8" />
  <meta name='ocr-system' content='tesseract 3.04.00' />
  <meta name='ocr-capabilities' content='ocr_page ocr_carea ocr_par ocr_line ocrx_word'/>
</head>
<body>
  <div class='ocr_page' id='page_1' title='image "./herodotihalicar00bhgoog_0728.png"; bbox 0 0 3032 4916; ppageno 0'>
   <div class='ocr_carea' id='block_1_1' title="bbox 515 269 1270 332">
    <p class='ocr_par' dir='ltr' id='par_1_1' title="bbox 515 269 1270 332">
     <span class='ocr_line' id='line_1_1' title="bbox 515 269 1270 332; baseline 0.001 -5"><span class='ocrx_word' id='word_1_1' title='bbox 515 269 762 329; x_wconf 71' lang='lat' dir='ltr'><strong>EU&#39;PERPE.</strong></span> <span class='ocrx_word' id='word_1_2' title='bbox 783 269 824 327; x_wconf 89' lang='lat' dir='ltr'><strong>ll.</strong></span> <span class='ocrx_word' id='word_1_3' title='bbox 850 278 906 332; x_wconf 73' lang='lat'><strong>123.</strong></span> <span class='ocrx_word' id='word_1_4' title='bbox 1215 269 1270 328; x_wconf 73' lang='lat' dir='ltr'><strong>tut</strong></span> 
     </span>
    </p>
   </div>
   <div class='ocr_carea' id='block_1_2' title="bbox 120 435 1277 736">
    <p class='ocr_par' dir='ltr' id='par_1_2' title="bbox 120 435 1277 736">
     <span class='ocr_line' id='line_1_2' title="bbox 143 435 1277 531; baseline -0.007 -18"><span class='ocrx_word' id='word_1_5' title='bbox 143 443 183 514; x_wconf 82' lang='grc' dir='ltr'><strong>τὰ</strong></span> <span class='ocrx_word' id='word_1_6' title='bbox 204 443 369 531; x_wconf 80' lang='grc' dir='ltr'><strong>λεγόμενα</strong></span> <span class='ocrx_word' id='word_1_7' title='bbox 382 436 444 509; x_wconf 78' lang='grc' dir='ltr'><strong>ὑπ’</strong></span> <span class='ocrx_word' id='word_1_8' title='bbox 462 438 612 510; x_wconf 78' lang='grc' dir='ltr'><em>ἑκάστων</em></span> <span class='ocrx_word' id='word_1_9' title='bbox 624 438 708 529; x_wconf 74' lang='grc' dir='ltr'><em>ἀκοῇ</em></span> <span class='ocrx_word' id='word_1_10' title='bbox 727 441 856 530; x_wconf 71' lang='grc' dir='ltr'><em>γράφω.</em></span> <span class='ocrx_word' id='word_1_11' title='bbox 898 435 1136 528; x_wconf 76' lang='grc' dir='ltr'>ἆρχηγιτιιῖιιν</span> <span class='ocrx_word' id='word_1_12' title='bbox 1150 436 1186 506; x_wconf 83' lang='lat' dir='ltr'><strong>dl</strong></span> <span class='ocrx_word' id='word_1_13' title='bbox 1208 442 1277 506; x_wconf 83' lang='lat' dir='ltr'><strong>rein</strong></span> 
     </span>
     <span class='ocr_line' id='line_1_3' title="bbox 120 541 1276 634; baseline -0.005 -18"><span class='ocrx_word' id='word_1_14' title='bbox 120 551 124 558; x_wconf 75' lang='grc'><em>’</em></span> <span class='ocrx_word' id='word_1_15' title='bbox 144 550 234 616; x_wconf 79' lang='grc' dir='ltr'><strong><em>κάτω</em></strong></span> <span class='ocrx_word' id='word_1_16' title='bbox 253 546 432 633; x_wconf 76' lang='grc' dir='ltr'>Αἰγύπτιοι</span> <span class='ocrx_word' id='word_1_17' title='bbox 454 548 587 632; x_wconf 76' lang='grc' dir='ltr'>λέγουσι</span> <span class='ocrx_word' id='word_1_18' title='bbox 603 543 765 634; x_wconf 74' lang='grc' dir='ltr'><em>Δήμητρα</em></span> <span class='ocrx_word' id='word_1_19' title='bbox 781 545 834 612; x_wconf 76' lang='lat' dir='ltr'><strong>md</strong></span> <span class='ocrx_word' id='word_1_20' title='bbox 859 541 1040 612; x_wconf 73' lang='grc' dir='ltr'>Διόνυσον.</span> <span class='ocrx_word' id='word_1_21' title='bbox 1080 545 1212 630; x_wconf 78' lang='grc' dir='ltr'><strong><em>Πρῶτοι</em></strong></span> <span class='ocrx_word' id='word_1_22' title='bbox 1238 541 1276 610; x_wconf 72' lang='lat' dir='ltr'><strong>de</strong></span> 
     </span>
     <span class='ocr_line' id='line_1_4' title="bbox 144 639 1276 736; baseline -0.008 -15"><span class='ocrx_word' id='word_1_23' title='bbox 144 654 200 722; x_wconf 81' lang='grc' dir='ltr'><strong>καὶ</strong></span> <span class='ocrx_word' id='word_1_24' title='bbox 221 650 320 720; x_wconf 79' lang='grc' dir='ltr'><strong><em>τόνδε</em></strong></span> <span class='ocrx_word' id='word_1_25' title='bbox 334 647 394 717; x_wconf 81' lang='grc' dir='ltr'><strong>τὸν</strong></span> <span class='ocrx_word' id='word_1_26' title='bbox 407 646 509 736; x_wconf 82' lang='grc' dir='ltr'><strong><em>λόγον</em></strong></span> <span class='ocrx_word' id='word_1_27' title='bbox 527 647 711 734; x_wconf 77' lang='grc' dir='ltr'><strong>Αἰγύπτιοί</strong></span> <span class='ocrx_word' id='word_1_28' title='bbox 723 655 786 716; x_wconf 77' lang='lat' dir='ltr'><strong>aior</strong></span> <span class='ocrx_word' id='word_1_29' title='bbox 802 651 836 717; x_wconf 78' lang='lat' dir='ltr'><strong>ul</strong></span> <span class='ocrx_word' id='word_1_30' title='bbox 846 647 1012 728; x_wconf 69' lang='grc' dir='ltr'>εἰπόντες,</span> <span class='ocrx_word' id='word_1_31' title='bbox 1032 639 1076 724; x_wconf 74' lang='grc' dir='ltr'><strong>ὡς</strong></span> <span class='ocrx_word' id='word_1_32' title='bbox 1089 640 1276 732; x_wconf 71' lang='grc' dir='ltr'><strong>ἀνθρώπου</strong></span> 
     </span>
    </p>
   </div>
   <div class='ocr_carea' id='block_1_3' title="bbox 144 841 1278 1545">
    <p class='ocr_par' dir='ltr' id='par_1_3' title="bbox 144 841 1277 988">
     <span class='ocr_line' id='line_1_5' title="bbox 144 841 1277 918; baseline -0.006 -17"><span class='ocrx_word' id='word_1_33' title='bbox 144 855 230 918; x_wconf 82' lang='grc' dir='ltr'>(τοῖσι</span> <span class='ocrx_word' id='word_1_34' title='bbox 246 845 299 916; x_wconf 72' lang='grc' dir='ltr'><strong>μὲν</strong></span> <span class='ocrx_word' id='word_1_35' title='bbox 317 849 372 900; x_wconf 76' lang='grc' dir='ltr'><strong>νῦν</strong></span> <span class='ocrx_word' id='word_1_36' title='bbox 391 841 443 900; x_wconf 74' lang='grc' dir='ltr'><strong>ὑπ’</strong></span> <span class='ocrx_word' id='word_1_37' title='bbox 464 845 627 913; x_wconf 75' lang='grc' dir='ltr'><strong><em>Αἰγυπτίων</em></strong></span> <span class='ocrx_word' id='word_1_38' title='bbox 643 849 685 898; x_wconf 80' lang='grc' dir='ltr'><strong>λε·</strong></span> <span class='ocrx_word' id='word_1_39' title='bbox 735 851 812 914; x_wconf 87' lang='lat' dir='ltr'><strong>piant</strong></span> <span class='ocrx_word' id='word_1_40' title='bbox 841 845 956 912; x_wconf 76' lang='lat' dir='ltr'>indeque</span> <span class='ocrx_word' id='word_1_41' title='bbox 988 846 1046 896; x_wconf 85' lang='lat' dir='ltr'><strong>inre</strong></span> <span class='ocrx_word' id='word_1_42' title='bbox 1078 843 1171 894; x_wconf 74' lang='lat' dir='ltr'><strong>iusseris</strong></span> <span class='ocrx_word' id='word_1_43' title='bbox 1201 859 1277 910; x_wconf 79' lang='lat' dir='ltr'><strong>perm-</strong></span> 
     </span>
     <span class='ocr_line' id='line_1_6' title="bbox 144 912 1053 988; baseline -0.003 -18"><span class='ocrx_word' id='word_1_44' title='bbox 144 919 289 988; x_wconf 74' lang='grc' dir='ltr'>γομένοισι</span> <span class='ocrx_word' id='word_1_45' title='bbox 312 913 448 984; x_wconf 75' lang='grc' dir='ltr'><em>χράσθω,</em></span> <span class='ocrx_word' id='word_1_46' title='bbox 477 913 546 986; x_wconf 81' lang='grc' dir='ltr'><strong><em>ὅτεῳ</em></strong></span> <span class='ocrx_word' id='word_1_47' title='bbox 571 912 605 968; x_wconf 77' lang='grc' dir='ltr'><strong>τὰ</strong></span> <span class='ocrx_word' id='word_1_48' title='bbox 628 933 685 968; x_wconf 85' lang='grc' dir='ltr'>τοι·</span> <span class='ocrx_word' id='word_1_49' title='bbox 736 921 800 968; x_wconf 85' lang='lat' dir='ltr'><strong>sint.</strong></span> <span class='ocrx_word' id='word_1_50' title='bbox 1048 975 1053 988; x_wconf 35' lang='grc' dir='ltr'>Ι</span> 
     </span>
    </p>

    <p class='ocr_par' dir='ltr' id='par_1_4' title="bbox 144 975 1278 1545">
     <span class='ocr_line' id='line_1_7' title="bbox 144 975 1277 1052; baseline -0.009 -10"><span class='ocrx_word' id='word_1_51' title='bbox 144 991 218 1042; x_wconf 77' lang='grc' dir='ltr'><em>αὐτα</em></span> <span class='ocrx_word' id='word_1_52' title='bbox 236 985 349 1040; x_wconf 77' lang='grc' dir='ltr'>πιθανά</span> <span class='ocrx_word' id='word_1_53' title='bbox 368 981 439 1047; x_wconf 71' lang='grc' dir='ltr'>ἔστι)</span> <span class='ocrx_word' id='word_1_54' title='bbox 457 991 526 1040; x_wconf 91' lang='lat' dir='ltr'><strong>satis</strong></span> <span class='ocrx_word' id='word_1_55' title='bbox 546 989 686 1039; x_wconf 86' lang='lat' dir='ltr'><strong>declarant</strong></span> <span class='ocrx_word' id='word_1_56' title='bbox 774 984 887 1052; x_wconf 72' lang='grc' dir='ltr'>Πρῶτοι</span> <span class='ocrx_word' id='word_1_57' title='bbox 905 979 937 1032; x_wconf 77' lang='lat' dir='ltr'><strong>di</strong></span> <span class='ocrx_word' id='word_1_58' title='bbox 955 979 1001 1032; x_wconf 79' lang='lat' dir='ltr'><strong>sui</strong></span> <span class='ocrx_word' id='word_1_59' title='bbox 1022 981 1104 1032; x_wconf 73' lang='lat' dir='ltr'><strong>ros-de</strong></span> <span class='ocrx_word' id='word_1_60' title='bbox 1126 975 1277 1048; x_wconf 77' lang='grc' dir='ltr'><strong>τὸνλόγον</strong></span> 
     </span>
     <span class='ocr_line' id='line_1_8' title="bbox 145 1055 1277 1122; baseline -0.009 -10"><span class='ocrx_word' id='word_1_61' title='bbox 145 1063 240 1112; x_wconf 87' lang='lat' dir='ltr'><strong>Nostri</strong></span> <span class='ocrx_word' id='word_1_62' title='bbox 265 1061 384 1111; x_wconf 87' lang='lat' dir='ltr'><strong>animum</strong></span> <span class='ocrx_word' id='word_1_63' title='bbox 406 1075 456 1110; x_wconf 87' lang='lat' dir='ltr'><strong>nec</strong></span> <span class='ocrx_word' id='word_1_64' title='bbox 477 1058 613 1110; x_wconf 85' lang='lat' dir='ltr'><strong>credulum</strong></span> <span class='ocrx_word' id='word_1_65' title='bbox 636 1073 686 1108; x_wconf 86' lang='lat' dir='ltr'><strong>neo</strong></span> <span class='ocrx_word' id='word_1_66' title='bbox 738 1073 763 1106; x_wconf 82' lang='grc' dir='ltr'><strong>κ.</strong></span> <span class='ocrx_word' id='word_1_67' title='bbox 784 1073 807 1107; x_wconf 85' lang='lat' dir='ltr'><strong>r.</strong></span> <span class='ocrx_word' id='word_1_68' title='bbox 831 1055 868 1122; x_wconf 86' lang='grc'><strong>1.]</strong></span> <span class='ocrx_word' id='word_1_69' title='bbox 892 1056 954 1104; x_wconf 88' lang='lat' dir='ltr'><strong>Hoc</strong></span> <span class='ocrx_word' id='word_1_70' title='bbox 978 1069 1041 1103; x_wconf 78' lang='lat' dir='ltr'><strong>nunt</strong></span> <span class='ocrx_word' id='word_1_71' title='bbox 1063 1067 1126 1102; x_wconf 81' lang='lat' dir='ltr'><strong>uere</strong></span> <span class='ocrx_word' id='word_1_72' title='bbox 1151 1059 1277 1119; x_wconf 81' lang='lat' dir='ltr'><strong>reeteque</strong></span> 
     </span>
     <span class='ocr_line' id='line_1_9' title="bbox 145 1123 1278 1196; baseline -0.009 -14"><span class='ocrx_word' id='word_1_73' title='bbox 145 1131 338 1196; x_wconf 79' lang='lat' dir='ltr'><strong>superstitione</strong></span> <span class='ocrx_word' id='word_1_74' title='bbox 350 1135 473 1194; x_wconf 87' lang='lat' dir='ltr'><strong>captum,</strong></span> <span class='ocrx_word' id='word_1_75' title='bbox 493 1135 524 1178; x_wconf 92' lang='lat' dir='ltr'><strong>ut</strong></span> <span class='ocrx_word' id='word_1_76' title='bbox 535 1127 689 1178; x_wconf 88' lang='lat' dir='ltr'><strong>huiusmodi</strong></span> <span class='ocrx_word' id='word_1_77' title='bbox 739 1128 841 1176; x_wconf 89' lang='lat' dir='ltr'><strong>dictum</strong></span> <span class='ocrx_word' id='word_1_78' title='bbox 859 1127 905 1188; x_wconf 89' lang='lat' dir='ltr'><strong>sit,</strong></span> <span class='ocrx_word' id='word_1_79' title='bbox 924 1125 946 1172; x_wconf 89' lang='lat' dir='ltr'><strong>si</strong></span> <span class='ocrx_word' id='word_1_80' title='bbox 960 1137 1134 1188; x_wconf 84' lang='lat' dir='ltr'><strong>quaeramus:</strong></span> <span class='ocrx_word' id='word_1_81' title='bbox 1157 1123 1183 1172; x_wconf 91' lang='lat' dir='ltr'><strong>id</strong></span> <span class='ocrx_word' id='word_1_82' title='bbox 1197 1137 1278 1172; x_wconf 78' lang='lat' dir='ltr'><strong>unuin</strong></span> 
     </span>
     <span class='ocr_line' id='line_1_10' title="bbox 146 1191 1277 1262; baseline -0.009 -11"><span class='ocrx_word' id='word_1_83' title='bbox 146 1201 247 1252; x_wconf 85' lang='lat' dir='ltr'><strong>sabulis</strong></span> <span class='ocrx_word' id='word_1_84' title='bbox 265 1200 344 1250; x_wconf 89' lang='lat' dir='ltr'><strong>fldem</strong></span> <span class='ocrx_word' id='word_1_85' title='bbox 369 1200 498 1250; x_wconf 91' lang='lat' dir='ltr'><strong>continuo</strong></span> <span class='ocrx_word' id='word_1_86' title='bbox 521 1197 617 1249; x_wconf 87' lang='lat' dir='ltr'><strong>addat:</strong></span> <span class='ocrx_word' id='word_1_87' title='bbox 643 1201 688 1262; x_wconf 88' lang='lat' dir='ltr'><strong>qui</strong></span> <span class='ocrx_word' id='word_1_88' title='bbox 740 1213 787 1262; x_wconf 91' lang='lat' dir='ltr'><strong>pro</strong></span> <span class='ocrx_word' id='word_1_89' title='bbox 808 1201 882 1246; x_wconf 88' lang='lat' dir='ltr'><strong>certo</strong></span> <span class='ocrx_word' id='word_1_90' title='bbox 900 1192 991 1244; x_wconf 81' lang='lat' dir='ltr'><strong>afferri</strong></span> <span class='ocrx_word' id='word_1_91' title='bbox 1010 1207 1089 1258; x_wconf 87' lang='lat' dir='ltr'><strong>possa</strong></span> <span class='ocrx_word' id='word_1_92' title='bbox 1106 1193 1146 1242; x_wconf 89' lang='lat' dir='ltr'><strong>ait</strong></span> <span class='ocrx_word' id='word_1_93' title='bbox 1166 1191 1277 1242; x_wconf 76' lang='lat' dir='ltr'><strong>ll&#39;illrin-</strong></span> 
     </span>
     <span class='ocr_line' id='line_1_11' title="bbox 145 1263 1276 1332; baseline -0.007 -10"><span class='ocrx_word' id='word_1_94' title='bbox 145 1272 312 1322; x_wconf 87' lang='lat' dir='ltr'><strong>licettotiua</strong></span> <span class='ocrx_word' id='word_1_95' title='bbox 331 1269 497 1320; x_wconf 72' lang='lat' dir='ltr'><strong>narrationis</strong></span> <span class='ocrx_word' id='word_1_96' title='bbox 514 1269 593 1318; x_wconf 92' lang='lat' dir='ltr'><strong>initio</strong></span> <span class='ocrx_word' id='word_1_97' title='bbox 611 1269 688 1332; x_wconf 84' lang='lat' dir='ltr'><strong>(cap.</strong></span> <span class='ocrx_word' id='word_1_98' title='bbox 739 1281 797 1316; x_wconf 87' lang='lat' dir='ltr'><strong>son.</strong></span> <span class='ocrx_word' id='word_1_99' title='bbox 819 1266 1028 1331; x_wconf 83' lang='lat' dir='ltr'><strong>(Mannersete.</strong></span> <span class='ocrx_word' id='word_1_100' title='bbox 1050 1277 1104 1313; x_wconf 86' lang='lat' dir='ltr'><strong>soe.</strong></span> <span class='ocrx_word' id='word_1_101' title='bbox 1124 1277 1175 1314; x_wconf 84' lang='lat' dir='ltr'><strong>ser.</strong></span> <span class='ocrx_word' id='word_1_102' title='bbox 1201 1263 1224 1312; x_wconf 88' lang='lat'><strong>1.</strong></span> <span class='ocrx_word' id='word_1_103' title='bbox 1250 1279 1276 1328; x_wconf 83' lang='lat' dir='ltr'><strong>p.</strong></span> 
     </span>
     <span class='ocr_line' id='line_1_12' title="bbox 149 1331 1278 1406; baseline -0.01 -13"><span class='ocrx_word' id='word_1_104' title='bbox 149 1341 208 1406; x_wconf 80' lang='lat'>121)</span> <span class='ocrx_word' id='word_1_105' title='bbox 229 1341 283 1390; x_wconf 89' lang='lat' dir='ltr'><strong>iam</strong></span> <span class='ocrx_word' id='word_1_106' title='bbox 300 1341 438 1404; x_wconf 81' lang='lat' dir='ltr'><strong>professus</strong></span> <span class='ocrx_word' id='word_1_107' title='bbox 456 1340 493 1388; x_wconf 88' lang='lat' dir='ltr'><strong>sit</strong></span> <span class='ocrx_word' id='word_1_108' title='bbox 506 1353 536 1388; x_wconf 87' lang='lat' dir='ltr'><strong>ae</strong></span> <span class='ocrx_word' id='word_1_109' title='bbox 551 1337 618 1387; x_wconf 86' lang='lat' dir='ltr'><strong>haec</strong></span> <span class='ocrx_word' id='word_1_110' title='bbox 634 1352 688 1386; x_wconf 90' lang='lat' dir='ltr'><strong>om·</strong></span> <span class='ocrx_word' id='word_1_111' title='bbox 739 1337 788 1386; x_wconf 74' lang='lat'><strong>‘211</strong></span> <span class='ocrx_word' id='word_1_112' title='bbox 809 1351 867 1399; x_wconf 88' lang='lat' dir='ltr'><strong>seq.</strong></span> <span class='ocrx_word' id='word_1_113' title='bbox 886 1331 948 1384; x_wconf 93' lang='lat' dir='ltr'><strong>coll.</strong></span> <span class='ocrx_word' id='word_1_114' title='bbox 969 1347 1030 1398; x_wconf 73' lang='lat' dir='ltr'><strong>pag.</strong></span> <span class='ocrx_word' id='word_1_115' title='bbox 1052 1333 1103 1384; x_wconf 78' lang='grc'><strong>3111</strong></span> <span class='ocrx_word' id='word_1_116' title='bbox 1123 1333 1203 1398; x_wconf 80' lang='lat' dir='ltr'><strong>seq),</strong></span> <span class='ocrx_word' id='word_1_117' title='bbox 1227 1335 1278 1382; x_wconf 85' lang='lat' dir='ltr'><strong>lle·</strong></span> 
     </span>
     <span class='ocr_line' id='line_1_13' title="bbox 146 1401 1277 1476; baseline -0.008 -15"><span class='ocrx_word' id='word_1_118' title='bbox 146 1411 192 1461; x_wconf 90' lang='lat' dir='ltr'><strong>nia</strong></span> <span class='ocrx_word' id='word_1_119' title='bbox 216 1426 249 1460; x_wconf 89' lang='lat' dir='ltr'><strong>ex</strong></span> <span class='ocrx_word' id='word_1_120' title='bbox 277 1411 472 1476; x_wconf 78' lang='lat' dir='ltr'><strong>Acgyptiorum</strong></span> <span class='ocrx_word' id='word_1_121' title='bbox 501 1423 547 1459; x_wconf 91' lang='lat' dir='ltr'><strong>ore</strong></span> <span class='ocrx_word' id='word_1_122' title='bbox 574 1411 689 1471; x_wconf 87' lang='lat' dir='ltr'><strong>accepta</strong></span> <span class='ocrx_word' id='word_1_123' title='bbox 738 1405 892 1470; x_wconf 79' lang='lat' dir='ltr'><strong>gyptiornm</strong></span> <span class='ocrx_word' id='word_1_124' title='bbox 918 1403 1109 1464; x_wconf 84' lang='lat' dir='ltr'><strong>monumentis,</strong></span> <span class='ocrx_word' id='word_1_125' title='bbox 1134 1417 1204 1468; x_wconf 90' lang='lat' dir='ltr'><strong>quae</strong></span> <span class='ocrx_word' id='word_1_126' title='bbox 1232 1401 1277 1452; x_wconf 79' lang='lat' dir='ltr'><strong>arl-</strong></span> 
     </span>
     <span class='ocr_line' id='line_1_14' title="bbox 146 1471 1277 1545; baseline -0.007 -15"><span class='ocrx_word' id='word_1_127' title='bbox 146 1481 252 1543; x_wconf 68' lang='lat' dir='ltr'><strong>tradere</strong></span> <span class='ocrx_word' id='word_1_128' title='bbox 270 1480 387 1545; x_wconf 78' lang='lat' dir='ltr'>indeque</span> <span class='ocrx_word' id='word_1_129' title='bbox 406 1481 487 1530; x_wconf 91' lang='lat' dir='ltr'><strong>etiam</strong></span> <span class='ocrx_word' id='word_1_130' title='bbox 505 1477 639 1528; x_wconf 88' lang='lat' dir='ltr'><strong>indirecto</strong></span> <span class='ocrx_word' id='word_1_131' title='bbox 658 1481 689 1526; x_wconf 88' lang='lat' dir='ltr'><strong>ut</strong></span> <span class='ocrx_word' id='word_1_132' title='bbox 739 1475 790 1524; x_wconf 80' lang='lat' dir='ltr'><strong>linc</strong></span> <span class='ocrx_word' id='word_1_133' title='bbox 805 1474 915 1540; x_wconf 77' lang='lat' dir='ltr'><strong>cognitu</strong></span> <span class='ocrx_word' id='word_1_134' title='bbox 934 1477 1011 1534; x_wconf 90' lang='lat' dir='ltr'><strong>sunt,</strong></span> <span class='ocrx_word' id='word_1_135' title='bbox 1030 1471 1227 1538; x_wconf 68' lang='lat' dir='ltr'><strong>antiquissimis</strong></span> <span class='ocrx_word' id='word_1_136' title='bbox 1240 1477 1277 1522; x_wconf 88' lang='lat' dir='ltr'><strong>tn-</strong></span> 
     </span>
    </p>
   </div>
   <div class='ocr_carea' id='block_1_4' title="bbox 110 1546 694 3570">
    <p class='ocr_par' dir='ltr' id='par_1_5' title="bbox 110 1546 691 2158">
     <span class='ocr_line' id='line_1_15' title="bbox 110 1546 687 1613; baseline -0.009 -12"><span class='ocrx_word' id='word_1_137' title='bbox 110 1577 114 1582; x_wconf 95' lang='lat'><em>·</em></span> <span class='ocrx_word' id='word_1_138' title='bbox 146 1557 247 1601; x_wconf 84' lang='lat' dir='ltr'><strong>vocant</strong></span> <span class='ocrx_word' id='word_1_139' title='bbox 270 1565 392 1600; x_wconf 87' lang='lat' dir='ltr'><strong>sermone</strong></span> <span class='ocrx_word' id='word_1_140' title='bbox 415 1549 506 1600; x_wconf 90' lang='lat' dir='ltr'><strong>omnia</strong></span> <span class='ocrx_word' id='word_1_141' title='bbox 529 1546 687 1613; x_wconf 77' lang='lat' dir='ltr'><strong>prodiderit,</strong></span> 
     </span>
     <span class='ocr_line' id='line_1_16' title="bbox 148 1617 688 1670; baseline -0.007 0"><span class='ocrx_word' id='word_1_142' title='bbox 148 1621 218 1670; x_wconf 87' lang='lat' dir='ltr'><strong>idern</strong></span> <span class='ocrx_word' id='word_1_143' title='bbox 237 1621 265 1668; x_wconf 92' lang='lat' dir='ltr'><strong>in</strong></span> <span class='ocrx_word' id='word_1_144' title='bbox 280 1620 444 1670; x_wconf 80' lang='lat' dir='ltr'><strong>narrationis</strong></span> <span class='ocrx_word' id='word_1_145' title='bbox 461 1618 514 1668; x_wconf 91' lang='lat' dir='ltr'><strong>line</strong></span> <span class='ocrx_word' id='word_1_146' title='bbox 530 1619 628 1668; x_wconf 88' lang='lat' dir='ltr'><strong>iterum</strong></span> <span class='ocrx_word' id='word_1_147' title='bbox 643 1617 688 1666; x_wconf 88' lang='lat' dir='ltr'><strong>de·</strong></span> 
     </span>
     <span class='ocr_line' id='line_1_17' title="bbox 150 1688 690 1752; baseline -0.006 -13"><span class='ocrx_word' id='word_1_148' title='bbox 150 1689 306 1740; x_wconf 89' lang='lat' dir='ltr'><strong>clarandnm</strong></span> <span class='ocrx_word' id='word_1_149' title='bbox 325 1689 377 1738; x_wconf 88' lang='lat' dir='ltr'><strong>sibi</strong></span> <span class='ocrx_word' id='word_1_150' title='bbox 396 1692 489 1738; x_wconf 84' lang='lat' dir='ltr'><strong>conset</strong></span> <span class='ocrx_word' id='word_1_151' title='bbox 502 1688 623 1752; x_wconf 75' lang='lat' dir='ltr'><strong>adeoque</strong></span> <span class='ocrx_word' id='word_1_152' title='bbox 635 1701 690 1736; x_wconf 86' lang='lat' dir='ltr'><strong>em·</strong></span> 
     </span>
     <span class='ocr_line' id='line_1_18' title="bbox 148 1757 688 1825; baseline -0.006 -17"><span class='ocrx_word' id='word_1_153' title='bbox 148 1759 329 1825; x_wconf 83' lang='lat' dir='ltr'><strong>plificandnrn,</strong></span> <span class='ocrx_word' id='word_1_154' title='bbox 339 1764 379 1820; x_wconf 89' lang='lat' dir='ltr'><strong>nt,</strong></span> <span class='ocrx_word' id='word_1_155' title='bbox 390 1759 456 1824; x_wconf 92' lang='lat' dir='ltr'><strong>quid</strong></span> <span class='ocrx_word' id='word_1_156' title='bbox 467 1758 525 1822; x_wconf 83' lang='lat' dir='ltr'><strong>ipse</strong></span> <span class='ocrx_word' id='word_1_157' title='bbox 537 1759 570 1808; x_wconf 89' lang='lat' dir='ltr'><strong>de</strong></span> <span class='ocrx_word' id='word_1_158' title='bbox 580 1757 620 1806; x_wconf 88' lang='lat' dir='ltr'><strong>hia</strong></span> <span class='ocrx_word' id='word_1_159' title='bbox 631 1771 688 1806; x_wconf 86' lang='lat' dir='ltr'><strong>sen·</strong></span> 
     </span>
     <span class='ocr_line' id='line_1_19' title="bbox 149 1827 690 1893; baseline -0.007 -14"><span class='ocrx_word' id='word_1_160' title='bbox 149 1830 230 1892; x_wconf 85' lang='lat' dir='ltr'><strong>serit,</strong></span> <span class='ocrx_word' id='word_1_161' title='bbox 258 1829 304 1878; x_wconf 86' lang='lat' dir='ltr'><strong>vix</strong></span> <span class='ocrx_word' id='word_1_162' title='bbox 327 1843 487 1893; x_wconf 88' lang='lat' dir='ltr'><strong>quemqnam</strong></span> <span class='ocrx_word' id='word_1_163' title='bbox 511 1827 605 1891; x_wconf 81' lang='lat' dir='ltr'><strong>lugere</strong></span> <span class='ocrx_word' id='word_1_164' title='bbox 630 1841 690 1890; x_wconf 88' lang='lat' dir='ltr'><strong>pos·</strong></span> 
     </span>
     <span class='ocr_line' id='line_1_20' title="bbox 150 1897 690 1963; baseline -0.007 -14"><span class='ocrx_word' id='word_1_165' title='bbox 150 1900 196 1950; x_wconf 85' lang='lat' dir='ltr'><strong>ait.</strong></span> <span class='ocrx_word' id='word_1_166' title='bbox 232 1899 322 1963; x_wconf 82' lang='lat' dir='ltr'><strong>Atque</strong></span> <span class='ocrx_word' id='word_1_167' title='bbox 338 1898 390 1948; x_wconf 91' lang='lat' dir='ltr'><strong>buc</strong></span> <span class='ocrx_word' id='word_1_168' title='bbox 407 1898 489 1948; x_wconf 89' lang='lat' dir='ltr'><strong>etiam</strong></span> <span class='ocrx_word' id='word_1_169' title='bbox 504 1897 601 1958; x_wconf 88' lang='lat' dir='ltr'><strong>ralero,</strong></span> <span class='ocrx_word' id='word_1_170' title='bbox 621 1911 690 1960; x_wconf 88' lang='lat' dir='ltr'><strong>quas</strong></span> 
     </span>
     <span class='ocr_line' id='line_1_21' title="bbox 151 1966 690 2034; baseline -0.007 -16"><span class='ocrx_word' id='word_1_171' title='bbox 151 1985 211 2034; x_wconf 88' lang='lat' dir='ltr'><strong>cap.</strong></span> <span class='ocrx_word' id='word_1_172' title='bbox 232 1969 291 2019; x_wconf 77' lang='grc'><strong>121.</strong></span> <span class='ocrx_word' id='word_1_173' title='bbox 310 1972 335 2031; x_wconf 68' lang='grc' dir='ltr'><strong>ξ.</strong></span> <span class='ocrx_word' id='word_1_174' title='bbox 361 1969 377 2018; x_wconf 82' lang='lat'><strong>5</strong></span> <span class='ocrx_word' id='word_1_175' title='bbox 400 1966 520 2031; x_wconf 88' lang='lat' dir='ltr'><strong>reliquae</strong></span> <span class='ocrx_word' id='word_1_176' title='bbox 541 1966 690 2016; x_wconf 72' lang='lat' dir='ltr'><strong>narrationi</strong></span> 
     </span>
     <span class='ocr_line' id='line_1_22' title="bbox 150 2025 691 2117; baseline -0.009 -29"><span class='ocrx_word' id='word_1_177' title='bbox 150 2039 295 2117; x_wconf 74' lang='lat' dir='ltr'><strong>interiecta</strong></span> <span class='ocrx_word' id='word_1_178' title='bbox 323 2038 451 2102; x_wconf 81' lang='lat' dir='ltr'><strong>leguntur</strong></span> <span class='ocrx_word' id='word_1_179' title='bbox 482 2027 543 2100; x_wconf 76' lang='grc' dir='ltr'>ἐμοὶ</span> <span class='ocrx_word' id='word_1_180' title='bbox 574 2028 626 2099; x_wconf 66' lang='grc' dir='ltr'><strong>μὲν</strong></span> <span class='ocrx_word' id='word_1_181' title='bbox 656 2025 691 2084; x_wconf 80' lang='lat' dir='ltr'><strong>oei</strong></span> 
     </span>
     <span class='ocr_line' id='line_1_23' title="bbox 151 2121 245 2158; baseline -0.011 0"><span class='ocrx_word' id='word_1_182' title='bbox 151 2121 245 2158; x_wconf 78' lang='lat' dir='ltr'><strong>macru.</strong></span> 
     </span>
    </p>

    <p class='ocr_par' dir='ltr' id='par_1_6' title="bbox 147 2165 694 3570">
     <span class='ocr_line' id='line_1_24' title="bbox 184 2165 691 2242; baseline -0.01 -16"><span class='ocrx_word' id='word_1_183' title='bbox 184 2167 383 2242; x_wconf 63' lang='lat' dir='ltr'><strong>dqqueren&#39;rsr</strong></span> <span class='ocrx_word' id='word_1_184' title='bbox 405 2168 436 2224; x_wconf 75' lang='grc' dir='ltr'><strong>δὲ</strong></span> <span class='ocrx_word' id='word_1_185' title='bbox 463 2171 521 2222; x_wconf 80' lang='lat' dir='ltr'><strong>euin</strong></span> <span class='ocrx_word' id='word_1_186' title='bbox 544 2165 618 2222; x_wconf 79' lang='grc' dir='ltr'><strong><em>κάτω</em></strong></span> <span class='ocrx_word' id='word_1_187' title='bbox 645 2165 691 2222; x_wconf 80' lang='grc' dir='ltr'><strong>Αἰ-</strong></span> 
     </span>
     <span class='ocr_line' id='line_1_25' title="bbox 150 2233 692 2314; baseline -0.015 -16"><span class='ocrx_word' id='word_1_188' title='bbox 150 2242 264 2314; x_wconf 78' lang='grc' dir='ltr'>γύπτιοι</span> <span class='ocrx_word' id='word_1_189' title='bbox 283 2243 395 2310; x_wconf 76' lang='grc' dir='ltr'>λέγουσι</span> <span class='ocrx_word' id='word_1_190' title='bbox 412 2234 550 2308; x_wconf 77' lang='grc' dir='ltr'><strong><em>Δήμητρα</em></strong></span> <span class='ocrx_word' id='word_1_191' title='bbox 566 2237 614 2292; x_wconf 78' lang='lat' dir='ltr'><strong>sul</strong></span> <span class='ocrx_word' id='word_1_192' title='bbox 625 2233 692 2291; x_wconf 88' lang='grc' dir='ltr'>Διό-</span> 
     </span>
     <span class='ocr_line' id='line_1_26' title="bbox 151 2311 691 2383; baseline -0.009 -16"><span class='ocrx_word' id='word_1_193' title='bbox 151 2315 249 2383; x_wconf 78' lang='grc' dir='ltr'>νυσον]</span> <span class='ocrx_word' id='word_1_194' title='bbox 281 2315 300 2366; x_wconf 85' lang='grc'><strong>1.</strong></span> <span class='ocrx_word' id='word_1_195' title='bbox 327 2331 350 2366; x_wconf 92' lang='lat' dir='ltr'><strong>e.</strong></span> <span class='ocrx_word' id='word_1_196' title='bbox 374 2321 509 2366; x_wconf 81' lang='lat' dir='ltr'><strong>memorant</strong></span> <span class='ocrx_word' id='word_1_197' title='bbox 535 2321 615 2363; x_wconf 87' lang='lat' dir='ltr'><strong>nutem</strong></span> <span class='ocrx_word' id='word_1_198' title='bbox 639 2311 691 2362; x_wconf 83' lang='lat' dir='ltr'><strong>Ae-</strong></span> 
     </span>
     <span class='ocr_line' id='line_1_27' title="bbox 147 2383 692 2454; baseline -0.009 -17"><span class='ocrx_word' id='word_1_199' title='bbox 147 2388 242 2454; x_wconf 75' lang='lat' dir='ltr'><strong>ppptr’s&#39;,</strong></span> <span class='ocrx_word' id='word_1_200' title='bbox 264 2387 433 2450; x_wconf 74' lang='lat' dir='ltr'><strong>principatum</strong></span> <span class='ocrx_word' id='word_1_201' title='bbox 452 2383 522 2447; x_wconf 83' lang='lat' dir='ltr'><strong>apud</strong></span> <span class='ocrx_word' id='word_1_202' title='bbox 538 2384 636 2446; x_wconf 79' lang='lat' dir='ltr'><strong>inseror</strong></span> <span class='ocrx_word' id='word_1_203' title='bbox 656 2389 692 2432; x_wconf 89' lang='lat' dir='ltr'><strong>te·</strong></span> 
     </span>
     <span class='ocr_line' id='line_1_28' title="bbox 149 2445 692 2516; baseline -0.015 -8"><span class='ocrx_word' id='word_1_204' title='bbox 149 2474 210 2508; x_wconf 85' lang='lat' dir='ltr'><strong>nere</strong></span> <span class='ocrx_word' id='word_1_205' title='bbox 234 2457 349 2507; x_wconf 79' lang='lat' dir='ltr'><strong>Cererem</strong></span> <span class='ocrx_word' id='word_1_206' title='bbox 373 2464 399 2505; x_wconf 87' lang='lat' dir='ltr'><strong>et</strong></span> <span class='ocrx_word' id='word_1_207' title='bbox 420 2453 555 2507; x_wconf 73' lang='lat' dir='ltr'><strong>Beronum.</strong></span> <span class='ocrx_word' id='word_1_208' title='bbox 595 2445 692 2516; x_wconf 80' lang='grc' dir='ltr'><strong><em>Δήμη-</em></strong></span> 
     </span>
     <span class='ocr_line' id='line_1_29' title="bbox 148 2521 691 2592; baseline -0.015 -15"><span class='ocrx_word' id='word_1_209' title='bbox 148 2543 201 2592; x_wconf 76' lang='grc' dir='ltr'><strong>τρα</strong></span> <span class='ocrx_word' id='word_1_210' title='bbox 219 2541 233 2576; x_wconf 90' lang='lat' dir='ltr'><strong>e</strong></span> <span class='ocrx_word' id='word_1_211' title='bbox 252 2539 386 2576; x_wconf 86' lang='lat' dir='ltr'><strong>consensu</strong></span> <span class='ocrx_word' id='word_1_212' title='bbox 398 2523 543 2575; x_wconf 81' lang='lat' dir='ltr'><strong>ieraeodd.</strong></span> <span class='ocrx_word' id='word_1_213' title='bbox 560 2521 691 2584; x_wconf 85' lang='lat' dir='ltr'><strong>dedimus,</strong></span> 
     </span>
     <span class='ocr_line' id='line_1_30' title="bbox 150 2593 692 2662; baseline -0.011 -14"><span class='ocrx_word' id='word_1_214' title='bbox 150 2596 302 2662; x_wconf 79' lang='lat' dir='ltr'><strong>Schweigb.</strong></span> <span class='ocrx_word' id='word_1_215' title='bbox 325 2595 412 2646; x_wconf 86' lang='lat' dir='ltr'><strong>secuti</strong></span> <span class='ocrx_word' id='word_1_216' title='bbox 431 2599 512 2659; x_wconf 89' lang='lat' dir='ltr'><strong>atque</strong></span> <span class='ocrx_word' id='word_1_217' title='bbox 529 2593 692 2643; x_wconf 82' lang='lat' dir='ltr'><strong>Cranserum</strong></span> 
     </span>
     <span class='ocr_line' id='line_1_31' title="bbox 149 2661 690 2728; baseline -0.013 -11"><span class='ocrx_word' id='word_1_218' title='bbox 149 2667 178 2717; x_wconf 91' lang='lat' dir='ltr'><strong>in</strong></span> <span class='ocrx_word' id='word_1_219' title='bbox 203 2666 307 2718; x_wconf 85' lang='lat' dir='ltr'><strong>Corum.</strong></span> <span class='ocrx_word' id='word_1_220' title='bbox 333 2663 435 2715; x_wconf 89' lang='lat' dir='ltr'><strong>Herod.</strong></span> <span class='ocrx_word' id='word_1_221' title='bbox 462 2679 526 2728; x_wconf 77' lang='lat' dir='ltr'><strong>pag.</strong></span> <span class='ocrx_word' id='word_1_222' title='bbox 551 2661 603 2714; x_wconf 84' lang='grc'><strong>308</strong></span> <span class='ocrx_word' id='word_1_223' title='bbox 633 2665 690 2711; x_wconf 87' lang='grc' dir='ltr'>ιιοι.</span> 
     </span>
     <span class='ocr_line' id='line_1_32' title="bbox 151 2732 691 2800; baseline -0.013 -12"><span class='ocrx_word' id='word_1_224' title='bbox 151 2737 211 2800; x_wconf 82' lang='grc'><strong>291,</strong></span> <span class='ocrx_word' id='word_1_225' title='bbox 229 2737 276 2786; x_wconf 88' lang='lat' dir='ltr'><strong>ubi</strong></span> <span class='ocrx_word' id='word_1_226' title='bbox 300 2734 393 2800; x_wconf 88' lang='lat' dir='ltr'><strong>plura,</strong></span> <span class='ocrx_word' id='word_1_227' title='bbox 419 2734 550 2799; x_wconf 80' lang='lat' dir='ltr'><strong>probante</strong></span> <span class='ocrx_word' id='word_1_228' title='bbox 574 2732 691 2782; x_wconf 86' lang='lat' dir='ltr'><strong>Bredor.</strong></span> 
     </span>
     <span class='ocr_line' id='line_1_33' title="bbox 150 2793 692 2884; baseline -0.011 -27"><span class='ocrx_word' id='word_1_229' title='bbox 150 2821 214 2872; x_wconf 77' lang='lat' dir='ltr'><strong>pag.</strong></span> <span class='ocrx_word' id='word_1_230' title='bbox 229 2807 290 2856; x_wconf 76' lang='lat'><strong>255.</strong></span> <span class='ocrx_word' id='word_1_231' title='bbox 324 2807 378 2854; x_wconf 91' lang='lat' dir='ltr'><strong>Pro</strong></span> <span class='ocrx_word' id='word_1_232' title='bbox 390 2793 587 2884; x_wconf 61' lang='lat' dir='ltr'><strong>nlqpqysrssiesu</strong></span> <span class='ocrx_word' id='word_1_233' title='bbox 605 2802 692 2852; x_wconf 88' lang='lat' dir='ltr'><strong>Cobet</strong></span> 
     </span>
     <span class='ocr_line' id='line_1_34' title="bbox 151 2864 691 2940; baseline -0.006 -15"><span class='ocrx_word' id='word_1_234' title='bbox 151 2875 206 2940; x_wconf 76' lang='lat' dir='ltr'><strong>legi</strong></span> <span class='ocrx_word' id='word_1_235' title='bbox 223 2874 283 2925; x_wconf 78' lang='lat' dir='ltr'><strong>vult</strong></span> <span class='ocrx_word' id='word_1_236' title='bbox 305 2864 497 2938; x_wconf 67' lang='lat' dir='ltr'><strong>oipzqyeesesv,</strong></span> <span class='ocrx_word' id='word_1_237' title='bbox 523 2872 595 2938; x_wconf 92' lang='lat' dir='ltr'><strong>quod</strong></span> <span class='ocrx_word' id='word_1_238' title='bbox 617 2872 691 2922; x_wconf 85' lang='lat' dir='ltr'><strong>inve·</strong></span> 
     </span>
     <span class='ocr_line' id='line_1_35' title="bbox 152 2941 690 3008; baseline -0.006 -14"><span class='ocrx_word' id='word_1_239' title='bbox 152 2946 226 2995; x_wconf 89' lang='lat' dir='ltr'><strong>nitur</strong></span> <span class='ocrx_word' id='word_1_240' title='bbox 249 2945 277 2993; x_wconf 89' lang='lat' dir='ltr'><strong>in</strong></span> <span class='ocrx_word' id='word_1_241' title='bbox 296 2943 423 3008; x_wconf 83' lang='lat' dir='ltr'><strong>Sophocl.</strong></span> <span class='ocrx_word' id='word_1_242' title='bbox 447 2944 549 2995; x_wconf 80' lang='lat' dir='ltr'><strong>Electr.</strong></span> <span class='ocrx_word' id='word_1_243' title='bbox 574 2943 617 3004; x_wconf 85' lang='grc'><strong>83,</strong></span> <span class='ocrx_word' id='word_1_244' title='bbox 643 2941 690 2992; x_wconf 86' lang='lat' dir='ltr'><strong>scd</strong></span> 
     </span>
     <span class='ocr_line' id='line_1_36' title="bbox 153 3011 692 3078; baseline -0.004 -14"><span class='ocrx_word' id='word_1_245' title='bbox 153 3014 208 3064; x_wconf 86' lang='lat' dir='ltr'><strong>alia</strong></span> <span class='ocrx_word' id='word_1_246' title='bbox 225 3011 433 3078; x_wconf 80' lang='lat' dir='ltr'><strong>significatione.</strong></span> <span class='ocrx_word' id='word_1_247' title='bbox 469 3014 511 3063; x_wconf 89' lang='lat' dir='ltr'><strong>De</strong></span> <span class='ocrx_word' id='word_1_248' title='bbox 533 3017 692 3078; x_wconf 83' lang='lat' dir='ltr'><strong>argumento</strong></span> 
     </span>
     <span class='ocr_line' id='line_1_37' title="bbox 153 3083 690 3149; baseline 0 -15"><span class='ocrx_word' id='word_1_249' title='bbox 153 3085 302 3134; x_wconf 85' lang='lat' dir='ltr'><strong>Crenzerns</strong></span> <span class='ocrx_word' id='word_1_250' title='bbox 328 3083 450 3148; x_wconf 89' lang='lat' dir='ltr'><strong>disputat</strong></span> <span class='ocrx_word' id='word_1_251' title='bbox 473 3099 536 3149; x_wconf 84' lang='lat' dir='ltr'><strong>pag.</strong></span> <span class='ocrx_word' id='word_1_252' title='bbox 565 3083 612 3135; x_wconf 81' lang='grc'><strong>173</strong></span> <span class='ocrx_word' id='word_1_253' title='bbox 634 3099 690 3148; x_wconf 89' lang='lat' dir='ltr'><strong>seq.</strong></span> 
     </span>
     <span class='ocr_line' id='line_1_38' title="bbox 153 3153 693 3216; baseline -0.004 -12"><span class='ocrx_word' id='word_1_254' title='bbox 153 3153 218 3204; x_wconf 85' lang='grc' dir='ltr'><strong>31οι</strong></span> <span class='ocrx_word' id='word_1_255' title='bbox 246 3154 307 3214; x_wconf 84' lang='lat' dir='ltr'><strong>„De</strong></span> <span class='ocrx_word' id='word_1_256' title='bbox 330 3154 431 3204; x_wconf 78' lang='lat' dir='ltr'><strong>Herebo</strong></span> <span class='ocrx_word' id='word_1_257' title='bbox 454 3157 481 3203; x_wconf 89' lang='lat' dir='ltr'><strong>et</strong></span> <span class='ocrx_word' id='word_1_258' title='bbox 500 3155 607 3216; x_wconf 81' lang='lat' dir='ltr'><strong>Cerere,</strong></span> <span class='ocrx_word' id='word_1_259' title='bbox 632 3157 693 3203; x_wconf 87' lang='lat' dir='ltr'><strong>tan-</strong></span> 
     </span>
     <span class='ocr_line' id='line_1_39' title="bbox 154 3221 694 3289; baseline 0.002 -16"><span class='ocrx_word' id='word_1_260' title='bbox 154 3239 234 3289; x_wconf 90' lang='lat' dir='ltr'><strong>quam</strong></span> <span class='ocrx_word' id='word_1_261' title='bbox 251 3229 416 3274; x_wconf 88' lang='lat' dir='ltr'><strong>mortuorum</strong></span> <span class='ocrx_word' id='word_1_262' title='bbox 430 3221 562 3285; x_wconf 92' lang='lat' dir='ltr'><strong>dorninis,</strong></span> <span class='ocrx_word' id='word_1_263' title='bbox 581 3239 635 3274; x_wconf 91' lang='lat' dir='ltr'><strong>non</strong></span> <span class='ocrx_word' id='word_1_264' title='bbox 651 3228 694 3274; x_wconf 86' lang='lat' dir='ltr'><strong>ast</strong></span> 
     </span>
     <span class='ocr_line' id='line_1_40' title="bbox 154 3293 694 3360; baseline 0 -16"><span class='ocrx_word' id='word_1_265' title='bbox 154 3293 225 3360; x_wconf 91' lang='lat' dir='ltr'><strong>quod</strong></span> <span class='ocrx_word' id='word_1_266' title='bbox 235 3293 326 3343; x_wconf 86' lang='lat' dir='ltr'><strong>meltis</strong></span> <span class='ocrx_word' id='word_1_267' title='bbox 341 3295 431 3344; x_wconf 82' lang='lat' dir='ltr'><strong>verbis</strong></span> <span class='ocrx_word' id='word_1_268' title='bbox 449 3307 591 3358; x_wconf 84' lang='lat' dir='ltr'><strong>exponam.</strong></span> <span class='ocrx_word' id='word_1_269' title='bbox 623 3295 694 3344; x_wconf 82' lang='lat' dir='ltr'><strong>Sunt</strong></span> 
     </span>
     <span class='ocr_line' id='line_1_41' title="bbox 156 3363 690 3430; baseline 0.006 -18"><span class='ocrx_word' id='word_1_270' title='bbox 156 3365 238 3414; x_wconf 71' lang='lat' dir='ltr'><strong>Osiris</strong></span> <span class='ocrx_word' id='word_1_271' title='bbox 255 3370 282 3414; x_wconf 92' lang='lat' dir='ltr'><strong>et</strong></span> <span class='ocrx_word' id='word_1_272' title='bbox 300 3364 359 3428; x_wconf 79' lang='lat' dir='ltr'><strong>Isis,</strong></span> <span class='ocrx_word' id='word_1_273' title='bbox 383 3365 428 3430; x_wconf 91' lang='lat' dir='ltr'><strong>qui</strong></span> <span class='ocrx_word' id='word_1_274' title='bbox 450 3363 600 3414; x_wconf 77' lang='lat' dir='ltr'><strong>Amentlrcn</strong></span> <span class='ocrx_word' id='word_1_275' title='bbox 619 3364 648 3428; x_wconf 92' lang='lat' dir='ltr'><strong>(i.</strong></span> <span class='ocrx_word' id='word_1_276' title='bbox 666 3381 690 3415; x_wconf 95' lang='lat' dir='ltr'><strong>e.</strong></span> 
     </span>
     <span class='ocr_line' id='line_1_42' title="bbox 153 3433 693 3496; baseline 0 -12"><span class='ocrx_word' id='word_1_277' title='bbox 153 3433 271 3496; x_wconf 84' lang='lat' dir='ltr'><strong>inferos,</strong></span> <span class='ocrx_word' id='word_1_278' title='bbox 294 3439 364 3485; x_wconf 82' lang='lat' dir='ltr'><strong>teste</strong></span> <span class='ocrx_word' id='word_1_279' title='bbox 388 3433 534 3485; x_wconf 85' lang='lat' dir='ltr'><strong>Plutarcho</strong></span> <span class='ocrx_word' id='word_1_280' title='bbox 557 3433 590 3484; x_wconf 88' lang='lat' dir='ltr'><strong>dc</strong></span> <span class='ocrx_word' id='word_1_281' title='bbox 609 3435 646 3485; x_wconf 92' lang='lat' dir='ltr'><strong>Is.</strong></span> <span class='ocrx_word' id='word_1_282' title='bbox 666 3439 693 3484; x_wconf 89' lang='lat' dir='ltr'><strong>et</strong></span> 
     </span>
     <span class='ocr_line' id='line_1_43' title="bbox 154 3503 694 3570; baseline 0 -16"><span class='ocrx_word' id='word_1_283' title='bbox 154 3503 227 3554; x_wconf 85' lang='lat' dir='ltr'><strong>Osis.</strong></span> <span class='ocrx_word' id='word_1_284' title='bbox 256 3503 299 3554; x_wconf 79' lang='grc'><strong>211.</strong></span> <span class='ocrx_word' id='word_1_285' title='bbox 323 3521 387 3570; x_wconf 84' lang='lat' dir='ltr'><strong>pag.</strong></span> <span class='ocrx_word' id='word_1_286' title='bbox 409 3503 472 3566; x_wconf 80' lang='grc'><strong>362)</strong></span> <span class='ocrx_word' id='word_1_287' title='bbox 500 3509 636 3568; x_wconf 88' lang='lat' dir='ltr'><strong>occupant</strong></span> <span class='ocrx_word' id='word_1_288' title='bbox 666 3510 694 3555; x_wconf 92' lang='lat' dir='ltr'><strong>et</strong></span> 
     </span>
    </p>
   </div>
   <div class='ocr_carea' id='block_1_5' title="bbox 738 1541 1284 3570">
    <p class='ocr_par' dir='ltr' id='par_1_7' title="bbox 738 1541 1284 3570">
     <span class='ocr_line' id='line_1_44' title="bbox 739 1541 1278 1594; baseline -0.004 0"><span class='ocrx_word' id='word_1_289' title='bbox 739 1549 839 1594; x_wconf 88' lang='lat' dir='ltr'><strong>statam</strong></span> <span class='ocrx_word' id='word_1_290' title='bbox 857 1543 974 1593; x_wconf 88' lang='lat' dir='ltr'><strong>inveniri</strong></span> <span class='ocrx_word' id='word_1_291' title='bbox 993 1541 1061 1592; x_wconf 86' lang='lat' dir='ltr'><strong>hauc</strong></span> <span class='ocrx_word' id='word_1_292' title='bbox 1080 1545 1152 1594; x_wconf 86' lang='lat' dir='ltr'><strong>vitae</strong></span> <span class='ocrx_word' id='word_1_293' title='bbox 1171 1543 1278 1593; x_wconf 70' lang='lat' dir='ltr'><strong>luiturus</strong></span> 
     </span>
     <span class='ocr_line' id='line_1_45' title="bbox 738 1611 1278 1666; baseline -0.006 -1"><span class='ocrx_word' id='word_1_294' title='bbox 738 1621 765 1666; x_wconf 89' lang='lat' dir='ltr'><strong>et</strong></span> <span class='ocrx_word' id='word_1_295' title='bbox 778 1611 990 1664; x_wconf 86' lang='lat' dir='ltr'><strong>immortalitatis</strong></span> <span class='ocrx_word' id='word_1_296' title='bbox 1004 1613 1110 1663; x_wconf 85' lang='lat' dir='ltr'><strong>animae</strong></span> <span class='ocrx_word' id='word_1_297' title='bbox 1128 1612 1206 1664; x_wconf 86' lang='lat' dir='ltr'><strong>tidem</strong></span> <span class='ocrx_word' id='word_1_298' title='bbox 1219 1613 1278 1662; x_wconf 85' lang='lat' dir='ltr'><strong>Oai-</strong></span> 
     </span>
     <span class='ocr_line' id='line_1_46' title="bbox 740 1683 1278 1750; baseline -0.004 -16"><span class='ocrx_word' id='word_1_299' title='bbox 740 1685 878 1750; x_wconf 90' lang='lat' dir='ltr'><strong>ridemque</strong></span> <span class='ocrx_word' id='word_1_300' title='bbox 914 1683 1061 1732; x_wconf 80' lang='lat' dir='ltr'><strong>interorum</strong></span> <span class='ocrx_word' id='word_1_301' title='bbox 1094 1683 1209 1734; x_wconf 88' lang='lat' dir='ltr'><strong>iudicem</strong></span> <span class='ocrx_word' id='word_1_302' title='bbox 1245 1699 1278 1732; x_wconf 86' lang='lat' dir='ltr'><strong>ao</strong></span> 
     </span>
     <span class='ocr_line' id='line_1_47' title="bbox 741 1753 1264 1820; baseline -0.004 -16"><span class='ocrx_word' id='word_1_303' title='bbox 741 1753 891 1820; x_wconf 81' lang='lat' dir='ltr'><strong>praesidem</strong></span> <span class='ocrx_word' id='word_1_304' title='bbox 914 1753 1115 1803; x_wconf 87' lang='lat' dir='ltr'><strong>commemorari</strong></span> <span class='ocrx_word' id='word_1_305' title='bbox 1144 1755 1169 1802; x_wconf 89' lang='lat' dir='ltr'><strong>in</strong></span> <span class='ocrx_word' id='word_1_306' title='bbox 1189 1753 1264 1818; x_wconf 88' lang='lat' dir='ltr'><strong>sepul</strong></span> 
     </span>
     <span class='ocr_line' id='line_1_48' title="bbox 741 1821 1279 1888; baseline -0.007 -12"><span class='ocrx_word' id='word_1_307' title='bbox 741 1825 811 1886; x_wconf 88' lang='lat' dir='ltr'><strong>oris,</strong></span> <span class='ocrx_word' id='word_1_308' title='bbox 834 1837 947 1888; x_wconf 90' lang='lat' dir='ltr'><strong>quornm</strong></span> <span class='ocrx_word' id='word_1_309' title='bbox 965 1827 1042 1872; x_wconf 86' lang='lat' dir='ltr'><strong>aetas</strong></span> <span class='ocrx_word' id='word_1_310' title='bbox 1068 1821 1173 1872; x_wconf 87' lang='lat' dir='ltr'><strong>adduc</strong></span> <span class='ocrx_word' id='word_1_311' title='bbox 1195 1821 1279 1872; x_wconf 84' lang='lat' dir='ltr'><strong>millia</strong></span> 
     </span>
     <span class='ocr_line' id='line_1_49' title="bbox 742 1891 1279 1944; baseline -0.004 0"><span class='ocrx_word' id='word_1_312' title='bbox 742 1908 872 1944; x_wconf 90' lang='lat' dir='ltr'><strong>annornm</strong></span> <span class='ocrx_word' id='word_1_313' title='bbox 882 1897 948 1944; x_wconf 85' lang='lat' dir='ltr'><strong>ants</strong></span> <span class='ocrx_word' id='word_1_314' title='bbox 959 1892 1021 1944; x_wconf 85' lang='lat' dir='ltr'><strong>Cirr.</strong></span> <span class='ocrx_word' id='word_1_315' title='bbox 1030 1907 1056 1942; x_wconf 92' lang='lat' dir='ltr'><strong>n.</strong></span> <span class='ocrx_word' id='word_1_316' title='bbox 1071 1891 1190 1944; x_wconf 88' lang='lat' dir='ltr'><strong>recedat.</strong></span> <span class='ocrx_word' id='word_1_317' title='bbox 1209 1893 1279 1944; x_wconf 77' lang='lat' dir='ltr'><strong>Auta</strong></span> 
     </span>
     <span class='ocr_line' id='line_1_50' title="bbox 741 1961 1278 2028; baseline -0.004 -14"><span class='ocrx_word' id='word_1_318' title='bbox 741 1964 792 2014; x_wconf 91' lang='lat' dir='ltr'><strong>boc</strong></span> <span class='ocrx_word' id='word_1_319' title='bbox 821 1963 904 2028; x_wconf 84' lang='lat' dir='ltr'><strong>igitur</strong></span> <span class='ocrx_word' id='word_1_320' title='bbox 932 1967 1038 2028; x_wconf 87' lang='lat' dir='ltr'><strong>tempus</strong></span> <span class='ocrx_word' id='word_1_321' title='bbox 1073 1961 1278 2028; x_wconf 77' lang='lat' dir='ltr'><strong>regrediendum</strong></span> 
     </span>
     <span class='ocr_line' id='line_1_51' title="bbox 742 2031 1278 2098; baseline -0.002 -15"><span class='ocrx_word' id='word_1_322' title='bbox 742 2033 794 2084; x_wconf 90' lang='lat' dir='ltr'><strong>erit</strong></span> <span class='ocrx_word' id='word_1_323' title='bbox 811 2034 860 2096; x_wconf 86' lang='lat' dir='ltr'><strong>iis,</strong></span> <span class='ocrx_word' id='word_1_324' title='bbox 885 2033 908 2082; x_wconf 85' lang='lat' dir='ltr'><strong>si</strong></span> <span class='ocrx_word' id='word_1_325' title='bbox 933 2033 978 2098; x_wconf 91' lang='lat' dir='ltr'><strong>qui</strong></span> <span class='ocrx_word' id='word_1_326' title='bbox 1001 2031 1112 2084; x_wconf 88' lang='lat' dir='ltr'><strong>aliunde</strong></span> <span class='ocrx_word' id='word_1_327' title='bbox 1137 2032 1206 2084; x_wconf 87' lang='lat' dir='ltr'><strong>hano</strong></span> <span class='ocrx_word' id='word_1_328' title='bbox 1230 2032 1278 2082; x_wconf 85' lang='lat' dir='ltr'><strong>‹lo-</strong></span> 
     </span>
     <span class='ocr_line' id='line_1_52' title="bbox 741 2101 1280 2168; baseline 0 -14"><span class='ocrx_word' id='word_1_329' title='bbox 741 2106 855 2154; x_wconf 88' lang='lat' dir='ltr'><strong>ctrinam</strong></span> <span class='ocrx_word' id='word_1_330' title='bbox 871 2103 898 2152; x_wconf 91' lang='lat' dir='ltr'><strong>in</strong></span> <span class='ocrx_word' id='word_1_331' title='bbox 913 2102 1065 2168; x_wconf 77' lang='lat' dir='ltr'><strong>Aegyptum</strong></span> <span class='ocrx_word' id='word_1_332' title='bbox 1078 2101 1220 2154; x_wconf 81' lang='lat' dir='ltr'><strong>advectam</strong></span> <span class='ocrx_word' id='word_1_333' title='bbox 1232 2107 1280 2154; x_wconf 90' lang='lat' dir='ltr'><strong>aut</strong></span> 
     </span>
     <span class='ocr_line' id='line_1_53' title="bbox 742 2173 1280 2238; baseline 0 -14"><span class='ocrx_word' id='word_1_334' title='bbox 742 2189 775 2224; x_wconf 84' lang='lat' dir='ltr'><strong>ex</strong></span> <span class='ocrx_word' id='word_1_335' title='bbox 793 2173 873 2224; x_wconf 91' lang='lat' dir='ltr'><strong>India</strong></span> <span class='ocrx_word' id='word_1_336' title='bbox 892 2173 933 2234; x_wconf 88' lang='lat' dir='ltr'><strong>(ut</strong></span> <span class='ocrx_word' id='word_1_337' title='bbox 945 2187 1029 2238; x_wconf 87' lang='lat' dir='ltr'><strong>nuper</strong></span> <span class='ocrx_word' id='word_1_338' title='bbox 1043 2173 1108 2224; x_wconf 86' lang='lat' dir='ltr'><strong>lecit</strong></span> <span class='ocrx_word' id='word_1_339' title='bbox 1124 2175 1155 2226; x_wconf 81' lang='lat' dir='ltr'><strong>G.</strong></span> <span class='ocrx_word' id='word_1_340' title='bbox 1176 2173 1280 2224; x_wconf 86' lang='lat' dir='ltr'><strong>Cauno·</strong></span> 
     </span>
     <span class='ocr_line' id='line_1_54' title="bbox 741 2242 1280 2310; baseline 0.004 -18"><span class='ocrx_word' id='word_1_341' title='bbox 741 2243 789 2294; x_wconf 88' lang='lat' dir='ltr'><strong>lin.</strong></span> <span class='ocrx_word' id='word_1_342' title='bbox 807 2244 835 2292; x_wconf 90' lang='lat' dir='ltr'><strong>in</strong></span> <span class='ocrx_word' id='word_1_343' title='bbox 853 2242 931 2294; x_wconf 83' lang='lat' dir='ltr'><strong>acad.</strong></span> <span class='ocrx_word' id='word_1_344' title='bbox 955 2243 1041 2308; x_wconf 76' lang='lat' dir='ltr'><strong>Dian,</strong></span> <span class='ocrx_word' id='word_1_345' title='bbox 1060 2259 1139 2310; x_wconf 89' lang='lat' dir='ltr'><strong>quam</strong></span> <span class='ocrx_word' id='word_1_346' title='bbox 1157 2243 1280 2310; x_wconf 80' lang='lat' dir='ltr'><strong>praeside</strong></span> 
     </span>
     <span class='ocr_line' id='line_1_55' title="bbox 741 2311 1282 2378; baseline 0 -14"><span class='ocrx_word' id='word_1_347' title='bbox 741 2315 774 2364; x_wconf 80' lang='grc' dir='ltr'><strong>Α.</strong></span> <span class='ocrx_word' id='word_1_348' title='bbox 800 2313 832 2365; x_wconf 84' lang='lat' dir='ltr'><strong>G.</strong></span> <span class='ocrx_word' id='word_1_349' title='bbox 857 2311 1023 2378; x_wconf 80' lang='lat' dir='ltr'><strong>Sjoeatroem</strong></span> <span class='ocrx_word' id='word_1_350' title='bbox 1052 2329 1126 2368; x_wconf 90' lang='lat' dir='ltr'><strong>cens.</strong></span> <span class='ocrx_word' id='word_1_351' title='bbox 1157 2314 1282 2366; x_wconf 81' lang='lat' dir='ltr'><strong>submisit</strong></span> 
     </span>
     <span class='ocr_line' id='line_1_56' title="bbox 741 2382 1281 2450; baseline 0.004 -16"><span class='ocrx_word' id='word_1_352' title='bbox 741 2382 924 2450; x_wconf 82' lang='lat' dir='ltr'><strong>Helsingfors.</strong></span> <span class='ocrx_word' id='word_1_353' title='bbox 945 2385 1020 2436; x_wconf 79' lang='lat'><strong>1844.</strong></span> <span class='ocrx_word' id='word_1_354' title='bbox 1040 2383 1073 2435; x_wconf 89' lang='lat' dir='ltr'><strong>de</strong></span> <span class='ocrx_word' id='word_1_355' title='bbox 1091 2385 1141 2436; x_wconf 92' lang='lat' dir='ltr'><strong>hoc</strong></span> <span class='ocrx_word' id='word_1_356' title='bbox 1154 2384 1214 2438; x_wconf 91' lang='lat' dir='ltr'><strong>luco</strong></span> <span class='ocrx_word' id='word_1_357' title='bbox 1226 2386 1281 2436; x_wconf 91' lang='lat' dir='ltr'><strong>llo-</strong></span> 
     </span>
     <span class='ocr_line' id='line_1_57' title="bbox 742 2453 1281 2524; baseline 0.007 -20"><span class='ocrx_word' id='word_1_358' title='bbox 742 2453 854 2504; x_wconf 90' lang='lat' dir='ltr'><strong>rodoteo</strong></span> <span class='ocrx_word' id='word_1_359' title='bbox 865 2469 928 2520; x_wconf 79' lang='lat' dir='ltr'><strong>pag.</strong></span> <span class='ocrx_word' id='word_1_360' title='bbox 944 2453 973 2518; x_wconf 80' lang='lat'><strong>4)</strong></span> <span class='ocrx_word' id='word_1_361' title='bbox 991 2455 1163 2521; x_wconf 87' lang='lat' dir='ltr'><strong>repetendam</strong></span> <span class='ocrx_word' id='word_1_362' title='bbox 1175 2461 1281 2524; x_wconf 89' lang='lat' dir='ltr'><strong>putent.</strong></span> 
     </span>
     <span class='ocr_line' id='line_1_58' title="bbox 744 2523 1282 2578; baseline 0.007 -4"><span class='ocrx_word' id='word_1_363' title='bbox 744 2523 786 2574; x_wconf 83' lang='lat' dir='ltr'><strong>Ad</strong></span> <span class='ocrx_word' id='word_1_364' title='bbox 812 2524 945 2576; x_wconf 85' lang='lat' dir='ltr'><strong>Herodoti</strong></span> <span class='ocrx_word' id='word_1_365' title='bbox 974 2525 1061 2578; x_wconf 87' lang='lat' dir='ltr'><strong>locum</strong></span> <span class='ocrx_word' id='word_1_366' title='bbox 1092 2526 1160 2578; x_wconf 89' lang='lat' dir='ltr'><strong>haec</strong></span> <span class='ocrx_word' id='word_1_367' title='bbox 1189 2526 1282 2578; x_wconf 87' lang='lat' dir='ltr'><strong>attulit</strong></span> 
     </span>
     <span class='ocr_line' id='line_1_59' title="bbox 744 2593 1279 2664; baseline 0.007 -20"><span class='ocrx_word' id='word_1_368' title='bbox 744 2593 868 2644; x_wconf 84' lang='lat' dir='ltr'><strong>Orenzer.</strong></span> <span class='ocrx_word' id='word_1_369' title='bbox 894 2593 912 2646; x_wconf 93' lang='lat' dir='ltr'><strong>l.</strong></span> <span class='ocrx_word' id='word_1_370' title='bbox 940 2594 1013 2646; x_wconf 91' lang='lat' dir='ltr'><strong>laud.</strong></span> <span class='ocrx_word' id='word_1_371' title='bbox 1033 2612 1095 2662; x_wconf 79' lang='lat' dir='ltr'><strong>pag.</strong></span> <span class='ocrx_word' id='word_1_372' title='bbox 1118 2599 1169 2650; x_wconf 78' lang='lat' dir='ltr'><strong>:nn</strong></span> <span class='ocrx_word' id='word_1_373' title='bbox 1188 2613 1279 2664; x_wconf 81' lang='lat' dir='ltr'><strong>seqqr</strong></span> 
     </span>
     <span class='ocr_line' id='line_1_60' title="bbox 744 2663 1281 2726; baseline 0.007 -12"><span class='ocrx_word' id='word_1_374' title='bbox 744 2663 914 2726; x_wconf 86' lang='lat' dir='ltr'><strong>„Larcberus</strong></span> <span class='ocrx_word' id='word_1_375' title='bbox 944 2665 1100 2718; x_wconf 87' lang='lat' dir='ltr'><strong>llerodotea</strong></span> <span class='ocrx_word' id='word_1_376' title='bbox 1127 2668 1211 2720; x_wconf 88' lang='lat' dir='ltr'><strong>verba</strong></span> <span class='ocrx_word' id='word_1_377' title='bbox 1242 2671 1281 2718; x_wconf 87' lang='lat' dir='ltr'><strong>ita</strong></span> 
     </span>
     <span class='ocr_line' id='line_1_61' title="bbox 742 2733 1282 2802; baseline 0.011 -20"><span class='ocrx_word' id='word_1_378' title='bbox 742 2733 802 2784; x_wconf 80' lang='lat' dir='ltr'><strong>vult</strong></span> <span class='ocrx_word' id='word_1_379' title='bbox 819 2733 961 2800; x_wconf 81' lang='lat' dir='ltr'><strong>explicari,</strong></span> <span class='ocrx_word' id='word_1_380' title='bbox 983 2741 1013 2786; x_wconf 91' lang='lat' dir='ltr'><strong>ut</strong></span> <span class='ocrx_word' id='word_1_381' title='bbox 1034 2737 1161 2802; x_wconf 69' lang='lat' dir='ltr'><strong>Aegyptii</strong></span> <span class='ocrx_word' id='word_1_382' title='bbox 1181 2738 1282 2788; x_wconf 86' lang='lat' dir='ltr'><strong>luerint</strong></span> 
     </span>
     <span class='ocr_line' id='line_1_62' title="bbox 743 2805 1281 2872; baseline 0.009 -19"><span class='ocrx_word' id='word_1_383' title='bbox 743 2805 913 2870; x_wconf 80' lang='lat' dir='ltr'><strong>migrationis</strong></span> <span class='ocrx_word' id='word_1_384' title='bbox 930 2805 1077 2858; x_wconf 87' lang='lat' dir='ltr'><strong>animorum</strong></span> <span class='ocrx_word' id='word_1_385' title='bbox 1098 2807 1175 2872; x_wconf 87' lang='lat' dir='ltr'><strong>primi</strong></span> <span class='ocrx_word' id='word_1_386' title='bbox 1194 2823 1281 2858; x_wconf 85' lang='lat' dir='ltr'><strong>assor·</strong></span> 
     </span>
     <span class='ocr_line' id='line_1_63' title="bbox 743 2877 1279 2938; baseline 0.007 -15"><span class='ocrx_word' id='word_1_387' title='bbox 743 2879 826 2926; x_wconf 90' lang='lat' dir='ltr'><strong>tores.</strong></span> <span class='ocrx_word' id='word_1_388' title='bbox 863 2877 962 2938; x_wconf 87' lang='lat' dir='ltr'><strong>Recte,</strong></span> <span class='ocrx_word' id='word_1_389' title='bbox 985 2877 1033 2926; x_wconf 85' lang='lat' dir='ltr'><strong>aad</strong></span> <span class='ocrx_word' id='word_1_390' title='bbox 1056 2881 1145 2927; x_wconf 89' lang='lat' dir='ltr'><strong>tamen</strong></span> <span class='ocrx_word' id='word_1_391' title='bbox 1168 2892 1228 2928; x_wconf 89' lang='lat' dir='ltr'><strong>enm</strong></span> <span class='ocrx_word' id='word_1_392' title='bbox 1253 2879 1279 2927; x_wconf 89' lang='lat' dir='ltr'><strong>in</strong></span> 
     </span>
     <span class='ocr_line' id='line_1_64' title="bbox 742 2945 1281 2998; baseline 0.004 -4"><span class='ocrx_word' id='word_1_393' title='bbox 742 2945 823 2996; x_wconf 85' lang='lat' dir='ltr'><strong>aliam</strong></span> <span class='ocrx_word' id='word_1_394' title='bbox 841 2946 1003 2998; x_wconf 87' lang='lat' dir='ltr'><strong>sententiam</strong></span> <span class='ocrx_word' id='word_1_395' title='bbox 1022 2945 1048 2998; x_wconf 90' lang='lat' dir='ltr'><strong>h.</strong></span> <span class='ocrx_word' id='word_1_396' title='bbox 1069 2945 1086 2996; x_wconf 94' lang='grc'><strong>1.</strong></span> <span class='ocrx_word' id='word_1_397' title='bbox 1106 2947 1223 2998; x_wconf 79' lang='lat' dir='ltr'><strong>traxisse</strong></span> <span class='ocrx_word' id='word_1_398' title='bbox 1241 2947 1281 2996; x_wconf 82' lang='lat' dir='ltr'><strong>ui-</strong></span> 
     </span>
     <span class='ocr_line' id='line_1_65' title="bbox 742 3015 1279 3082; baseline 0 -16"><span class='ocrx_word' id='word_1_399' title='bbox 742 3016 859 3067; x_wconf 85' lang='lat' dir='ltr'><strong>deantur</strong></span> <span class='ocrx_word' id='word_1_400' title='bbox 883 3023 910 3068; x_wconf 88' lang='lat' dir='ltr'><strong>et</strong></span> <span class='ocrx_word' id='word_1_401' title='bbox 932 3021 1039 3066; x_wconf 81' lang='lat' dir='ltr'><strong>veteres</strong></span> <span class='ocrx_word' id='word_1_402' title='bbox 1062 3015 1167 3082; x_wconf 87' lang='lat' dir='ltr'><strong>aliquot</strong></span> <span class='ocrx_word' id='word_1_403' title='bbox 1190 3021 1218 3068; x_wconf 88' lang='lat' dir='ltr'><strong>et</strong></span> <span class='ocrx_word' id='word_1_404' title='bbox 1241 3031 1279 3066; x_wconf 86' lang='lat' dir='ltr'><strong>ro·</strong></span> 
     </span>
     <span class='ocr_line' id='line_1_66' title="bbox 742 3085 1280 3152; baseline -0.002 -14"><span class='ocrx_word' id='word_1_405' title='bbox 742 3088 890 3150; x_wconf 82' lang='lat' dir='ltr'><strong>cautiores,</strong></span> <span class='ocrx_word' id='word_1_406' title='bbox 911 3085 1066 3138; x_wconf 81' lang='lat' dir='ltr'><strong>accuratius</strong></span> <span class='ocrx_word' id='word_1_407' title='bbox 1091 3087 1118 3135; x_wconf 94' lang='lat' dir='ltr'><strong>in</strong></span> <span class='ocrx_word' id='word_1_408' title='bbox 1138 3085 1179 3136; x_wconf 88' lang='lat' dir='ltr'><strong>his</strong></span> <span class='ocrx_word' id='word_1_409' title='bbox 1200 3102 1280 3152; x_wconf 78' lang='lat' dir='ltr'><strong>agen·</strong></span> 
     </span>
     <span class='ocr_line' id='line_1_67' title="bbox 743 3156 1280 3222; baseline 0.004 -16"><span class='ocrx_word' id='word_1_410' title='bbox 743 3156 806 3207; x_wconf 91' lang='lat' dir='ltr'><strong>dum</strong></span> <span class='ocrx_word' id='word_1_411' title='bbox 829 3157 936 3208; x_wconf 83' lang='lat' dir='ltr'><strong>ridetur</strong></span> <span class='ocrx_word' id='word_1_412' title='bbox 959 3171 1027 3206; x_wconf 86' lang='lat' dir='ltr'><strong>case.</strong></span> <span class='ocrx_word' id='word_1_413' title='bbox 1069 3157 1137 3206; x_wconf 85' lang='lat' dir='ltr'><strong>Nam</strong></span> <span class='ocrx_word' id='word_1_414' title='bbox 1165 3157 1280 3222; x_wconf 87' lang='lat' dir='ltr'><strong>primum</strong></span> 
     </span>
     <span class='ocr_line' id='line_1_68' title="bbox 742 3226 1280 3292; baseline 0.004 -15"><span class='ocrx_word' id='word_1_415' title='bbox 742 3227 865 3278; x_wconf 81' lang='lat' dir='ltr'><strong>Clemens</strong></span> <span class='ocrx_word' id='word_1_416' title='bbox 878 3226 1076 3276; x_wconf 75' lang='lat' dir='ltr'><strong>Alexandrinus</strong></span> <span class='ocrx_word' id='word_1_417' title='bbox 1088 3227 1219 3279; x_wconf 69' lang='lat' dir='ltr'><strong>stromat.</strong></span> <span class='ocrx_word' id='word_1_418' title='bbox 1233 3227 1280 3292; x_wconf 88' lang='lat' dir='ltr'><strong>Vl,</strong></span> 
     </span>
     <span class='ocr_line' id='line_1_69' title="bbox 743 3295 1282 3362; baseline 0.004 -16"><span class='ocrx_word' id='word_1_419' title='bbox 743 3299 768 3347; x_wconf 80' lang='lat'><strong>⁶2.</strong></span> <span class='ocrx_word' id='word_1_420' title='bbox 788 3313 851 3362; x_wconf 82' lang='lat' dir='ltr'><strong>pag.</strong></span> <span class='ocrx_word' id='word_1_421' title='bbox 876 3299 927 3348; x_wconf 77' lang='lat'><strong>752</strong></span> <span class='ocrx_word' id='word_1_422' title='bbox 946 3297 1049 3348; x_wconf 86' lang='lat' dir='ltr'><strong>l’ottcr.</strong></span> <span class='ocrx_word' id='word_1_423' title='bbox 1073 3297 1215 3348; x_wconf 87' lang='lat' dir='ltr'><strong>seiunctim</strong></span> <span class='ocrx_word' id='word_1_424' title='bbox 1235 3295 1282 3348; x_wconf 86' lang='lat' dir='ltr'><strong>illa</strong></span> 
     </span>
     <span class='ocr_line' id='line_1_70' title="bbox 743 3357 1282 3503; baseline 0.002 -18"><span class='ocrx_word' id='word_1_425' title='bbox 743 3357 1282 3503; x_wconf 63' lang='lat' dir='ltr'><strong>rerunnrunltnrnt</strong></span> 
     </span>
     <span class='ocr_line' id='line_1_71' title="bbox 743 3497 1284 3570; baseline 0.002 -15"><span class='ocrx_word' id='word_1_426' title='bbox 743 3497 863 3556; x_wconf 68' lang='grc' dir='ltr'><em>Πλάτων</em></span> <span class='ocrx_word' id='word_1_427' title='bbox 880 3501 1010 3558; x_wconf 66' lang='grc' dir='ltr'><strong>ἔσπακεν</strong></span> <span class='ocrx_word' id='word_1_428' title='bbox 1047 3499 1076 3556; x_wconf 81' lang='lat' dir='ltr'><strong>ul</strong></span> <span class='ocrx_word' id='word_1_429' title='bbox 1093 3501 1137 3569; x_wconf 82' lang='lat' dir='ltr'><strong>dl,</strong></span> <span class='ocrx_word' id='word_1_430' title='bbox 1157 3497 1222 3570; x_wconf 76' lang='grc' dir='ltr'><strong>παρ’</strong></span> <span class='ocrx_word' id='word_1_431' title='bbox 1237 3501 1284 3556; x_wconf 82' lang='grc' dir='ltr'><strong>Αἱ-</strong></span> 
     </span>
    </p>
   </div>
   <div class='ocr_carea' id='block_1_6' title="bbox 152 3573 1283 3642">
    <p class='ocr_par' dir='ltr' id='par_1_8' title="bbox 152 3573 1283 3642">
     <span class='ocr_line' id='line_1_72' title="bbox 152 3573 1283 3642; baseline 0.002 -18"><span class='ocrx_word' id='word_1_432' title='bbox 152 3574 336 3625; x_wconf 87' lang='lat' dir='ltr'><strong>moderantur.</strong></span> <span class='ocrx_word' id='word_1_433' title='bbox 380 3574 516 3624; x_wconf 88' lang='lat' dir='ltr'><strong>Diodorus</strong></span> <span class='ocrx_word' id='word_1_434' title='bbox 540 3573 647 3624; x_wconf 82' lang='lat' dir='ltr'><strong>Siculus</strong></span> <span class='ocrx_word' id='word_1_435' title='bbox 670 3575 693 3638; x_wconf 96' lang='lat' dir='ltr'><strong>l,</strong></span> <span class='ocrx_word' id='word_1_436' title='bbox 743 3575 884 3642; x_wconf 67' lang='lat' dir='ltr'><strong>rurales,</strong></span> <span class='ocrx_word' id='word_1_437' title='bbox 903 3577 1027 3628; x_wconf 87' lang='lat' dir='ltr'><strong>nimirum</strong></span> <span class='ocrx_word' id='word_1_438' title='bbox 1045 3577 1124 3628; x_wconf 84' lang='lat' dir='ltr'><strong>l&#39;lato</strong></span> <span class='ocrx_word' id='word_1_439' title='bbox 1142 3583 1169 3626; x_wconf 89' lang='lat' dir='ltr'><strong>et</strong></span> <span class='ocrx_word' id='word_1_440' title='bbox 1183 3577 1283 3642; x_wconf 77' lang='lat' dir='ltr'><strong>l&#39;ytlra·</strong></span> 
     </span>
    </p>
   </div>
   <div class='ocr_carea' id='block_1_7' title="bbox 153 3642 697 4407">
    <p class='ocr_par' dir='ltr' id='par_1_9' title="bbox 153 3642 697 4407">
     <span class='ocr_line' id='line_1_73' title="bbox 153 3642 694 3696; baseline -0.004 0"><span class='ocrx_word' id='word_1_441' title='bbox 153 3644 195 3696; x_wconf 79' lang='grc'><strong>118.</strong></span> <span class='ocrx_word' id='word_1_442' title='bbox 216 3676 250 3684; x_wconf 95' lang='grc'>-</span> <span class='ocrx_word' id='word_1_443' title='bbox 267 3645 309 3694; x_wconf 93' lang='lat' dir='ltr'><strong>De</strong></span> <span class='ocrx_word' id='word_1_444' title='bbox 327 3643 443 3694; x_wconf 83' lang='lat' dir='ltr'><strong>Osiridis</strong></span> <span class='ocrx_word' id='word_1_445' title='bbox 462 3647 489 3692; x_wconf 93' lang='lat' dir='ltr'><strong>et</strong></span> <span class='ocrx_word' id='word_1_446' title='bbox 513 3642 594 3692; x_wconf 87' lang='lat' dir='ltr'><strong>Isidis</strong></span> <span class='ocrx_word' id='word_1_447' title='bbox 610 3645 694 3694; x_wconf 88' lang='lat' dir='ltr'><strong>norni-</strong></span> 
     </span>
     <span class='ocr_line' id='line_1_74' title="bbox 153 3713 695 3778; baseline 0 -14"><span class='ocrx_word' id='word_1_448' title='bbox 153 3715 233 3764; x_wconf 88' lang='lat' dir='ltr'><strong>nibus</strong></span> <span class='ocrx_word' id='word_1_449' title='bbox 244 3714 355 3765; x_wconf 82' lang='lat' dir='ltr'><strong>Graecis</strong></span> <span class='ocrx_word' id='word_1_450' title='bbox 369 3715 427 3778; x_wconf 90' lang='lat' dir='ltr'><strong>ipae</strong></span> <span class='ocrx_word' id='word_1_451' title='bbox 445 3717 562 3762; x_wconf 85' lang='lat' dir='ltr'><strong>testatur</strong></span> <span class='ocrx_word' id='word_1_452' title='bbox 572 3713 695 3764; x_wconf 86' lang='lat' dir='ltr'><strong>Herodo-</strong></span> 
     </span>
     <span class='ocr_line' id='line_1_75' title="bbox 155 3781 692 3846; baseline 0.002 -12"><span class='ocrx_word' id='word_1_453' title='bbox 155 3789 200 3834; x_wconf 84' lang='lat' dir='ltr'><strong>tus</strong></span> <span class='ocrx_word' id='word_1_454' title='bbox 217 3784 255 3846; x_wconf 92' lang='lat'><strong>11,</strong></span> <span class='ocrx_word' id='word_1_455' title='bbox 273 3786 307 3834; x_wconf 76' lang='lat'><strong>42</strong></span> <span class='ocrx_word' id='word_1_456' title='bbox 323 3783 404 3842; x_wconf 68' lang='lat'><strong>0159,</strong></span> <span class='ocrx_word' id='word_1_457' title='bbox 422 3783 468 3832; x_wconf 91' lang='lat' dir='ltr'><strong>nbi</strong></span> <span class='ocrx_word' id='word_1_458' title='bbox 485 3781 540 3832; x_wconf 86' lang='lat' dir='ltr'><strong>vid.</strong></span> <span class='ocrx_word' id='word_1_459' title='bbox 556 3787 627 3834; x_wconf 85' lang='lat' dir='ltr'><strong>nott.</strong></span> <span class='ocrx_word' id='word_1_460' title='bbox 649 3785 692 3835; x_wconf 77' lang='lat' dir='ltr'><strong>Cf.</strong></span> 
     </span>
     <span class='ocr_line' id='line_1_76' title="bbox 153 3851 692 3918; baseline 0.002 -14"><span class='ocrx_word' id='word_1_461' title='bbox 153 3853 317 3904; x_wconf 81' lang='lat' dir='ltr'><strong>Plutarchus</strong></span> <span class='ocrx_word' id='word_1_462' title='bbox 327 3853 360 3903; x_wconf 90' lang='lat' dir='ltr'><strong>de</strong></span> <span class='ocrx_word' id='word_1_463' title='bbox 372 3854 410 3903; x_wconf 87' lang='lat' dir='ltr'><strong>Is.</strong></span> <span class='ocrx_word' id='word_1_464' title='bbox 420 3857 448 3903; x_wconf 87' lang='lat' dir='ltr'><strong>et</strong></span> <span class='ocrx_word' id='word_1_465' title='bbox 463 3851 564 3902; x_wconf 88' lang='lat' dir='ltr'><strong>Osirid.</strong></span> <span class='ocrx_word' id='word_1_466' title='bbox 577 3869 638 3918; x_wconf 86' lang='lat' dir='ltr'><strong>cap.</strong></span> <span class='ocrx_word' id='word_1_467' title='bbox 649 3855 692 3905; x_wconf 77' lang='grc'><strong>28.</strong></span> 
     </span>
     <span class='ocr_line' id='line_1_77' title="bbox 155 3922 694 3989; baseline -0.004 -14"><span class='ocrx_word' id='word_1_468' title='bbox 155 3939 182 3988; x_wconf 92' lang='lat' dir='ltr'><strong>p.</strong></span> <span class='ocrx_word' id='word_1_469' title='bbox 196 3924 247 3975; x_wconf 77' lang='lat'><strong>362</strong></span> <span class='ocrx_word' id='word_1_470' title='bbox 258 3939 281 3973; x_wconf 86' lang='lat' dir='ltr'><strong>a.</strong></span> <span class='ocrx_word' id='word_1_471' title='bbox 292 3924 343 3975; x_wconf 77' lang='lat'><strong>485</strong></span> <span class='ocrx_word' id='word_1_472' title='bbox 353 3925 430 3989; x_wconf 88' lang='lat' dir='ltr'><strong>saq.“</strong></span> <span class='ocrx_word' id='word_1_473' title='bbox 449 3922 604 3988; x_wconf 83' lang='lat' dir='ltr'><strong>Sequuntur</strong></span> <span class='ocrx_word' id='word_1_474' title='bbox 618 3923 694 3988; x_wconf 87' lang='lat' dir='ltr'><strong>plura</strong></span> 
     </span>
     <span class='ocr_line' id='line_1_78' title="bbox 156 3993 694 4059; baseline 0 -17"><span class='ocrx_word' id='word_1_475' title='bbox 156 3994 190 4042; x_wconf 90' lang='lat' dir='ltr'><strong>de</strong></span> <span class='ocrx_word' id='word_1_476' title='bbox 217 3993 363 4056; x_wconf 80' lang='lat' dir='ltr'><strong>Amentha,</strong></span> <span class='ocrx_word' id='word_1_477' title='bbox 398 4008 467 4059; x_wconf 89' lang='lat' dir='ltr'><strong>qnae</strong></span> <span class='ocrx_word' id='word_1_478' title='bbox 498 3993 589 4042; x_wconf 86' lang='lat' dir='ltr'><strong>malim</strong></span> <span class='ocrx_word' id='word_1_479' title='bbox 623 3993 694 4059; x_wconf 92' lang='lat' dir='ltr'><strong>apud</strong></span> 
     </span>
     <span class='ocr_line' id='line_1_79' title="bbox 156 4062 694 4127; baseline 0.007 -18"><span class='ocrx_word' id='word_1_480' title='bbox 156 4063 243 4125; x_wconf 85' lang='lat' dir='ltr'><strong>ipsum</strong></span> <span class='ocrx_word' id='word_1_481' title='bbox 260 4062 422 4113; x_wconf 82' lang='lat' dir='ltr'><strong>Creuzernm</strong></span> <span class='ocrx_word' id='word_1_482' title='bbox 445 4062 509 4127; x_wconf 72' lang='lat' dir='ltr'><strong>legi.</strong></span> <span class='ocrx_word' id='word_1_483' title='bbox 546 4065 602 4114; x_wconf 85' lang='lat' dir='ltr'><strong>Nec</strong></span> <span class='ocrx_word' id='word_1_484' title='bbox 624 4065 694 4114; x_wconf 90' lang='lat' dir='ltr'><strong>enim</strong></span> 
     </span>
     <span class='ocr_line' id='line_1_80' title="bbox 157 4129 697 4198; baseline 0.011 -21"><span class='ocrx_word' id='word_1_485' title='bbox 157 4129 281 4192; x_wconf 86' lang='lat' dir='ltr'><strong>debiam,</strong></span> <span class='ocrx_word' id='word_1_486' title='bbox 309 4132 379 4183; x_wconf 89' lang='lat' dir='ltr'><strong>hanc</strong></span> <span class='ocrx_word' id='word_1_487' title='bbox 396 4135 590 4198; x_wconf 72' lang='lat' dir='ltr'><strong>Aegyptiorum</strong></span> <span class='ocrx_word' id='word_1_488' title='bbox 608 4151 697 4186; x_wconf 87' lang='lat' dir='ltr'><strong>sacer-</strong></span> 
     </span>
     <span class='ocr_line' id='line_1_81' title="bbox 157 4199 696 4270; baseline 0.011 -24"><span class='ocrx_word' id='word_1_489' title='bbox 157 4199 251 4248; x_wconf 87' lang='lat' dir='ltr'><strong>dotum</strong></span> <span class='ocrx_word' id='word_1_490' title='bbox 276 4201 361 4252; x_wconf 82' lang='lat' dir='ltr'><strong>fnisse</strong></span> <span class='ocrx_word' id='word_1_491' title='bbox 388 4202 551 4266; x_wconf 83' lang='lat' dir='ltr'><strong>doctrinam,</strong></span> <span class='ocrx_word' id='word_1_492' title='bbox 575 4209 619 4266; x_wconf 88' lang='lat' dir='ltr'><strong>ut,</strong></span> <span class='ocrx_word' id='word_1_493' title='bbox 651 4205 696 4270; x_wconf 88' lang='lat' dir='ltr'><strong>qui</strong></span> 
     </span>
     <span class='ocr_line' id='line_1_82' title="bbox 157 4267 697 4339; baseline 0.017 -23"><span class='ocrx_word' id='word_1_494' title='bbox 157 4267 194 4316; x_wconf 89' lang='lat' dir='ltr'><strong>dii</strong></span> <span class='ocrx_word' id='word_1_495' title='bbox 211 4269 301 4318; x_wconf 85' lang='lat' dir='ltr'><strong>omnia</strong></span> <span class='ocrx_word' id='word_1_496' title='bbox 324 4271 359 4320; x_wconf 91' lang='lat' dir='ltr'><strong>ad</strong></span> <span class='ocrx_word' id='word_1_497' title='bbox 383 4271 469 4322; x_wconf 88' lang='lat' dir='ltr'><strong>lucem</strong></span> <span class='ocrx_word' id='word_1_498' title='bbox 492 4273 631 4339; x_wconf 82' lang='lat' dir='ltr'><strong>vitamque</strong></span> <span class='ocrx_word' id='word_1_499' title='bbox 649 4275 697 4324; x_wconf 87' lang='lat' dir='ltr'><strong>dn·</strong></span> 
     </span>
     <span class='ocr_line' id='line_1_83' title="bbox 157 4343 697 4407; baseline 0.011 -21"><span class='ocrx_word' id='word_1_500' title='bbox 157 4343 240 4399; x_wconf 89' lang='lat' dir='ltr'><strong>cant,</strong></span> <span class='ocrx_word' id='word_1_501' title='bbox 277 4353 310 4388; x_wconf 87' lang='lat' dir='ltr'><strong>ea</strong></span> <span class='ocrx_word' id='word_1_502' title='bbox 345 4355 452 4407; x_wconf 89' lang='lat' dir='ltr'><strong>quoque</strong></span> <span class='ocrx_word' id='word_1_503' title='bbox 486 4349 593 4394; x_wconf 88' lang='lat' dir='ltr'><strong>mortus</strong></span> <span class='ocrx_word' id='word_1_504' title='bbox 630 4343 697 4393; x_wconf 85' lang='lat' dir='ltr'><strong>reci·</strong></span> 
     </span>
    </p>
   </div>
   <div class='ocr_carea' id='block_1_8' title="bbox 745 3645 1286 4410">
    <p class='ocr_par' dir='ltr' id='par_1_10' title="bbox 745 3645 1286 4410">
     <span class='ocr_line' id='line_1_84' title="bbox 745 3645 1282 3714; baseline -0.006 -17"><span class='ocrx_word' id='word_1_505' title='bbox 745 3649 856 3712; x_wconf 73' lang='lat' dir='ltr'><strong>goras‘*</strong></span> <span class='ocrx_word' id='word_1_506' title='bbox 871 3649 1000 3714; x_wconf 83' lang='lat' dir='ltr'><strong>Sequitur</strong></span> <span class='ocrx_word' id='word_1_507' title='bbox 1010 3645 1156 3698; x_wconf 85' lang='lat' dir='ltr'><strong>Clementis</strong></span> <span class='ocrx_word' id='word_1_508' title='bbox 1169 3645 1282 3697; x_wconf 86' lang='lat' dir='ltr'><strong>itomani</strong></span> 
     </span>
     <span class='ocr_line' id='line_1_85' title="bbox 745 3715 1283 3780; baseline -0.006 -14"><span class='ocrx_word' id='word_1_509' title='bbox 745 3717 821 3767; x_wconf 86' lang='lat' dir='ltr'><strong>loeus</strong></span> <span class='ocrx_word' id='word_1_510' title='bbox 840 3733 872 3768; x_wconf 81' lang='lat' dir='ltr'><strong>ax</strong></span> <span class='ocrx_word' id='word_1_511' title='bbox 891 3717 989 3768; x_wconf 87' lang='lat' dir='ltr'><strong>Homil.</strong></span> <span class='ocrx_word' id='word_1_512' title='bbox 1002 3717 1025 3768; x_wconf 93' lang='lat' dir='ltr'><strong>l.</strong></span> <span class='ocrx_word' id='word_1_513' title='bbox 1045 3722 1069 3780; x_wconf 63' lang='grc' dir='ltr'><strong>ς.</strong></span> <span class='ocrx_word' id='word_1_514' title='bbox 1089 3717 1114 3768; x_wconf 78' lang='grc'><strong>8.</strong></span> <span class='ocrx_word' id='word_1_515' title='bbox 1133 3717 1160 3766; x_wconf 76' lang='lat' dir='ltr'><strong>b.</strong></span> <span class='ocrx_word' id='word_1_516' title='bbox 1178 3715 1283 3766; x_wconf 83' lang='lat' dir='ltr'><strong>Deinde</strong></span> 
     </span>
     <span class='ocr_line' id='line_1_86' title="bbox 745 3785 1283 3906; baseline -0.009 -67"><span class='ocrx_word' id='word_1_517' title='bbox 745 3789 785 3906; x_wconf 58' lang='lat' dir='ltr'><strong>gc</strong></span> <span class='ocrx_word' id='word_1_518' title='bbox 802 3789 891 3906; x_wconf 52' lang='lat' dir='ltr'><strong>⁹⁰¹⁵ss</strong></span> <span class='ocrx_word' id='word_1_519' title='bbox 903 3789 960 3906; x_wconf 58' lang='lat' dir='ltr'><strong>Cui</strong></span> <span class='ocrx_word' id='word_1_520' title='bbox 980 3787 1128 3906; x_wconf 51' lang='lat' dir='ltr'><strong>„litamine</strong></span> <span class='ocrx_word' id='word_1_521' title='bbox 1141 3789 1231 3904; x_wconf 55' lang='lat' dir='ltr'><strong>apeten&#39;r</strong></span> <span class='ocrx_word' id='word_1_522' title='bbox 1248 3785 1283 3834; x_wconf 81' lang='lat' dir='ltr'><strong>ael</strong></span> 
     </span>
     <span class='ocr_line' id='line_1_87' title="bbox 745 3869 1285 3988; baseline -0.007 -12"><span class='ocrx_word' id='word_1_523' title='bbox 745 3873 1034 3976; x_wconf 63' lang='lat' dir='ltr'><strong>Plerlsllnisllllllelsclr.</strong></span> <span class='ocrx_word' id='word_1_524' title='bbox 1052 3941 1076 3976; x_wconf 88' lang='lat' dir='ltr'><strong>c.</strong></span> <span class='ocrx_word' id='word_1_525' title='bbox 1091 3869 1285 3988; x_wconf 55' lang='lat' dir='ltr'><strong>apupmpepssr&#39;spp</strong></span> 
     </span>
     <span class='ocr_line' id='line_1_88' title="bbox 746 3993 1285 4058; baseline -0.004 -14"><span class='ocrx_word' id='word_1_526' title='bbox 746 3995 807 4044; x_wconf 88' lang='lat' dir='ltr'><strong>daei</strong></span> <span class='ocrx_word' id='word_1_527' title='bbox 833 4003 859 4044; x_wconf 92' lang='lat' dir='ltr'><strong>et</strong></span> <span class='ocrx_word' id='word_1_528' title='bbox 882 3995 943 4046; x_wconf 91' lang='lat' dir='ltr'><strong>lndi</strong></span> <span class='ocrx_word' id='word_1_529' title='bbox 966 3994 1044 4058; x_wconf 85' lang='lat' dir='ltr'><strong>primi</strong></span> <span class='ocrx_word' id='word_1_530' title='bbox 1071 3993 1285 4044; x_wconf 80' lang='lat' dir='ltr'><strong>immortalitatis</strong></span> 
     </span>
     <span class='ocr_line' id='line_1_89' title="bbox 746 4061 1285 4128; baseline -0.007 -14"><span class='ocrx_word' id='word_1_531' title='bbox 746 4064 897 4114; x_wconf 86' lang='lat' dir='ltr'><strong>doctrinam</strong></span> <span class='ocrx_word' id='word_1_532' title='bbox 920 4065 1067 4116; x_wconf 77' lang='lat' dir='ltr'><strong>tradidisse</strong></span> <span class='ocrx_word' id='word_1_533' title='bbox 1085 4061 1222 4128; x_wconf 77' lang='lat' dir='ltr'><strong>dicuntur]</strong></span> <span class='ocrx_word' id='word_1_534' title='bbox 1241 4079 1285 4112; x_wconf 86' lang='lat' dir='ltr'><strong>es·</strong></span> 
     </span>
     <span class='ocr_line' id='line_1_90' title="bbox 746 4134 1285 4198; baseline -0.004 -14"><span class='ocrx_word' id='word_1_535' title='bbox 746 4135 860 4194; x_wconf 81' lang='lat' dir='ltr'><strong>citarit,</strong></span> <span class='ocrx_word' id='word_1_536' title='bbox 891 4135 930 4184; x_wconf 88' lang='lat' dir='ltr'><strong>ita</strong></span> <span class='ocrx_word' id='word_1_537' title='bbox 954 4134 1055 4198; x_wconf 64' lang='lat' dir='ltr'><strong>pergit:</strong></span> <span class='ocrx_word' id='word_1_538' title='bbox 1092 4134 1285 4198; x_wconf 72' lang='lat' dir='ltr'><strong>„„Auqyptlus</strong></span> 
     </span>
     <span class='ocr_line' id='line_1_91' title="bbox 747 4201 1284 4254; baseline -0.007 0"><span class='ocrx_word' id='word_1_539' title='bbox 747 4209 836 4254; x_wconf 88' lang='lat' dir='ltr'><strong>autern</strong></span> <span class='ocrx_word' id='word_1_540' title='bbox 855 4203 906 4253; x_wconf 88' lang='lat' dir='ltr'><strong>bac</strong></span> <span class='ocrx_word' id='word_1_541' title='bbox 923 4201 1004 4254; x_wconf 87' lang='lat' dir='ltr'><strong>lande</strong></span> <span class='ocrx_word' id='word_1_542' title='bbox 1024 4207 1145 4252; x_wconf 83' lang='lat' dir='ltr'><strong>mactant</strong></span> <span class='ocrx_word' id='word_1_543' title='bbox 1163 4203 1284 4252; x_wconf 81' lang='lat' dir='ltr'><strong>llerorlu·</strong></span> 
     </span>
     <span class='ocr_line' id='line_1_92' title="bbox 747 4269 1285 4334; baseline -0.002 -10"><span class='ocrx_word' id='word_1_544' title='bbox 747 4279 792 4323; x_wconf 84' lang='lat' dir='ltr'><strong>tua</strong></span> <span class='ocrx_word' id='word_1_545' title='bbox 811 4273 850 4334; x_wconf 91' lang='lat' dir='ltr'><strong>ll,</strong></span> <span class='ocrx_word' id='word_1_546' title='bbox 872 4273 921 4324; x_wconf 79' lang='lat'><strong>123</strong></span> <span class='ocrx_word' id='word_1_547' title='bbox 943 4277 971 4323; x_wconf 86' lang='lat' dir='ltr'><strong>et</strong></span> <span class='ocrx_word' id='word_1_548' title='bbox 990 4271 1115 4322; x_wconf 81' lang='lat' dir='ltr'><strong>Clemens</strong></span> <span class='ocrx_word' id='word_1_549' title='bbox 1139 4269 1285 4323; x_wconf 77' lang='lat' dir='ltr'><strong>Alexandr.</strong></span> 
     </span>
     <span class='ocr_line' id='line_1_93' title="bbox 748 4339 1286 4410; baseline -0.004 -16"><span class='ocrx_word' id='word_1_550' title='bbox 748 4343 796 4394; x_wconf 86' lang='lat' dir='ltr'><strong>Vl.</strong></span> <span class='ocrx_word' id='word_1_551' title='bbox 811 4359 875 4410; x_wconf 70' lang='lat' dir='ltr'><strong>pag.</strong></span> <span class='ocrx_word' id='word_1_552' title='bbox 894 4343 1001 4394; x_wconf 73' lang='lat'><strong>752.““</strong></span> <span class='ocrx_word' id='word_1_553' title='bbox 1038 4339 1109 4392; x_wconf 80' lang='lat' dir='ltr'><strong>Nolo</strong></span> <span class='ocrx_word' id='word_1_554' title='bbox 1124 4339 1202 4406; x_wconf 86' lang='lat' dir='ltr'><strong>plnrs</strong></span> <span class='ocrx_word' id='word_1_555' title='bbox 1223 4355 1286 4392; x_wconf 83' lang='lat' dir='ltr'><strong>cua·</strong></span> 
     </span>
    </p>
   </div>
   <div class='ocr_carea' id='block_1_9' title="bbox 0 0 1537 4916">
    <p class='ocr_par' dir='ltr' id='par_1_11' title="bbox 0 0 1537 4916">
     <span class='ocr_line' id='line_1_94' title="bbox 0 0 1537 4916; baseline 0 0"><span class='ocrx_word' id='word_1_556' title='bbox 0 0 1537 4916; x_wconf 95' lang='lat' dir='ltr'><strong> </strong></span> 
     </span>
    </p>
   </div>
  </div>
 </body>
</html>
