3032 4916
224 259 285 322 716
655 257 921 322 HERODOTI

225 442 400 505 τελευταία
422 433 459 503 db
480 429 583 523 αὐτῆς
605 431 645 503 τὰ
665 437 801 520 ἐπίγαια
822 433 878 501 καὶ
897 430 937 501 rol
956 431 1138 502 κατωτάτω
1155 433 1370 518 ἐξεποίησαν.

224 536 438 626 Σισήμανπαι
469 538 506 608 dt
530 535 586 608 1ιᾶ
606 536 810 628 γραμμάτων
830 541 1029 624 Αἰγυπτίων
1056 539 1093 606 ἐν
1121 539 1167 624 τῇ
1189 539 1371 624 πυραμίδι,

223 707 316 771 itaque
326 707 475 770 pyramidis
490 707 638 772 superiora,
654 709 710 756 tum
723 706 767 756 de·
817 721 919 771 μανιαι
935 705 991 756 noli
1004 721 1052 771 pro
1066 704 1170 771 plurali
1183 704 1324 769 accipere,
1344 706 1375 751 ut

224 777 385 826 scandentes
408 775 514 842 reliqua
535 776 767 841 perpoliverunt.“
818 776 881 827 olim
899 777 967 838 ieci,
999 791 1059 826 cum
1082 775 1238 842 singularis
1266 773 1304 822 sit
1326 787 1374 821 nu·

224 847 270 898 Sic
290 850 364 896 recte
387 845 601 911 Weeselingius,
625 863 640 898 e
666 849 767 897 Nostro
818 862 920 906 merus,
939 845 1012 896 coni.
1029 845 1150 896 Bredov.
1160 862 1190 910 p.
1202 843 1266 896 3811.
1288 833 1374 907 γράμ-

225 915 361 978 citansI,
381 914 440 967 164.
465 916 509 978 ΙΙ,
534 917 589 967 175.
608 917 647 978 V,
666 917 714 979 62,
734 933 767 966 ex
817 931 891 980 ματα
909 907 1109 980 Alyv'utsothic
1134 913 1374 979 devulgarihe-

224 985 286 1035 aliis
313 984 380 1046 alia,
413 986 511 1050 quibus
538 953 714 1050 periectlonis
740 991 767 1036 et
818 986 974 1051 gyptiorum
991 985 1141 1050 scriptura,
1161 999 1255 1050 neque
1268 983 1303 1032 de
1316 981 1374 1031 hie-

225 1022 405 1106 absolutionis
422 1057 560 1106 notionem
577 1055 648 1106 hoc
640 1073 668 1106 ιιι
683 1057 766 1106 verbo
818 1055 982 1121 roglyplrieia
1003 1055 1090 1106 literis
1109 1055 1204 1118 accipi
1224 1052 1289 1103 vult
1308 1053 1373 1102 Lar-

224 1140 314 1175 mesae
328 1125 434 1190 probet
470 1125 559 1191 Atque
575 1126 683 1175 omnino
698 1126 767 1176 satis
818 1125 930 1187 cherua,
950 1141 1009 1176 curn
1028 1125 1116 1175 adbuc
1134 1123 1217 1174 nulla
1236 1121 1374 1186 hierogly-

225 1210 297 1245 nunc
318 1198 385 1244 nota
407 1195 462 1244 ista
484 1195 526 1244 vis
556 1195 767 1260 praepositionis
817 1195 956 1260 phicorum
983 1195 1099 1260 vestigia
1121 1195 1152 1244 in
1179 1191 1373 1259 pyramidibus

225 1255 279 1326 ἐξ
272 1281 301 1314 ιιι
318 1264 408 1314 verbis
430 1266 598 1330 compositis.
628 1267 689 1316 Hoc
706 1265 767 1316 loco
818 1266 1028 1330 conspiciantur.
1070 1264 1146 1314 Idem
1172 1263 1270 1328 placet
1289 1259 1372 1311 Dahl-

225 1333 358 1400 periectio
376 1335 549 1398 pyramidis'
542 1335 664 1400 inprimis
684 1336 767 1400 perti·
818 1351 917 1385 manno
941 1333 1017 1400 (Her.
1038 1353 1065 1401 p.
1084 1333 1145 1400 65),
1177 1349 1242 1384 cum
1268 1330 1372 1395 alioqui

225 1409 272 1455 net
295 1403 330 1454 ad
353 1403 453 1468 politos
471 1405 540 1455 istos
562 1405 680 1470 lapidos,
707 1406 767 1470 'qui-
818 1421 986 1470 supervacua
1012 1409 1085 1455 esset
1112 1419 1166 1454 vox
1191 1398 1370 1467 Αίγυπτιᾍων

225 1475 276 1525 bus
301 1473 517 1538 superstruendia
541 1479 602 1525 tota
618 1476 767 1540 pyramidis
817 1475 958 1540 ipsumque
982 1475 1050 1526 adeo
1070 1473 1265 1538 inscriptionis
1291 1485 1371 1552 argu-

226 1543 383 1608 superficies
406 1543 493 1594 laevis
520 1549 548 1594 et
572 1545 655 1610 plana
676 1544 766 1606 fieret3
819 1550 937 1595 mentum
960 1543 1145 1610 hieroglyphis
1168 1543 1299 1608 proiecto
1324 1540 1371 1590 mi-

226 1613 273 1664 ubi
288 1613 395 1662 initium
414 1614 690 1665 iacientesasummo
707 1615 767 1666 loco
818 1631 869 1665 nus
896 1615 1006 1680 dignum
1032 1615 1140 1664 luisset.
1185 1614 1281 1678 Atque
1309 1625 1369 1660 curn

227 1683 284 1746 (nbi
302 1681 418 1732 faciliori
437 1699 519 1748 opera
541 1685 593 1736 hoc
613 1684 705 1750 perfici
723 1703 768 1751 po-
819 1689 880 1803 post
889 1685 1044 1736 Herodotus
1056 1684 1236 1748 interpretem
1249 1679 1370 1746 appellet

227 1753 312 1813 terat)
337 1751 400 1804 inde
423 1753 488 1803 ad
481 1770 535 1804 ιιιιιι
557 1754 767 1806 descendebant.
820 1743 978 1819 (ἑρμηνία),
1006 1755 1052 1820 qui
1074 1755 1126 1819 ipsi
1148 1753 1220 1803 baec
1242 1749 1368 1809 edixerit,

226 1825 321 1887 Neque
341 1822 412 1872 euim
429 1823 483 1874 alio
498 1825 577 1875 modo
595 1829 683 1875 totum
700 1841 767 1889 opus
818 1823 940 1889 vulgaris
955 1824 1088 1874 hominem
1102 1821 1274 1874 conditionis
1290 1822 1369 1885 putat

123 1891 134 1900 ’
226 1892 320 1958 perlici
344 1893 446 1956 potuit,
472 1900 503 1944 ut
522 1894 642 1946 ostendit
665 1894 766 1946 Hirtl.
821 1893 905 1944 inisse
923 1894 1108 1944 Graecanicae
1131 1893 1254 1942 sortasse
1272 1889 1368 1949 faecis,

226 1965 245 2014 l.
260 1980 286 2028 p.
299 1963 333 2013 ‘25
352 1967 379 2012 et
392 1964 562 2028 potissimum
580 1965 682 2014 Wilde.
701 1966 769 2014 Nar·
819 1979 889 2029 quae
911 1963 973 2014 inde
996 1980 1013 2013 a
1031 1962 1222 2014 Psammitichi
1247 1965 1368 2024 tempore

226 2035 314 2084 rative
332 2033 363 2082 ct
379 2049 396 2082 a
406 2034 519 2101 Voyage
536 2041 566 2086 to
581 2035 704 2085 Madeira
715 2040 767 2086 etc.
819 2050 866 2098 per
879 2033 1032 2097 Aegyptum
1044 2033 1188 2084 habitarit.
1216 2031 1299 2083 Conf.
1314 2029 1368 2078 He

227 2101 474 2167 includingavisit
492 2109 520 2156 to
534 2107 627 2170 Egypt
640 2109 693 2154 etc
713 2107 769 2156 Du·
818 2103 907 2154 rodet.
928 2103 965 2166 ΙΙ,
986 2104 1044 2155 154.
1082 2103 1149 2153 Mihi
1164 2101 1296 2153 consulto
1315 2099 1368 2148 No·

226 2173 292 2224 blin.
310 2171 386 2222 1844.
405 2175 495 2236 pato
511 2191 580 2240 seq„
599 2175 767 2225 Athenaeum
819 2177 888 2232 ster,
908 2172 1274 2256 quafideeratinorqnibns
1291 2183 1367 2220 enar-

230 2244 304 2295 1843.
333 2258 375 2293 nr.
401 2242 462 2294 829.
487 2260 550 2308 pag.
574 2242 626 2300 829
654 2243 712 2306 (ubi
738 2245 768 2294 id
819 2243 925 2302 randis,
945 2234 1097 2296 hlrcv
1081 2257 1206 2306 ιρμηνεα
1224 2247 1325 2292 testem
1339 2241 1367 2286 et

226 2314 315 2376 ipsum
342 2312 461 2376 imagine
483 2313 578 2363 addita
604 2313 767 2376 illustratur)
818 2317 955 2364 auctorem
968 2313 1093 2363 attulisse
1105 2312 1225 2375 videtur
1245 2327 1280 2362 ne
1291 2310 1365 2368 baec

227 2387 255 2431 et
274 2381 349 2430 1844.
361 2397 402 2431 ιιι.
417 2381 475 2432 160.
486 2399 514 2447 p.
526 2382 587 2434 359.
616 2383 686 2433 Add.
703 2383 769 2433 Wil·
820 2382 937 2444 utalia,
956 2398 1027 2446 quae
1044 2383 1135 2444 affert,
1155 2399 1170 2432 e
1189 2381 1365 2433 sacerdotum

227 2452 325 2500 kinson
348 2451 388 2499 in:
413 2451 545 2516 Quaterly
560 2453 669 2502 Rerieu
690 2453 766 2504 1835.
820 2467 866 2502 ore
892 2453 1002 2503 fluxisse
1027 2457 1201 2517 putarentur,
1234 2452 1270 2502 ad
1299 2463 1365 2514 quos

226 2537 268 2571 nr.
287 2519 341 2570 CV.
363 2535 388 2583 p.
407 2521 466 2580 115,
484 2522 634 2572 Latronne:
653 2523 769 2573 Recher-
819 2526 944 2572 auctores
954 2538 1102 2587 provocare
1115 2521 1185 2572 solet
1198 2524 1227 2572 iu
1239 2523 1275 2571 iis
1278 2531 1366 2584 ,quae

226 2590 290 2640 obes
314 2605 360 2638 sur
378 2590 468 2639 Dicuil
487 2606 515 2655 p.
537 2591 586 2642 104
609 2591 669 2642 coll.
689 2593 770 2644 Jour-
820 2591 854 2642 ad
873 2591 1013 2642 historiam
1030 2598 1078 2642 aut
1091 2593 1180 2642 adres
1199 2605 1296 2642 sacras
1308 2602 1365 2652 per-

227 2657 315 2709 nald.
336 2659 400 2708 Sar.
422 2659 499 2711 1841.
523 2677 550 2724 p.
569 2661 630 2712 453.
674 2663 770 2738 Neque
820 2663 923 2721 tinent;
944 2663 979 2712 ad
996 2661 1185 2742 quoseosdem
1201 2663 1268 2712 inde
1284 2660 1365 2709 etiam

226 2745 290 2780 vero
314 2729 439 2846 equidem
464 2730 574 2780 verbum
600 2723 768 2795 ἐξεποιήθη,
820 2730 907 2781 refero
926 2730 992 2781 illud
1013 2726 1117 2796 ἔλεγον,
1137 2732 1209 2796 qnod
1227 2743 1364 2790 moxcap.

225 2791 381 2861 1,ξεποίευν
394 2788 769 2864 ἐξεποίησανιιὰιιιιιιιιΙιια-
820 2799 872 2852 116
890 2805 917 2850 et
939 2801 986 2851 127
1004 2800 1113 2866 legitur.
1150 2801 1204 2852 Sed
1231 2801 1268 2852 ad
1288 2811 1365 2865 pyra·

226 2867 338 2934 rigandi
351 2884 473 2932 operam,
497 2870 599 2922 iactam
618 2869 691 2922 illam
712 2872 769 2937 qni
820 2869 899 2929 midie
916 2870 1119 2936 inscriptionem
1137 2871 1208 2921 banc
1232 2872 1364 2933 interpre-

227 2939 288 2990 dem
305 2939 440 3003 lapidibus
462 2934 645 2990 rudiorstms
638 2957 666 2990 ιιι
684 2942 768 2992 altum
819 2940 929 2991 tundam
953 2941 994 2990 nti
1020 2945 1127 3005 poterat
1149 2941 1274 3006 vulgaris
1300 2951 1363 2988 con-

227 3009 318 3069 elatis‚
336 3007 484 3070 retulerim,
514 3011 562 3060 sed
580 3011 614 3060 de
630 3015 687 3062 toto
707 3028 769 3061 con·
820 3009 932 3060 ditionis
950 3011 1072 3072 homine,
1098 3026 1150 3075 quo
1166 3011 1237 3061 duce
1255 3007 1362 3060 omnino

227 3078 359 3129 liciendee
382 3047 528 3144 pyramidis
553 3082 662 3142 negotio
691 3081 770 3132 intel-.
819 3095 866 3145 per
879 3080 1033 3144 Aegyptum
1051 3081 1187 3142 utebatur,
1206 3081 1254 3145 qui
1271 3077 1364 3142 vulga·

225 3148 292 3213 ligo,
312 3149 384 3214 quod
396 3165 483 3213 aeque
500 3149 637 3214 lapidibus
653 3151 769 3200 bracem
820 3150 857 3200 ria
881 3151 1030 3214 scripturae
1050 3155 1078 3200 et
1094 3149 1205 3228 linguae
1230 3150 1300 3200 satis
1318 3160 1363 3222 pe-

226 3217 311 3268 altum
333 3217 459 3268 tollendis
484 3224 567 3284 atque
584 3225 641 3270 tum
661 3237 769 3285 compo-
819 3221 887 3269 ritus
911 3219 1147 3284 inscriptionem,
1151 3211 1210 3280 ,διὰ
1235 3205 1361 3284 γραμμά·

226 3286 321 3338 nendis
337 3291 365 3338 et
380 3287 563 3353 laevigandis,
581 3295 611 3338 ut
628 3289 710 3353 plana
723 3289 769 3340 tie-
818 3303 875 3337 των
891 3283 1073 3353 Αἰγυπτίωνιί
1097 3255 1198 3339 faulam
1225 3288 1361 3354 explicare

226 3361 267 3407 ret
278 3362 337 3408 tota
348 3357 513 3422 superficies,
525 3359 660 3412 constitit.
686 3361 768 3410 Nam·
818 3358 917 3423 potuit.
936 3359 1011 3420 Quas
1019 3358 1113 3409 literas
1125 3358 1197 3444 quod
1209 3356 1359 3434 Aegyptias

226 3443 279 3494 que
309 3427 448 3492 pyramide
475 3428 544 3480 hoc.
561 3429 642 3479 inodo
671 3445 769 3480 conve·
818 3429 917 3478 Noster
934 3428 1001 3478 dicit
1009 3445 1119 3493 ,neque
1136 3422 1230 3491 sepiis,
1250 3429 1278 3478 id
1296 3421 1361 3476 mihi

216 3497 359 3556 ,stienda'
351 3512 411 3562 ipsa
428 3499 517 3562 operis
533 3499 665 3562 perfectio
683 3500 768 3550 conti·
818 3497 919 3548 iudicio
937 3513 997 3548 esse
1015 3499 1136 3560 videtur,
1155 3498 1284 3562 vulgares
1301 3495 1359 3545 lite·

203 3565 350 3618 'nebatna
387 3569 467 3630 Quod
483 3568 550 3617 nihil
568 3567 695 3632 impedit,
714 3585 767 3633 quo
818 3581 878 3628 ras,
904 3583 971 3632 quas
996 3568 1144 3618 demoticas
1162 3583 1245 3632 supra
1262 3567 1306 3628 11,
1325 3560 1358 3614 36

225 3638 387 3688 minuciam
407 3642 489 3688 antea
508 3637 536 3686 hi
554 3637 658 3702 lapidea
676 3637 766 3704 aliquo
819 3637 899 3698 dixit,
924 3637 950 3687 1ι.
969 3637 987 3687 l.
1007 3637 1198 3700 intelligendas
1217 3653 1292 3694 esse,
1316 3647 1359 3682 ne

225 3707 305 3757 modo
319 3707 409 3771 parati
427 3706 549 3773 adeoque
565 3707 697 3771 laevigati
712 3709 767 3758 lue·
818 3722 870 3771 que
882 3673 962 3756 rlctas
979 3705 1211 3771 hieroglyphicas,
1226 3673 1358 3771 qualesh.

225 3777 292 3839 rint,
311 3777 418 3842 qualem
435 3793 544 3841 operam
557 3777 767 3842 exhibetimago
817 3776 835 3828 l.
854 3775 987 3826 intellexit
1012 3777 1182 3826 Letronne
1174 3791 1216 3824 m:
1244 3768 1357 3826 Journal

225 3863 242 3896 a
259 3814 431 3896 lllilkinscno
450 3848 577 3896 Manners
596 3851 648 3900 etc.
668 3847 722 3898 111.
739 3863 765 3912 p.
819 3845 917 3897 (1.8ιιν.
928 3846 1004 3898 1841.
1013 3846 1106 3910 μ.397.
1122 3845 1181 3906 Quo
1193 3846 1294 3895 rectius
1304 3857 1359 3906 opl

225 3915 276 3968 335
294 3916 412 3980 pr.olata
818 3931 868 3966 nor
883 3915 1050 3966 Wilkinson:
1070 3916 1176 3966 Thebes
1194 3917 1247 3965 ann
1258 3914 1356 3992 Egypt

259 3933 439 4050 >Sacriportum
470 3977 502 4034 dl
526 3975 574 4033 1ιὰ
598 3998 768 4048 γρυμιιαιων
818 4001 846 4050 p.
860 3983 911 4034 335
929 3984 963 4035 de
977 3985 1162 4051 hieroglyphis
1181 3984 1225 4034 hic
1244 3979 1357 4050 cogitari

225 4048 387 4117 Αἰγυπτίων
402 4046 432 4104 ἐν
445 4053 481 4120 τῆ
500 4051 650 4119 πυραμίδι]
670 4055 767 4104 Inscri-
819 4069 898 4120 posse
914 4059 1007 4119 negat.
1042 4056 1079 4105 111
1096 4070 1161 4105 vero
1175 4053 1227 4104 boc
1246 4054 1357 4116 scriptu·

225 4128 272 4187 pta
289 4123 357 4176 haee
379 4125 465 4174 tuisse
481 4123 619 4189 lapidibus
639 4123 695 4173 illis
713 4123 769 4175 lae·
818 4139 865 4174 rae
880 4138 966 4188 genus
977 4124 1150 4185 demoticmn,
1169 4123 1239 4187 quod
1252 4123 1357 4178 vocant,

224 4192 340 4256 rigatis,
364 4193 461 4257 quibus
479 4198 539 4244 tota
556 4193 676 4258 pyramis
694 4197 769 4244 tecta
819 4209 851 4243 eo
868 4196 997 4257 tempore,
1016 4209 1070 4259 qno
1086 4193 1241 4258 pyramides
1259 4197 1359 4242 exstru-

225 4261 292 4322 iuit,
311 4263 379 4312 satis
398 4267 625 4322 consentaneum,
644 4263 681 4314 ci.
694 4264 768 4314 Hirt.
819 4266 880 4312 ctae
898 4261 1022 4322 inerunt,
1042 4264 1160 4314 nondum
1180 4262 1317 4312 exstitisse
1335 4257 1358 4306 si

224 4329 244 4380 l.
268 4329 286 4380 l.
311 4346 337 4396 p.
366 4329 399 4382 13
424 4346 500 4396 seqq.
542 4299 662 4382 Verblsm
689 4323 769 4396 σεσή
819 4331 976 4395 contendas,
995 4333 1085 4396 potuit
1102 4332 1196 4398 ntique
1213 4329 1357 4396 posteriora
