3020 4930
553 251 566 276 .
617 207 884 272 EXOURSUS
905 209 938 270 X

584 565 906 644 EXCURSUS
937 569 976 643 X

428 737 514 803 An
559 735 1128 818 uenenorum.

701 939 861 950 ——un—-v

296 1072 376 1134 Quae
398 1070 448 1123 boc
464 1070 553 1140 cupite
570 1075 719 1124 nouantur
740 1071 775 1124 de
791 1071 990 1142 Rbsmpriuite‚
1013 1067 1106 1120 eadem
1129 1069 1187 1121 fere
1206 1066 1352 1120 memorius
1467 1121 1469 1146 ,

211 1157 321 1227 prodite
341 1155 522 1210 inveniuntur
538 1155 567 1208 iu
583 1154 752 1208 Graecorum
766 1156 859 1210 fabula
875 1157 909 1209 de
925 1156 1062 1226 Agamede
1085 1159 1168 1223 atque
1187 1153 1352 1224 Trophonio.

212 1242 269 1306 Qui
291 1241 397 1294 aedium
418 1240 647 1294 exstruendorum
669 1245 728 1294 erte
747 1241 873 1310 insignes
896 1259 948 1311 pro
962 1239 1009 1292 illa
1028 1243 1119 1292 aetate
1136 1237 1242 1306 Hyrieo
1264 1255 1351 1291 mme-

212 1345 268 1380 rem
284 1326 424 1380 thesauris
440 1325 590 1378 condendis
606 1325 769 1380 destinatam
784 1327 944 1392 aedificent,
960 1325 989 1377 in
1005 1340 1061 1394 qua
1076 1341 1160 1376 unum
1175 1322 1291 1392 lapidem
1310 1323 1352 1375 sic

212 1413 340 1464 inserunt
355 1411 544 1478 extrinsecus,
570 1417 600 1463 ut
614 1410 688 1463 facili
709 1430 793 1482 opera
814 1412 894 1465 eximi
911 1409 1043 1481 potnerit.
1074 1409 1142 1461 lnde
1164 1409 1244 1461 simili
1260 1409 1351 1474 modo,

213 1514 267 1566 quo
285 1495 439 1565 Aegyptius
456 1495 563 1563 opifex,
586 1496 662 1564 regis
678 1497 824 1550 thesauros
841 1501 1001 1567 asportent,
1025 1494 1074 1563 qui
1092 1494 1138 1546 ubi
1159 1493 1210 1546 boc
1231 1493 1352 1547 animsd-
1386 1525 1390 1534 ·

213 1581 313 1646 vertit,
336 1581 424 1634 omnia
442 1579 549 1650 laqueis
565 1581 659 1649 cingit.
693 1582 804 1644 Quibus
825 1583 954 1634 irretitus
970 1579 1122 1647 Agamedes
1145 1597 1162 1631 e
1177 1580 1264 1632 fretre
1279 1578 1353 1631 Tro-

213 1666 315 1736 phonio
334 1667 373 1738 (is
386 1666 456 1718 enim
471 1665 597 1732 timebat,
621 1684 655 1718 ne
671 1666 731 1735 ipse
747 1667 826 1720 simul
842 1663 1109 1736 deprehenderetur)
1132 1671 1245 1717 necatur
1261 1664 1353 1734 cepite

213 1751 331 1804 ebsciso.
361 1750 416 1803 Sed
436 1755 534 1820 postea
554 1757 629 1804 terra
647 1751 784 1805 scinditur
798 1750 1043 1821 Trophoniumque
1063 1749 1188 1802 devorat.
1220 1749 1264 1800 Its
1278 1749 1354 1801 Pau-

213 1837 307 1892 saniae
323 1834 370 1904 lx,
385 1839 429 1894 37.
448 1840 474 1901 s.
490 1839 522 1903 3,
548 1853 599 1888 nec
615 1835 695 1888 aliter
709 1838 769 1890 fere
786 1837 894 1889 Charax
914 1837 942 1888 in
964 1833 1050 1887 schol.
1065 1834 1099 1886 sd
1115 1833 1257 1904 Aristoph.
1274 1835 1352 1887 Nub.

214 1926 266 1981 504
284 1919 346 1974 coll.
362 1921 450 1989 llgen.
467 1920 501 1972 ed
518 1921 608 1989 hymn.
624 1921 750 1974 Homerr.
768 1941 795 1992 p.
807 1927 868 1981 304.
900 1921 956 1974 lam
978 1919 1102 1988 origines
1123 1919 1247 1972 Graecae
1268 1919 1354 1972 buius

213 2005 323 2060 fabulae
339 2006 364 2059 si
379 2023 512 2076 quaeres,
532 2011 623 2059 monet
636 2006 837 2060 Valckenarius
855 2007 889 2059 ed
904 2005 1039 2058 Herodoti
1054 2004 1159 2056 locum:
1181 2005 1245 2072 „Ex
1262 2005 1354 2058 Hero-

213 2093 278 2145 doto
295 2091 426 2144 videntur
446 2109 463 2142 e
477 2091 615 2144 Graeculo
631 2092 747 2160 quodem
768 2092 887 2162 repetita
909 2096 992 2161 etque
1008 2090 1034 2142 in
1050 2088 1210 2157 Agamedem
1226 2089 1355 2159 'I'roplro-

215 2178 344 2246 niumque
365 2175 519 2244 translate,
543 2193 629 2246 equo
651 2193 703 2228 sua
717 2177 863 2230 hauserint
880 2175 989 2228 Charax
1014 2181 1042 2227 et
1055 2174 1241 2228 Puussnias.“
1272 2174 1355 2237 Quae

215 2263 307 2314 eedem
323 2261 451 2330 placuere
471 2260 560 2329 ilgen.
577 2261 595 2313 l.
612 2261 629 2312 Ι.
661 2260 768 2314 Contra
784 2261 904 2314 fabulam
920 2279 986 2313 vere
1002 2262 1134 2313 Graecam
1150 2265 1179 2312 et
1192 2263 1290 2330 postea
1305 2259 1355 2312 de·

214 2364 283 2400 nrum
297 2345 325 2398 in
337 2345 495 2414 Aegyptum
510 2345 670 2398 translatum
686 2346 842 2416 cupideque
856 2347 890 2398 ab
901 2345 1092 2399 sacerdotibus
1108 2351 1245 2415 arreptum
1262 2351 1291 2398 et
1302 2363 1356 2415 pro

213 2449 286 2484 more
302 2435 458 2482 exornatum
474 2449 536 2482 esse
551 2430 736 2483 contenditC.
750 2431 786 2483 0.
799 2431 953 2484 Muellerus
967 2431 995 2483 in
1009 2429 1171 2483 Orchomen.
1185 2433 1254 2500 p.9'l
1263 2447 1355 2500 seqq,

214 2535 230 2568 e
251 2519 382 2569 Creueero
404 2513 532 2567 laudatus
583 2516 769 2568 Buttmannus
793 2533 861 2569 vero
884 2516 938 2587 (de
958 2515 1065 2583 Minyis
1089 2515 1116 2566 in
1135 2515 1290 2584 Mytholog.
1316 2515 1355 2567 ll.

214 2621 242 2672 p.
255 2605 307 2661 227
324 2599 400 2668 seq.)
424 2599 457 2652 ed
480 2616 566 2668 vegas
590 2599 651 2652 illas
671 2599 794 2668 fabulas,
818 2617 889 2670 quae
911 2600 945 2652 ed
966 2601 1044 2653 veria
1066 2605 1094 2652 et
1108 2605 1232 2670 ternpore
1251 2607 1280 2654 et
1294 2599 1357 2652 loca

214 2687 321 2740 fuerint
337 2683 505 2752 translatae,
528 2686 723 2755 huncquoque
740 2685 909 2738 historiolam
930 2687 1031 2754 refert,
1057 2703 1090 2738 ex
1107 2685 1229 2752 oriente,
1253 2685 1278 2738 si
1295 2684 1356 2755 pla-

214 2777 272 2838 cet,
301 2775 332 2823 ut
353 2769 406 2820 alia
429 2769 584 2824 huiusmodi
609 2771 643 2822 ed
665 2771 790 2823 Graecos
810 2771 951 2823 deductum
975 2777 1058 2840 stqne
1075 2770 1155 2824 etiam
1170 2769 1357 2840 Rhampsiniti

215 2857 299 2910 rebus
324 2855 469 2906 insertam:
496 2855 597 2926 inquo
622 2871 715 2907 verum
730 2855 835 2909 vidisse
849 2856 1044 2909 Buttmannum
1066 2855 1229 2926 pronuntiat
1247 2853 1357 2908 ldeler:

215 2941 267 2994 Die
282 2941 355 3008 Ssge
371 2957 431 2991 vom
448 2939 553 2994 Scbuss
570 2941 619 2993 des
635 2939 696 2992 Tell
712 2959 739 3010 p.
757 2945 801 2999 63.
837 2941 892 2993 Sed
908 2941 974 2992 haec
991 2941 1038 3011 qui
1061 2941 1234 3010 probaverit,
1255 2941 1280 2993 is
1297 2939 1356 2992 He-

216 3025 313 3079 rodoto
331 3042 434 3077 omnem
446 3025 525 3079 fidem
538 3027 657 3094 deneget
672 3044 787 3078 necesse
802 3031 854 3095 est,
874 3043 954 3096 quam
969 3025 1032 3078 mibi
1048 3043 1174 3078 summam
1191 3043 1264 3092 esse,
1281 3025 1357 3077 bsud

216 3127 272 3162 uno
291 3109 351 3162 loeo
366 3109 418 3160 inm
434 3110 580 3164 declaravi.
612 3110 707 3173 Quare
723 3109 810 3163 malim
825 3111 859 3162 ed
874 3111 1050 3164 Valckenarii
1072 3117 1156 3181 atque
1175 3110 1275 3178 llgenii
1291 3127 1357 3180 per·

214 3202 259 3247 tes
276 3194 405 3247 accedere
421 3200 450 3246 et
465 3214 498 3248 ex
511 3195 638 3265 Aegypto
651 3195 775 3248 Graecae
791 3195 900 3248 fabulae
916 3195 1040 3264 origines
1054 3202 1189 3266 repetere.
1223 3193 1265 3247 Ad
1281 3195 1357 3263 egri-

216 3277 340 3331 eulturae
363 3284 454 3330 autern
470 3280 598 3332 notiones
614 3279 732 3332 fabulam
751 3287 877 3349 spectare
893 3281 938 3333 rix
954 3281 1079 3351 equidem
1094 3281 1248 3333 dubitarim.
1285 3280 1359 3332 Nem

218 3364 401 3434 Trophonium
417 3363 544 3417 novimus
560 3366 675 3416 eundem
694 3383 756 3417 esse
774 3369 857 3435 etque
869 3367 1032 3420 Mercurium
1052 3383 1121 3432 enm,
1138 3365 1186 3436 qui
1202 3366 1255 3418 sub
1271 3365 1359 3418 terris

216 3449 348 3515 hebetur,
374 3443 492 3518 χθόνιος
517 3450 576 3502 sive
598 3443 753 3518 ἐριούνιοςς
779 3451 826 3520 qui
849 3451 960 3521 quando
984 3470 998 3503 e
1020 3451 1134 3504 cerneris
1156 3450 1358 3503 subterraneos

216 3536 363 3588 thesauros
382 3533 500 3602 surripit
524 3541 552 3586 et
570 3535 604 3586 ed
629 3533 715 3586 lucem
737 3537 859 3604 profert,
886 3535 1002 3589 indicari
1023 3537 1135 3589 ridetur
1157 3553 1255 3604 seges,
1284 3551 1359 3605 qnse
1391 3601 1394 3606 Ι

216 3638 249 3672 ex
267 3619 370 3672 intimis
392 3623 484 3672 terrae
506 3620 586 3690 quasi
606 3619 787 3688 receptaculis
809 3620 836 3672 in
857 3621 943 3676 lucem
957 3621 1092 3674 educitur
1106 3627 1189 3692 etque
1211 3619 1357 3673 emittitur.

215 3706 276 3758 Nec
298 3703 358 3756 sine
380 3703 459 3772 gravi
482 3704 605 3773 periculo
622 3705 753 3758 damnove
774 3705 825 3758 hoc
843 3706 905 3758 fieri
920 3711 1027 3775 potest:
1049 3707 1096 3776 qui
1119 3705 1190 3758 enim
1209 3705 1259 3757 hoc
1274 3705 1358 3758 nobis

216 3795 340 3860 praestet
354 3795 531 3860 segetemque
547 3789 574 3840 in
592 3796 667 3842 terre
683 3790 819 3842 conditam
834 3790 862 3842 in
881 3789 966 3844 lucem
981 3793 1102 3861 profert,
1124 3791 1149 3844 is
1165 3795 1277 3843 mortem
1294 3789 1358 3859 ipse

216 3876 297 3928 obest
318 3880 345 3926 et
360 3869 468 3952 :summe
493 3891 618 3944 quaeque
639 3875 700 3944 ipse
722 3875 844 3943 patietur
866 3893 981 3928 necesse
1003 3881 1055 3928 est.
1097 3876 1150 3928 Ubi
1169 3875 1258 3928 teneri
1274 3873 1358 3928 velim

216 3959 344 4010 notiones
358 3959 399 4011 'de
424 3959 475 4011 deo
497 3959 670 4028 perpetiente
685 3965 713 4012 et
729 3958 798 4012 male
813 3960 929 4012 humane
945 3963 1084 4014 subeunte
1106 3961 1140 4014 ad
1155 3960 1289 4012 beneficia
1305 3960 1358 4011 bu-

214 4059 293 4094 meno
309 4043 404 4110 generi
421 4043 578 4097 tribuenda.
609 4043 815 4097 Vid.Creuseri
829 4045 950 4111 symbol.
968 4045 1005 4097 ll.
1022 4047 1108 4114 p.379
1117 4063 1176 4116 seq.
1196 4043 1257 4097 coll.
1274 4044 1308 4096 C.
1319 4043 1357 4095 0.

215 4125 342 4178 Mueller.
361 4127 533 4198 1.t.p.155·
573 4129 614 4182 nd
635 4128 798 4197 Aegyptiam
819 4129 936 4183 fabulam
958 4131 991 4182 de
1017 4129 1207 4200 Rhampsinito
1234 4129 1360 4198 pertinet

215 4210 336 4262 eiusdem
359 4227 470 4282 quoque
486 4213 561 4282 regis
583 4214 635 4266 iter
651 4214 685 4265 ad
702 4213 826 4278 inferos,
853 4215 999 4284 ipsumque
1015 4215 1201 4268 commercium
1223 4213 1357 4266 comdiis

212 4293 329 4368 inserirur
347 4297 539 4366 praesidibus,
558 4298 591 4350 de
607 4299 709 4369 quibus
725 4298 780 4352 vid.
798 4304 868 4354 nott.
886 4300 920 4352 ad
937 4300 973 4364 ll,
992 4305 1051 4357 12⁸2.
