3008 4924
240 324 301 388 824
675 318 945 382 HERODO'I'I

241 504 279 571 ἐν
295 499 379 587 Σάι,
399 503 552 590 κείμενος
565 494 649 567 κατὰ
662 493 721 567 τὸν
736 493 839 565 αὐτόν
855 493 980 585 τρόπον
994 497 1042 588 τῷ
1057 493 1094 562 ἐν
1112 493 1245 582 Μέμφι.
1266 498 1307 581 τῇ
1314 489 1383 560 Ἴσι

241 631 277 674 τε
296 603 333 676 τό
351 607 389 676 ἐν
402 605 524 692 Μέμφι
544 600 618 693 λρόν
634 599 774 691 ’Ἇμασίς
794 602 862 670 ἐστι
881 594 899 668 ὁ
920 596 1193 687 ἐξοικοδομήσας,
1214 594 1272 666 ἐόν
1292 599 1383 685 μέγα

241 737 277 779 τε
295 710 350 779 καὶ
364 705 651 794 ἀξιοθεητότατον.

177 813 236 874 ¹77
317 811 389 882 Ἐπ’
415 809 567 900 Ἀμάσιος
589 809 626 880 δὲ
650 808 803 899 βασιλέος
830 807 961 893 λέγεται
980 814 1148 892 Αλγυπιος
1171 804 1312 892 μάλιστα
1338 801 1384 892 δὴ

242 917 316 988 τότε
331 913 584 1005 εὐδαιμονῆσαι,
599 915 655 984 καὶ
668 909 709 982 τὰ
723 908 789 981 ἀπὸ
803 914 863 979 τοῦ
877 913 1028 999 ποταμοῦ
1041 913 1083 1001 τῇ
1100 906 1191 997 χώρῃ
1207 907 1382 996 γινόμενα,

243 1023 299 1092 καὶ
313 1019 353 1091 τὰ
366 1017 432 1092 ἀπὸ
445 1025 503 1106 τῆς
517 1017 626 1108 χώρης
638 1032 725 1087 τοῖσι
739 1011 962 1102 ἀνθρώποισι.
991 1014 1047 1081 καὶ
1061 1011 1157 1092 πόλις
1172 1014 1210 1082 ἐν
1223 1008 1309 1102 αὐτῇ
1322 1039 1382 1099 με·

243 1127 364 1197 stass
384 1122 442 1205 τὰς
462 1119 591 1203 ἁπάσας
609 1121 685 1192 τότε
708 1125 886 1209 δισμυρίας
904 1115 963 1198 τὰς
981 1119 1184 1206 οἰκεομένας.
1216 1115 1320 1205 νόμον
1342 1115 1383 1185 δὲ

242 1327 278 1380 ad
296 1341 389 1378 vocem
408 1319 503 1388 ἕτερος
524 1321 646 1373 additum
664 1322 786 1372 invenis·
836 1321 945 1385 rationi,
964 1320 1062 1371 statuit
1072 1317 1279 1383 Wesselingius,
1298 1317 1385 1369 Grae-

242 1404 289 1450 tur.
304 1395 420 1452 λίδινος
441 1391 497 1444 alia
521 1398 603 1459 atque
627 1393 655 1442 in
679 1397 786 1442 eutece—
837 1409 897 1443 cum
921 1393 1080 1457 scriptorem
1104 1403 1154 1440 sua
1170 1387 1313 1453 Aegyptiis
1339 1403 1384 1438 sa-

244 1468 370 1518 dentibus
383 1463 592 1531 significatione.
620 1463 717 1528 Itaque
731 1463 786 1512 Ita·
837 1461 992 1513 cerdotibus
1012 1459 1119 1522 debere,
1137 1457 1183 1525 qui
1198 1456 1284 1508 multa
1301 1456 1384 1508 dissi-

242 1537 287 1589 lus
298 1539 431 1602 interpres
442 1534 523 1600 plane
539 1533 629 1584 omisit
641 1549 736 1583 vocem
746 1529 786 1581 λί-
836 1531 966 1582 mularint
991 1535 1018 1580 et
1041 1528 1137 1579 ultima
1159 1526 1297 1577 Amasidie
1322 1527 1385 1578 fata

244 1607 339 1670 δινος,
355 1605 459 1671 reliqua
469 1605 509 1654 sic
519 1607 642 1654 vertens:
661 1603 786 1666 „stanno
838 1602 996 1668 felicemque
1026 1599 1103 1664 regni
1135 1601 1237 1648 statum
1268 1597 1383 1647 nimium

245 1678 298 1728 duo
316 1676 415 1727 colossi
435 1673 462 1723 di
474 1673 563 1738 pietra
575 1673 694 1738 eticpica
706 1703 741 1714 -
752 1699 787 1710 -
838 1676 968 1738 quantum
982 1670 1115 1721 auxerint.
1140 1669 1225 1731 Quem
1238 1667 1315 1718 multi
1328 1668 1383 1718 viri

245 1751 274 1798 od
292 1749 316 1796 κ’
329 1747 363 1796 λα
376 1743 453 1796 aucte
466 1759 499 1792 uu
512 1745 579 1794 altro
592 1743 620 1792 in
636 1743 698 1794 Sa'is
713 1741 786 1792 etc.“
839 1743 912 1793 docti
931 1741 1018 1792 secuti
1045 1745 1118 1792 sunt.
1154 1739 1198 1788 Tu
1219 1737 1291 1788 conf.
1309 1741 1383 1789 nott.

245 1819 278 1868 In
297 1832 371 1882 seqq.
397 1813 561 1864 adverbum
585 1803 788 1875 ἐξοικοδομεῖν
839 1811 873 1862 ad
890 1813 927 1875 11,
949 1811 1007 1862 161.
1044 1808 1176 1874 Equidem
1195 1807 1222 1856 in
1237 1808 1383 1858 tantodis-

246 1887 318 1938 conf.
333 1889 466 1952 cognatae
476 1882 595 1934 notionis
609 1881 720 1932 verbnm
735 1872 787 1930 ἐκ·
839 1897 920 1932 sensu
938 1880 1003 1947 quid
1021 1879 1087 1930 certi
1105 1883 1238 1940 statuum,
1261 1893 1315 1928 non
1334 1879 1384 1928 ha-

246 1957 353 2023 ποιεὶν,
373 1955 407 2006 de
422 1968 475 2020 quc
490 1951 528 2016 11,
549 1953 608 2003 125.
630 1951 688 2004 136.
707 1951 764 2002 175.
838 1953 903 2014 bec,
924 1965 1085 2016 quamquam
1103 1948 1154 1999 hoc
1166 1947 1261 2013 negari
1277 1949 1384 2014 nequit,

838 2020 991 2072 Amasidem
1002 2019 1082 2070 valde
1093 2023 1234 2084 acceptum
1247 2017 1331 2068 fuisse
1343 2019 1384 2068 vi-

392 2075 459 2126 011'·
479 2073 639 2125 CLXXVII·
839 2091 897 2141 deri
920 2089 1124 2152 sacerdotibus,
1147 2103 1259 2154 quornm
1276 2089 1384 2138 animos

275 2151 335 2210 Ἐπ’
349 2150 477 2225 Ἀμάσιος
490 2149 788 2224 ὃέ-εὗδαιμονῆσαι]
840 2161 893 2211 sibi
910 2159 988 2212 valde
1001 2157 1088 2216 ,illum
1111 2157 1272 2209 conciliasse
1296 2173 1329 2208 ex
1348 2159 1383 2208 iis

245 2233 318 2284 Vere
335 2230 402 2282 haec
420 2230 521 2292 rideri,
546 2244 616 2294 quae
632 2227 788 2278 Herodotus
840 2229 953 2296 colligo,
972 2245 1041 2296 quae
1058 2227 1144 2279 multa
1156 2227 1259 2278 illerex
1274 2228 1303 2278 in
1315 2233 1384 2279 tem-

247 2301 356 2366 scripsit
380 2301 414 2350 ab
432 2300 499 2364 ipsis
516 2298 674 2364 Aegyptiis,
701 2313 789 2348 sacer·
840 2299 885 2366 pla
912 2305 939 2350 et
965 2297 1133 2350 restituenda
1162 2303 1190 2348 et
1215 2313 1311 2348 recens
1339 2315 1384 2350 ex-

246 2371 356 2421 dotibus
380 2370 490 2435 opinor,
516 2367 568 2418 sibi
590 2367 707 2430 tradita,
733 2373 789 2418 sta·
840 2370 970 2422 struendo
983 2368 1148 2435 impendisse
1162 2368 1256 2418 fertur.
1276 2368 1385 2419 Iustum

248 2441 301 2491 tuit
317 2440 454 2490 Letrorme
465 2435 546 2488 Mem.
566 2436 600 2488 de
618 2436 722 2488 l'Aced.
741 2437 789 2488 des
840 2441 998 2506 caeteroqui
1016 2444 1043 2489 et
1060 2453 1175 2504 aequum
1190 2438 1327 2488 Amasidis
1344 2455 1386 2489 re-

247 2508 505 2560 1nscr.XV11.P.
531 2507 556 2559 1.
580 2523 607 2572 p.
630 2506 673 2558 34.
709 2508 789 2557 Hanc
841 2525 924 2577 gnum
941 2509 969 2559 in
987 2509 1152 2575 Aegyptios,
1171 2523 1284 2573 quornm
1308 2509 1386 2558 favo-

247 2578 366 2643 Aegypti
385 2575 545 2628 felicitatem
572 2593 605 2628 ex
630 2577 790 2628 commercio
841 2595 897 2630 rem
910 2580 962 2630 hoc
979 2579 1058 2629 modo
1076 2578 1129 2629 sibi
1142 2577 1307 2642 conciliarit,
1328 2577 1386 2629 lan-

248 2664 309 2700 cnm
320 2647 420 2698 exteris
429 2647 565 2712 gentibus,
578 2647 651 2714 quod
664 2647 710 2698 illo
724 2652 790 2697 tem·
842 2650 890 2699 dat
906 2648 1019 2700 Diodor.
1038 2649 1061 2710 I,
1080 2647 1114 2700 68
1132 2647 1178 2698 fin.

248 2731 313 2785 pore
342 2717 450 2766 institui
472 2721 597 2782 coeptum
627 2733 688 2767 mox
710 2716 790 2767 valde
875 2714 923 2768 ucri
945 2711 1077 2774 πόλις-
1095 2713 1252 2782 δνσμνριάς
1270 2709 1321 2775 τὰς
1342 2713 1384 2768 oi-

250 2787 374 2847 crererit,
385 2785 559 2852 repetendam
570 2792 664 2838 censet
672 2788 790 2838 Heereu,
841 2781 989 2853 κεομένας]
1004 2788 1117 2839 Diodor.
1131 2788 1155 2852 1,
1174 2785 1205 2838 31
1223 2787 1319 2838 scribit
1338 2805 1387 2838 an-

249 2858 332 2909 ldeen
347 2855 385 2920 11,
403 2857 429 2907 ’1.
445 2871 510 2921 pag.
528 2855 588 2906 390.
624 2857 682 2908 Nec
699 2860 791 2907 tamen
841 2858 925 2924 tiquis
943 2859 1110 2923 temporibus
1123 2857 1286 2923 inaegypto
1299 2857 1387 2909 fuisse

249 2926 317 2977 illud
334 2941 367 2976 ex
384 2924 518 2976 Herodoti
540 2925 630 2975 verbis
655 2923 790 2991 colligum,
841 2929 917 2979 vicos
936 2927 1123 2978 memorabiles
1148 2933 1175 2977 et
1191 2928 1270 2978 urbes
1293 2927 1387 2993 plures

250 3011 320 3062 qnae
338 2995 373 3045 ed
391 2995 497 3060 largum
513 2993 619 3059 frugum
631 3001 789 3058 proventum
842 2999 1009 3064 duodeuiginti
1023 2998 1140 3059 millibus,
1158 3001 1189 3046 ut
1207 2998 1234 3047 in
1251 3013 1388 3048 commen-

250 3083 283 3118 ex
302 3064 358 3117 Nili
380 3063 557 3115 inundatione
579 3063 683 3148 maiori
704 3069 790 3114 ortum
842 3067 920 3118 iuriis
939 3069 1023 3117 sacris
1050 3083 1098 3118 suo
1122 3067 1182 3117 loco
1202 3073 1326 3118 notatum
1347 3070 1389 3118 ri·

251 3132 792 3270 liutizi?{illiditur
842 3136 1387 3273 iiiiiiuitltlffl‘llltt:

250 3275 329 3325 viora
351 3277 428 3336 sunt,
453 3289 523 3339 qnae
546 3274 575 3322 in
595 3271 622 3323 h.
642 3272 660 3322 l.
680 3289 730 3323 nos
754 3277 792 3323 te·
842 3277 992 3327 recensitos
1017 3292 1085 3327 esse.
1130 3277 1251 3338 Quocum
1277 3279 1388 3329 Wesse-

251 3347 330 3404 nent,
359 3343 382 3393 si
406 3357 498 3394 sacros
521 3342 683 3394 ludaeorum
708 3343 791 3394 libros
842 3345 943 3410 lingius
954 3346 1093 3396 contendit
1104 3347 1288 3398 testimonium
1298 3347 1388 3400 Theo-

251 3413 434 3465 consulamus.
476 3414 532 3464 lios
555 3413 624 3462 enim
649 3413 672 3462 si
697 3427 793 3478 sequa·
843 3415 905 3464 criti
925 3416 1031 3476 (XVII,
1048 3417 1093 3483 82)
1118 3421 1145 3466 et
1164 3417 1296 3482 Stephani
1316 3419 1387 3483 Byr.

252 3499 326 3546 mur,
351 3497 383 3534 eo
404 3483 465 3548 ipro
488 3487 621 3547 tempore,
645 3497 698 3547 qno
722 3497 794 3532 sum·
844 3499 866 3534 s.
877 3500 904 3534 v.
916 3477 1078 3549 Διόσπολις,
1097 3487 1147 3536 sub
1159 3487 1322 3538 Ptolemaeis
1335 3489 1388 3538 Δο-

253 3569 323 3604 niam
355 3553 472 3618 Aegypti
502 3551 661 3602 felicitatem
693 3552 793 3603 Noster
845 3557 957 3620 gyptum
983 3556 1078 3620 ingens
1106 3556 1210 3621 cepisse
1236 3558 1388 3608 incremen-

252 3622 407 3689 praedicat,
435 3621 717 3673 Nabuchodonosoms
743 3623 794 3674 As·
845 3629 902 3674 tum
914 3623 1016 3674 addens
1033 3625 1191 3690 urbiumque
1206 3643 1238 3677 sc
1253 3643 1388 3692 pagorum

253 3699 366 3759 gyptum
382 3692 455 3757 cepit
468 3693 607 3757 ipsumque
622 3691 730 3756 Apriem
750 3690 794 3756 (de
845 3709 992 3756 numerum,
1011 3709 1071 3744 cnm
1081 3694 1271 3762 Philadelphus
1286 3713 1388 3763 regna-

254 3779 306 3828 quo
326 3777 408 3828 supra
421 3761 459 3825 11,
477 3759 552 3827 169),
573 3766 604 3811 ut
620 3762 736 3824 videtur,
755 3763 794 3812 in·
845 3768 899 3827 ret,
923 3765 1000 3814 XXX
1022 3762 1107 3814 millia
1128 3767 1287 3817 excessisse.
1332 3767 1388 3830 Qui

253 3832 338 3884 tcrfici
356 3832 445 3882 iussit.
476 3832 587 3881 Terram
605 3836 742 3882 vastatam
761 3848 794 3883 ac
844 3849 970 3884 numerus
995 3833 1077 3885 inerit
1099 3833 1246 3885 incolarum
1265 3836 1386 3902 Aegypti

254 3904 398 3964 desertam,
417 3917 487 3967 qnae
499 3901 681 3968 qnadraginta
689 3917 736 3968 per
746 3917 794 3952 sn·
844 3903 1011 3968 temporibus
1041 3903 1177 3955 Amasidis
1210 3905 1387 3970 felicissimis,

252 3987 302 4023 noa
320 3971 473 4022 inhabitata
490 3972 593 4034 iaceat,
619 3977 725 4038 gentem
744 3973 793 4023 As·
844 3974 998 4024 Herodotus
1013 3989 1068 4025 non
1083 3975 1180 4035 tradit,
1198 3975 1349 4026 Diodorum
1364 3978 1388 4026 si

253 4042 407 4107 gyptiornm
424 4041 452 4090 in
472 4041 540 4091 elias
554 4043 679 4107 regiones
692 4042 793 4108 disper·
845 4043 995 4109 sequimur,
1021 4044 1176 4109 septuagies
1195 4049 1310 4095 centena
1327 4047 1387 4096 mil-

253 4125 310 4160 sam
335 4112 408 4161 canit
425 4111 523 4162 Bacch.
542 4112 645 4174 XXIX,
669 4113 685 4164 t
705 4127 791 4178 seqq,
843 4113 881 4163 lia
901 4117 1043 4164 numerate
1067 4113 1152 4164 fnisse
1180 4115 1299 4180 antiquis
1332 4115 1387 4166 illis

253 4195 369 4243 quocum
398 4182 471 4232 coni.
496 4181 592 4233 Ierem.
622 4183 724 4246 XLIV,
748 4182 791 4234 30.
843 4183 1008 4248 temporibus
1026 4184 1194 4250 putabimus,
1216 4185 1301 4250 ipsius
1320 4201 1387 4238 vero

253 4247 355 4312 XLVI,
381 4249 424 4301 26.
463 4249 617 4302 Abdellatif
642 4267 669 4317 p.
698 4253 748 4304 184
777 4269 792 4304 e
842 4253 956 4305 Diodori
972 4258 1062 4304 aetate
1076 4254 1148 4304 infra
1165 4255 1257 4306 tricies
1269 4259 1388 4306 centena

253 4317 431 4369 translatione
461 4321 552 4386 Sacyi.
593 4320 678 4372 Plura
703 4322 791 4374 Beclr:
843 4323 928 4374 millia
944 4323 1016 4374 hand
1034 4325 1178 4375 numerari.
1210 4325 1261 4388 Qui
1280 4327 1388 4377 numeri

253 4385 419 4452 Weltgesch.
439 4389 462 4440 1.
475 4405 537 4454 pag.
554 4390 613 4441 7²9.
642 4392 792 4444 Haeccnm
843 4409 902 4444 cum
926 4394 1002 4444 nimii
1022 4394 1179 4445 viderentur
1202 4411 1235 4446 ac
1263 4395 1388 4446 nonnihil

251 4471 362 4520 prorsus
381 4463 531 4522 repugnent
542 4460 715 4514 Herodcteae
732 4477 793 4513 nar·
843 4465 1008 4531 exaggerati,
1025 4465 1224 4531 inquieiremut
1235 4465 1264 4515 in
1276 4465 1388 4517 eosdem
