3008 4924
201 221 262 282 776
632 216 899 280 HERODO'I'I

202 375 299 486 yvrrjc
315 397 537 486 μετρεομένης
552 395 608 464 καὶ
623 391 861 482 τετραπήχεος,
884 397 952 461 τοῖν
966 396 1082 460 ποδοῖν
1096 391 1157 481 μὲν
1171 416 1336 482 τετραπα-

203 508 349 569 λαίστων
369 497 512 586 ἐόντων,
534 503 595 567 τοῦ
608 498 644 567 di
659 495 779 586 πήχεος
794 499 1047 579 ἑξαπαλαίστου.
1083 493 1126 564 Τὸ
1141 495 1178 564 di
1192 492 1286 583 ὕδωρ
1299 491 1340 563 τὸ

203 606 240 672 ἐν
261 608 302 692 τῇ
322 608 422 692 λίμνῃ
444 599 617 690 αὐτιχευὶς
637 600 700 689 μὶν
722 597 784 669 οὐκ
805 606 889 669 ἐστι·
917 597 1064 688 ἄνυδρος
1082 597 1145 689 γὰρ
1161 597 1202 690 δὴ
1218 603 1342 677 δεινῶς

203 708 272 776 ἐστὶ
294 704 415 794 ταύτῃ·
437 707 473 774 ἐκ
493 711 553 774 τοῦ
567 711 696 774 Νείλου
717 703 754 772 dl
768 701 851 772 κατὰ
872 703 1024 792 διώρυχα
1043 705 1197 791 ἐσῆκται,
1225 704 1280 770 καὶ
1305 705 1341 782 ’ἐξ

203 810 266 898 μὲν
279 813 386 898 μῆνας
400 814 465 877 ἐσοκ
480 813 550 898 ῥέει
565 812 597 890 ἐς
610 805 672 897 τὴν
685 815 817 897 λίμνην,
835 810 868 890 ’ἐξ
883 808 921 877 δὲ
935 810 1042 895 μῆνας
1057 809 1118 889 ἔξω
1133 809 1165 886 ἐς
1180 803 1239 875 τὸν
1252 813 1339 874 Νεῖ-

204 923 264 983 λον
278 903 382 990 αὖτις.
417 913 473 980 καὶ
488 909 591 982 ε’πεάυ
605 913 667 1000 μὲν
687 913 783 1000 ἐκρέῃ
801 914 880 996 ἔξω,
904 906 924 999 ἡ
943 909 980 978 δὲ
998 908 1071 978 τότε
1086 907 1165 989 τούς
1184 913 1218 992 ἓξ
1232 915 1342 998 μῆνας

205 1020 238 1096 ἐς
251 1013 288 1086 τὸ
304 1014 481 1104 βασιλήϊον
495 1015 696 1104 καταβάλλει
712 1011 764 1084 ἐπ’
781 1009 908 1103 ἡμέρην
930 1011 1072 1100 ἑκάστην
1094 1013 1258 1082 τάλαντον
1277 1009 1340 1101 αἰρ-

204 1125 327 1208 χυρίου
341 1121 377 1187 ἐκ
391 1124 460 1189 τῶν
474 1118 621 1208 ἰχθύων·
637 1116 740 1188 ἐπεὰν
755 1118 791 1187 dl
806 1121 877 1208 ἐσίῃ
891 1115 928 1186 τὸ
943 1113 1037 1204 ὕδωρ
1053 1118 1084 1195 ἐς
1098 1113 1220 1205 αὐτὴν,
1234 1125 1342 1185 εἴκοσι

205 1285 317 1338 Graecis
337 1285 384 1336 aed
404 1284 438 1337 de
456 1287 596 1352 Aegyptiis
615 1286 747 1336 monentis
798 1286 867 1336 sima
889 1285 1006 1336 inveniri
1030 1288 1148 1334 testatur
1172 1284 1293 1334 lomard.
1322 1282 1343 1332 1.

205 1357 251 1422 agi
269 1356 417 1406 existimat.
454 1355 532 1438 Qucd
551 1356 614 1405 milri
639 1355 747 1420 quidem
797 1356 815 1407 l.
835 1371 898 1436 pag.
915 1353 959 1404 99.

205 1425 277 1476 haud
294 1425 445 1490 persuasit,
466 1427 511 1490 qui
530 1441 589 1475 cunr
608 1424 747 1476 Boeckhio
833 1441 902 1474 κατα
891 1414 1041 1488 διωρυχα
1053 1413 1177 1487 ἐσῆκται]
1191 1414 1261 1470 κατὰ
1274 1412 1344 1470 διιό-

207 1495 366 1559 (Metrolog
380 1495 543 1545 Untersuch.
563 1511 589 1559 p
607 1495 654 1545 211
674 1494 747 1558 seq.)
798 1511 882 1572 pozo·
892 1498 946 1544 est.
970 1508 1019 1555 per
1036 1494 1165 1572 canalem,
1194 1492 1279 1554 utI,
1306 1489 1345 1542 30

205 1563 492 1614 hiedoeomnrunibns
510 1564 749 1615 mensurisadde·
798 1561 936 1629 περιῆγον
963 1555 1048 1612 κατὰ
1073 1553 1140 1618 τούς
1159 1529 1343 1626 ’θησαυρούς

206 1633 327 1700 gyptium
337 1633 749 1699 mensuramorgyiarumexpli-
798 1634 851 1684 Hie
875 1631 979 1684 canalis
1003 1649 1017 1680 e
1041 1631 1102 1681 Nilo
1125 1630 1256 1681 deductus
1282 1634 1345 1680 erat

206 1703 321 1754 eandam
338 1703 454 1754 adiectis
472 1704 516 1769 agi
534 1703 650 1768 indeque
667 1704 748 1753 etiam
800 1705 826 1753 in
839 1702 927 1754 lacurn
940 1717 988 1767 per
1002 1702 1093 1752 fauces
1112 1699 1164 1750 loci
1177 1701 1212 1751 El
1225 1699 1345 1761 holcen,

206 1773 261 1823 aliu
280 1773 370 1822 studia
389 1773 442 1823 nisi
466 1773 591 1837 vulgaria
609 1778 749 1823 sexcento-
799 1774 840 1823 uti
858 1788 929 1823 nuuc
951 1777 1065 1832 vocant,
1088 1771 1135 1820 nbi
1155 1769 1275 1820 adhue'
1267 1785 1347 1819 ruve-

206 1857 264 1892 rum
283 1843 380 1907 pedum
397 1843 442 1893 Ιιίο
458 1842 575 1907 intelligi
592 1858 647 1892 non
668 1857 749 1907 posse
799 1844 872 1892 uitur
892 1839 996 1892 canalis
1014 1809 1087 1891 Bab·
1110 1839 1229 1904 Iorcseplr‚
1253 1840 1346 1888 minor

206 1911 324 1962 credam.
362 1912 440 1962 (loni.
464 1913 550 1963 etiarn
562 1913 599 1962 M.
613 1911 728 1962 Leuke
720 1927 749 1960 ιο
800 1911 845 1962 rlle
856 1912 962 1978 quidem
977 1915 1005 1959 et
1017 1910 1161 1960 recentiori
1172 1914 1264 1960 aetate
1279 1923 1347 1958 con

206 1982 321 2033 Journal
335 1981 365 2030 oi
374 1981 419 2030 the
429 1981 621 2048 geographrcel
634 1981 747 2045 soerety
800 1983 897 2032 lectus.
938 1980 1001 2030 Vid.
1023 1979 1142 2031 lomard.
1169 1979 1186 2030 l.
1211 1979 1230 2032 l,
1255 1995 1282 2044 p.
1307 1978 1346 2027 80

206 2050 267 2102 Vol.
287 2051 335 2101 IX.
355 2067 382 2116 p.
398 2052 503 2116 lseqq.
523 2051 615 2116 bseq.
636 2057 677 2100 et.
697 2051 749 2100 De·
800 2067 857 2115 seq.
879 2051 930 2102 100
944 2065 1002 2115 seq
1023 2049 1162 2100 etRitter.
1176 2049 1194 2099 1.
1207 2049 1225 2100 l.
1241 2049 1264 2099 I.
1277 2063 1346 2114 pag.

207 2121 433 2185 menAtticaMsp
450 2121 481 2172 31
498 2136 555 2185 seq.
576 2121 616 2170 ed.
630 2121 749 2170 llil-ester
799 2120 861 2182 807,
885 2121 930 2186 qui
948 2119 1000 2168 hoe
1017 2125 1157 2184 praeterea
1180 2118 1270 2169 addit:
1295 2131 1347 2182 per

208 2205 298 2239 mann.
322 2190 478 2240 Herodoteo
495 2191 556 2240 loco
573 2191 750 2254 inrequoque
799 2190 870 2240 hunc
893 2188 1029 2250 canalem,
1053 2205 1105 2254 qno
1127 2204 1197 2254 aqua
1222 2205 1255 2238 ex
1279 2187 1346 2237 Nilo

207 2260 294 2308 utitur
304 2259 407 2310 Wurm.
428 2259 460 2310 de
474 2258 574 2324 pondd.
590 2259 703 2310 Graece.
723 2263 750 2308 et
799 2261 827 2308 in
839 2257 967 2309 Moeridis
980 2257 1069 2308 laeum
1083 2259 1279 2322 deducebatur,
1295 2258 1347 2306 mi·

206 2329 311 2378 Romm.
326 2344 389 2393 pag.
402 2329 446 2378 91.
483 2329 556 2378 Hinc
574 2329 643 2377 enirn
662 2331 748 2392 patet,
800 2329 871 2378 nime
895 2328 1029 2392 relapsam
1054 2328 1139 2378 luisse
1160 2327 1347 2378 abundantem

207 2395 325 2446 studium
339 2403 465 2447 constare
482 2413 528 2447 sex
540 2396 661 2461 plethris,
680 2411 750 2462 quae
801 2413 897 2463 aquam
922 2397 1034 2448 ericen
1057 2398 1085 2447 in
1102 2397 1206 2458 Nilum
1231 2395 1283 2447 hoc
1301 2397 1347 2445 ia-

208 2471 314 2515 centum
334 2467 444 2530 orgyias
464 2472 490 2516 et
507 2471 648 2517 sexcentos
666 2465 749 2530 pedes
800 2473 873 2518 ctum
891 2467 977 2516 videri
995 2465 1050 2517 alia
1066 2467 1113 2518 via
1131 2467 1165 2516 sd
1184 2466 1347 2518 orientalem

207 2539 339 2598 aequant;
352 2550 413 2584 narn
427 2535 560 2600 plotinum
571 2541 677 2586 eentum
688 2551 750 2585 cou-

208 2609 264 2653 stat
288 2603 418 2667 pedibus,
447 2605 542 2670 orgyia
566 2619 612 2655 sex
635 2605 749 2670 pedibus

207 2673 266 2722 sive
285 2679 400 2738 quatuor
422 2675 535 2735 enbitia3
560 2675 682 2736 cubitus,
702 2675 749 2738 qui

208 2757 289 2792 unum
308 2744 403 2808 pedem
426 2743 592 2807 alteriusque
610 2743 748 2793 dimidium

208 2813 344 2874 continet,
370 2829 416 2863 aex
441 2813 642 2878 comprehendit
659 2811 751 2878 palae·

208 2886 288 2943 atres,
309 2899 421 2948 quarum
436 2889 553 2948 quatuor
562 2899 643 2933 unum
654 2883 749 2948 pedem

209 2951 387 3002 constituunt.
434 2953 512 3004 Geni.
539 2953 620 3002 etism
646 2953 749 3002 Herod.

209 3020 253 3083 11,
281 3021 330 3073 188
356 3027 383 3072 et
405 3022 567 3072 Dahlmunn.
595 3023 622 3071 in
646 3021 747 3072 Herod.

208 3105 271 3154 pag.
285 3091 404 3154 93-95,
423 3093 469 3156 qui
486 3092 538 3142 hoe
555 3093 624 3142 bene
642 3107 750 3142 monere

208 3159 329 3221 videtur,
353 3161 520 3212 Herodotum
543 3177 597 3211 non
616 3159 678 3210 aliis
697 3161 750 3212 alio

207 3227 267 3277 loco
286 3230 328 3279 uri
345 3231 492 3294 mensuris,
518 3231 566 3280 sed
584 3246 688 3296 semper
705 3231 751 3280 iis-

209 3298 279 3347 dem.
321 3298 390 3349 Add.
415 3300 532 3350 Iomsrd.
555 3301 690 3366 Descript.
717 3299 750 3350 de

206 3366 279 3431 l’Eg.
297 3367 362 3419 Aut.
380 3367 508 3430 l,3livr.
528 3386 590 3435 pag.
604 3370 655 3422 613
672 3385 748 3434 seqq.

209 3434 269 3485 eoll.
298 3437 348 3490 983
372 3452 428 3504 seq.
456 3439 507 3489 634
530 3455 606 3521 seqq.
653 3439 750 3503 Itaque

208 3521 263 3554 non
282 3511 354 3570 erut,
378 3523 426 3557 cnr
443 3510 568 3558 nostro'
561 3525 589 3558 ru
605 3507 665 3558 loco
686 3508 750 3558 hee-

208 3581 280 3625 reret
301 3577 392 3641 Zoega
423 3577 455 3628 de
483 3577 610 3628 obelisco.
636 3593 661 3641 p.
689 3577 748 3628 148.

208 3636 548 3706 αοι.12.-ἐξαπε’ὃου
573 3652 647 3698 recte
672 3645 750 3712 pleri·

208 3712 438 3798 ῃυε,111εἰ”ιίοοο
460 3715 584 3766 meliores
608 3731 656 3782 pro
674 3717 749 3782 vulg.

208 3776 368 3864 εξαπόὸους
387 3785 443 3834 vid.
462 3785 578 3837 Bredov.
597 3803 623 3850 p.
646 3786 703 3837 161.

242 3820 386 3918 edrspsvic
404 3847 456 3918 priv
474 3845 527 3904 οὔκ
545 3849 639 3920 ἐστι]“
632 3871 650 3904 1.
667 3871 691 3904 e.
711 3857 749 3905 in-

208 3923 288 3972 didem
307 3931 395 3986 natue,
415 3940 451 3974 erc
466 3927 523 3988 ipse
537 3933 608 3974 terra
622 3927 696 3990 quusi
707 3940 750 3974 or·

207 3999 255 4042 tus.
293 3991 372 4043 Cous.
390 3992 492 4043 Herod
506 3995 553 4055 IV,
567 3993 692 4045 180coll.
705 3995 748 4046 48.

207 4059 274 4108 Cum
288 4061 375 4112 Bekk.
394 4067 422 4112 et
439 4068 555 4113 recentt.
574 4063 635 4112 edd.
653 4063 750 4130 scripsi

208 4119 309 4190 orircp.
330 4145 378 4192 pro
397 4122 516 4196 αὖθιχ,
537 4133 573 4182 cf.
592 4131 749 4198 Bredev.p.

207 4195 251 4246 ‘..ll
287 4195 364 4248 Haec
390 4204 417 4249 et
442 4215 510 4265 quae
535 4203 663 4252 continuo
682 4203 750 4252 adii-

207 4265 316 4316 eiuutur
334 4265 367 4315 de
378 4269 496 4332 regionis
513 4271 649 4334 siccitate,
667 4273 750 4322 veris-

800 2536 876 2586 laeus
899 2541 1017 2600 partem,
1041 2537 1087 2586 ubi
1111 2553 1182 2586 nnnc
1205 2537 1280 2601 regio
1299 2552 1347 2584 ex-

800 2607 914 2667 siccata,
931 2607 1038 2656 nomine
1051 2606 1262 2668 Βαλν-ΒεΙα-νιά,
1284 2605 1302 2654 i.
1318 2621 1346 2656 e.

800 2692 868 2726 neore
893 2677 948 2725 siue
976 2693 1056 2741 αραα,
1089 2691 1173 2740 eoque
1200 2675 1346 2728 Strabonis

800 2745 980 2799 narrationem
1005 2745 1173 2796 referendam
1199 2760 1273 2808 esse,
1297 2743 1348 2809 qui

801 2815 853 2865 duo
881 2815 953 2865 ostia
982 2825 1186 2876 commemoret,
1217 2814 1347 2874 alterum,

800 2900 853 2950 quo
872 2884 899 2933 in
917 2883 1006 2935 laeum
1025 2886 1107 2934 intret
1126 2883 1180 2934 Nili
1199 2900 1284 2949 aqua3
1304 2883 1347 2932 al-

801 2959 901 3016 terum,
934 2971 987 3020 quo
1015 2970 1029 3004 e
1056 2953 1118 3004 lacu
1147 2954 1236 3004 abeat.
1280 2953 1346 3003 Vid.

801 3023 867 3074 ibid.
889 3039 915 3088 p.
940 3023 991 3074 799
1018 3038 1075 3088 seq.
1105 3023 1156 3074 890
1181 3022 1243 3074 coll.
1267 3023 1348 3071 Man-

801 3097 870 3143 nert.
896 3109 923 3158 p.
945 3093 996 3144 413
1020 3099 1047 3142 et
1067 3093 1230 3144 Wilkinson.
1254 3093 1348 3156 Topo-

801 3161 897 3227 graph.
923 3163 953 3212 oi
975 3161 1059 3214 Theb.
1084 3179 1111 3228 p.
1136 3163 1202 3225 355,
1229 3161 1347 3226 voyage

802 3233 837 3282 du
862 3231 914 3281 duc
937 3231 970 3281 de
993 3233 1115 3312 Hagnse
1127 3233 1176 3282 lV.
1201 3248 1226 3309 p.
1246 3233 1287 3280 22.
1309 3257 1347 3268 —-

802 3303 835 3352 In
852 3317 926 3366 seqq.
947 3301 981 3350 ad
1001 3293 1115 3351 verba
1102 3317 1119 3366 ῃ
1139 3295 1174 3350 dt
1193 3293 1254 3350 τότε
1272 3315 1298 3348 κ
1318 3316 1344 3348 τ.

801 3369 824 3419 λ.
850 3371 922 3421 coni.
947 3371 979 3420 de
1004 3370 1101 3421 vocula
1125 3363 1187 3420 dl·
1181 3385 1208 3420 m
1229 3369 1346 3434 apodosi

800 3440 891 3504 posita
904 3440 957 3502 III,
975 3440 1031 3491 133.
1049 3441 1097 3502 IV,
1111 3441 1143 3489 72
1162 3439 1255 3504 ibique
1272 3443 1346 3490 nott.

799 3510 840 3559 De
858 3509 948 3559 Baln-
955 3509 1037 3560 Ile-le
1043 3511 1086 3559 rna
1103 3509 1176 3560 conf.
1191 3515 1344 3574 supranot.

800 3578 834 3628 ad
854 3577 952 3658 11,1n.

835 3636 862 3704 ἐς
879 3639 911 3697 τὸ
928 3640 1076 3726 βασιλῃϊον
1092 3641 1255 3714 καταβάλλει
1272 3662 1297 3696 κ.
1319 3662 1345 3696 τ.

799 3713 835 3781 λ.]
860 3709 892 3766 τὸ
915 3709 1063 3780 βασιλήϊον
1086 3717 1118 3767 de
1140 3721 1209 3783 νερίε
1237 3717 1346 3766 oernrr'o

800 3791 874 3836 reete
900 3787 1006 3851 aceepit
1032 3785 1196 3836 Valckenar.
1226 3785 1346 3836 laudans

800 3855 913 3906 Diodor.
932 3856 970 3919 11,
989 3856 1031 3904 49.
1052 3857 1094 3905 41.
1112 3855 1161 3917 XI,
1180 3856 1223 3906 e7.
1242 3855 1306 3916 XX,
1327 3857 1346 3906 4

803 3929 854 3976 etc.
884 3925 958 3975 Idem
969 3925 1105 3975 Diodorus
1119 3894 1187 3987 1'5‘2
1206 3939 1266 3974 cum
1278 3924 1347 3974 scri-

802 3995 850 4044 bst
881 3994 932 4044 hoc
958 3993 1077 4058 vectigal
1109 3994 1240 4072 reginae
1249 3993 1347 4044 datum

802 4065 888 4113 fuisse
906 4064 939 4114 ud
958 4069 1082 4114 ornatum
1100 4055 1186 4142 (πρὸς
1202 4055 1278 4127 μα’ρα
1295 4057 1347 4111 καὶ

802 4125 853 4182 τὸν
873 4123 958 4182 αλλον
980 4125 1230 4191 καλλωπισαὸν
1250 4131 1347 4182 confer

802 4207 860 4254 not.
875 4203 908 4252 ad
923 4201 1023 4252 Herod.
1038 4201 1075 4260 11,
1088 4199 1148 4265 98),
1167 4200 1256 4252 malim
1269 4201 1347 4266 equi·

802 4272 862 4322 dem
879 4271 923 4322 bic
941 4272 1063 4336 cogitare
1087 4271 1120 4321 de
1139 4286 1221 4321 uxore
1238 4270 1346 4322 Persici
