3088 4944
203 224 265 287 328
638 217 905 280 HERODOTI

203 429 260 489 για
285 397 341 466 καὶ
366 392 553 484 ἅνθρωποι.
601 399 636 464 οἱ
662 393 699 464 δέ
720 390 912 480 Ἀγυλλαῖοι
939 394 972 474 ἐς
997 387 1156 479 Δελφοὺς
1179 397 1339 481 ἔπεμπον,
1415 367 1420 374 ’

202 501 403 593 βουλόμενοι
436 495 623 568 ἀκέσασθαι
650 494 714 587 τήν
741 492 926 586 ἁμαρτάδα.
978 489 999 584 ή
1030 493 1068 565 δέ
1091 502 1211 585 Πυθίη
1235 499 1340 584 σφέας
1386 531 1390 540 ·

204 605 360 678 ἐκέλευσε
379 605 525 688 ποιέειν,
548 598 665 672 cdxci
688 606 753 671 νῦν
774 605 809 669 ol
826 595 1018 688 Ἀγυλλαῖοι
1039 604 1088 670 ἔτι
1114 601 1338 670 ἐπιτελέουσι·

204 711 261 782 καὶ
288 705 353 796 γάρ
376 708 567 794 ἐναγίζουσί
590 726 652 794 σφι
675 702 844 793 μεγάλως,
870 705 927 774 καὶ
952 699 1067 791 άγῶνα
1092 701 1260 792 γυμνικὸν
1282 706 1340 774 κα1

205 809 345 884 ἱππικὸν
365 813 528 881 ἐπιστᾶσι.
566 811 622 878 κα1
640 797 733 878 οὗτοι
755 808 818 896 μὲν
834 813 904 878 τοῖν
920 800 1104 878 Φωκαιέων
1122 807 1262 901 τοιοάτμ
1278 805 1338 896 μό-

205 944 252 1011 ρςο
277 915 505 1006 διεχρήσαντο.
548 915 584 980 οἱ
605 913 642 982 δέ
668 909 781 992 αὐτῶν
808 914 841 992 ἐς
863 909 901 981 τὸ
923 905 1054 1000 Ῥήγιον
1078 909 1366 1000 καταφυγόντες,.

204 1024 368 1092 ἐνθεῦτεν
397 1012 620 1108 ὁρμισάμενοι,
658 1015 839 1106 ἐκτήσαντο
862 1015 962 1087 πόλιν
989 1017 1049 1104 γῆς
1071 1019 1130 1103 τής
1153 1021 1340 1106 Οἰνωτρίης

203 1224 310 1272 mutata
321 1217 391 1270 dixit
403 1214 553 1284 Aeschylus
567 1217 596 1267 in
607 1217 744 1269 Prometh.
799 1217 833 1268 ab
853 1216 920 1280 ipsis
943 1215 1055 1268 Graecis
1078 1231 1100 1268 s.
1125 1214 1250 1282 Pelasgis
1276 1216 1340 1268 olim

203 1291 264 1354 6114,
285 1289 332 1340 nbi
349 1287 404 1339 vid.
417 1285 568 1339 Blomfield.
581 1288 610 1338 in
623 1287 745 1341 Glossar.
798 1287 909 1354 condita
921 1285 1059 1336 ferebatur
1076 1289 1158 1351 atque
1176 1286 1211 1336 ab
1228 1302 1260 1337 co
1276 1288 1341 1339 inde

203 1360 279 1424 Alia,
305 1374 374 1425 quae
396 1357 440 1409 vel
459 1357 546 1424 magis
570 1357 606 1408 ad
623 1363 746 1409 nostrum
798 1363 918 1421 tempore
939 1355 1019 1406 huius
1047 1355 1162 1406 rationis
1184 1357 1340 1408 memoriam

203 1427 293 1482 locum
306 1427 582 1495 pertinent,praebet
591 1428 682 1478 Fcesii
694 1427 745 1478 Oe·
798 1427 935 1477 retinebat
960 1430 988 1476 et
1014 1425 1131 1478 colebat.
1172 1425 1248 1476 Inter
1269 1428 1340 1478 Pho-

203 1515 309 1552 conom.
329 1499 491 1563 Hippocrat.
510 1513 536 1563 p.
550 1497 614 1558 1573
634 1491 746 1562 ἐμπηρα
799 1511 927 1548 caeenses
946 1499 974 1546 et
992 1495 1094 1559 Italos,
1119 1497 1256 1548 Romanos
1276 1513 1340 1564 quo-

203 1574 268 1621 sunt
289 1569 410 1619 membra
432 1571 514 1633 capta
538 1571 587 1616 aut
608 1566 744 1629 mutilata,
798 1582 863 1632 que,
884 1580 953 1632 qnae
970 1566 1091 1616 rationes
1108 1571 1213 1617 mature
1231 1567 1284 1617 iam
1301 1567 1340 1617 in-

202 1639 319 1705 indeque
336 1653 390 1688 uon
403 1652 514 1702 prorsus
529 1634 669 1700 absoluta,
688 1635 744 1686 vid.
796 1636 986 1697 tercesserint,
1017 1635 1173 1701 disquisivit
1204 1636 1338 1688 Klausen:

201 1709 268 1761 ibid.
287 1725 315 1774 p.
329 1707 381 1759 203
400 1711 428 1758 et
446 1707 518 1758 conl.
535 1707 681 1786 IIerod31,
697 1705 746 1757 196
795 1707 902 1758 Aeneas
915 1720 943 1785 n.
956 1704 1001 1756 die
1012 1706 1109 1758 Penat.
1122 1705 1160 1756 II.
1175 1721 1202 1770 p.
1216 1705 1338 1784 dddlseq.

202 1777 746 1914 tigit.testeattltttti
796 1767 1340 1911 ..τέλλει11111ῗὲ1λὲ.1111.1

202 1923 294 1985 partes
314 1917 440 1968 ilcuntur
455 1915 593 1967 resolutae
608 1921 635 1967 et
652 1915 746 1988 debili·
796 1917 825 1980 I,
847 1914 890 1966 86.
920 1907 1056 1980 ἐναγίζειν
1084 1915 1163 1982 (iuste
1184 1919 1339 1981 persolvere,

202 1995 287 2052 tatae,
306 1987 443 2043 exstincta
455 2001 598 2037 nervorum
609 1986 647 2050 vi,
661 1987 746 2051 stupi-
794 1983 948 2052 parentare)
970 1984 1143 2050 potissimum
1166 1984 1201 2034 ad
1218 1990 1340 2037 mortuos

203 2059 267 2119 dae;
286 2057 342 2108 vid.
361 2057 427 2108 ibid.
446 2072 472 2122 p.
491 2056 539 2121 79,
559 2061 586 2106 et
605 2057 677 2107 coni.
690 2057 745 2107 He·
796 2056 925 2120 retertur,
943 2054 1065 2122 indeque⁴
1078 2053 1113 2103 ad
1128 2054 1240 2104 heroum
1258 2060 1340 2122 atque

202 2125 399 2190 rud.II‚173.
796 2127 918 2177 Manium
941 2123 1053 2175 cultum.
1088 2123 1151 2176 Vid.
1173 2125 1276 2176 Herod.
1300 2127 1339 2190 ll,

236 2187 396 2246 ἀκέσασθαι
411 2185 464 2258 τήν
476 2183 637 2259 ἁμαρτάδα]
653 2193 748 2245 mederi
797 2199 832 2247 44
845 2195 894 2247 fin.
913 2193 987 2246 Plut.
1001 2193 1113 2244 Aristid.
1125 2209 1184 2259 cup.
1197 2197 1240 2246 21.
1259 2196 1339 2249 Goni.

203 2267 294 2318 delicto
311 2281 334 2317 s.
347 2280 482 2328 reparare,
501 2264 745 2328 eepiuredeb'ctrua.
798 2267 911 2332 Gregor.
938 2262 1059 2314 Corinth.
1089 2265 1122 2314 de
1145 2264 1254 2315 dialect.
1279 2267 1339 2318 Ion.

201 2336 303 2387 Vocem
315 2325 473 2399 ἁμαρτάδα,
494 2348 563 2400 quae
577 2333 660 2383 etiam
673 2335 747 2384 inve·
798 2339 823 2400 §.
838 2334 897 2386 109.
910 2349 974 2400 pag.
986 2334 1046 2397 515,
1066 2334 1113 2384 ubi
1131 2333 1258 2398 legimus:
1277 2326 1339 2384 ἐνα-

202 2406 277 2456 nitur
300 2404 384 2467 VIII,
409 2404 474 2466 140,
503 2403 625 2453 Ionicum
652 2403 747 2454 dicunt
797 2403 898 2471 μίζειν·
917 2397 948 2453 τὸ
967 2395 1036 2470 χοάς
1054 2397 1198 2468 ἐπιφέρειν
1215 2393 1235 2467 ή
1252 2397 1339 2454 θύειν

203 2475 434 2536 terminationem,
459 2489 623 2540 quamquam
649 2489 683 2524 ea
700 2473 748 2523 alii
797 2477 858 2532 τοῖς
875 2467 1098 2539 κατοιχομένοις.
1126 2472 1186 2522 Vid.
1202 2473 1288 2524 Koen.
1303 2473 1338 2523 ad

203 2559 310 2611 quoqne
320 2545 405 2594 multo
419 2545 585 2608 posteriores
600 2544 746 2609 scriptores
797 2544 823 2596 b.
837 2544 856 2596 1.
870 2548 897 2594 et
911 2542 1038 2594 Creuueri
1050 2540 1196 2607 Symbclic.
1207 2541 1259 2594 III.
1273 2559 1336 2610 pag.

203 2620 267 2664 sunt
291 2615 343 2665 usi.
385 2613 428 2664 Τιι
452 2613 508 2668 vid.
535 2613 663 2664 Oreuneri
687 2619 745 2668 not.
797 2614 849 2667 768
872 2629 929 2679 seq.
951 2613 993 2664 cd.
1016 2615 1078 2662 tert.
1097 2640 1132 2650 -
1158 2611 1202 2662 Ad
1226 2609 1338 2679 διεχρή-

203 2683 238 2734 ιιδ
257 2682 442 2749 Olympiodor.
467 2684 630 2734 Commeutt.
653 2684 682 2735 in
700 2685 745 2734 Al·
797 2697 882 2735 σαντα
902 2679 1163 2748 conl.qnaead1,
1190 2681 1240 2734 110
1259 2689 1339 2735 nota-

204 2754 257 2806 cib.
276 2755 300 2806 l.
322 2769 385 2819 pag.
409 2752 454 2806 65.
471 2783 507 2793 —-
529 2753 563 2804 In
582 2769 657 2819 seqq.
681 2759 746 2819 apte
795 2755 893 2807 vimus.

203 2839 269 2874 usus
294 2827 335 2874 est
358 2823 441 2874 verbo
464 2815 613 2887 ἐπιτελεῖν,
646 2825 745 2890 quippe
830 2815 983 2888 ἐκτήσαντο
1014 2812 1098 2871 πάλιν
1129 2817 1181 2887 γῆς
1208 2819 1259 2888 τής
1289 2817 1340 2872 01-

202 2894 275 2960 quod
301 2893 414 2945 verbum
441 2894 475 2944 ds
500 2892 586 2944 sacris
610 2893 744 2944 lacinndIs
797 2892 919 2958 νωτρίης
935 2884 1054 2958 ταύτην]
1069 2890 1242 2956 .Αττί(1οτιι1,
1268 2893 1340 2959 quod

203 2963 309 3016 ludisve
326 2963 502 3014 instituendis
522 2962 651 3015 solemne.
680 2964 744 3016 Vid.
797 2954 950 3028 Schweigli.
984 2962 1102 3014 coniecit
1133 2957 1246 3012 ἔκτισαν
1280 2961 1339 3029 (pro

203 3035 239 3086 ad
251 3034 360 3085 CtesIae
378 3033 503 3100 fragmrn.
522 3048 586 3098 pag.
598 3032 650 3084 436
668 3049 685 3084 a
703 3049 746 3088 me
796 3025 975 3099 ἐκτήσαντο),
997 3032 1051 3082 nisi
1061 3031 1090 3081 id
1106 3033 1195 3098 ipsum
1209 3035 1339 3084 continuo

201 3102 323 3154 laudata.
336 3133 371 3142 -
395 3103 474 3165 Quod
492 3103 527 3152 ad
547 3103 685 3154 oraculum
703 3099 745 3155 at·
795 3101 946 3169 legeretur,
982 3107 1013 3153 nt
1042 3102 1089 3152 vix
1122 3102 1264 3168 probabile
1292 3105 1338 3168 sit,

203 3174 274 3223 tinet
289 3170 429 3236 Agyllaeis
448 3188 471 3224 s.
490 3172 644 3223 Caeritibus
663 3189 680 3224 a
693 3175 745 3241 Py·
796 3175 868 3224 idem
891 3171 973 3238 paulo
997 3175 1079 3223 antea
1102 3173 1165 3223 olim
1190 3173 1338 3226 exstitisse.

203 3242 261 3292 thia
287 3241 394 3303 datum,
419 3257 451 3291 eo
474 3242 745 3308 Limburg·Brouwer
796 3235 1341 3294 Ιιιιτα1ιετιιιασ1αοτα1ἐιτέσαντο.Νοιι·

204 3311 338 3376 (Hiatoire
355 3310 389 3360 de
402 3309 430 3361 la
445 3310 572 3362 civilisat.
592 3313 630 3376 11,
644 3314 669 3364 4.
687 3314 745 3364 sive
796 3318 866 3363 trum
894 3313 972 3364 bene.
1013 3313 1064 3363 Est
1089 3313 1160 3362 enim
1187 3303 1339 3378 ἐκτήσαντο

202 3381 263 3433 Vol.
276 3379 324 3430 VI.
337 3397 364 3446 p.
380 3379 440 3446 141)
459 3380 637 3433 humanitatis
650 3388 677 3433 et
690 3385 745 3448 pie·
795 3383 844 3434 eibi
861 3384 1057 3448 acquisiverunt,
1082 3397 1135 3446 quo
1155 3383 1214 3448 ipso
1238 3383 1340 3435 indica-

202 3452 268 3502 tatis
284 3465 331 3516 per
349 3449 461 3501 oracula
472 3457 639 3518 propagatae
651 3469 683 3503 ac
698 3469 745 3503 nn·
795 3457 854 3515 tur,
878 3467 932 3502 non
952 3452 1052 3516 primos
1078 3451 1162 3502 luisse
1185 3451 1340 3503 Phocaeen-

201 3521 283 3571 tritse
304 3535 413 3572 sensum
433 3519 565 3571 declarari
586 3523 744 3574 arbitratur.
797 3537 854 3584 sas,
874 3523 920 3588 qui
938 3521 990 3572 hoc
1008 3522 1036 3571 in
1054 3519 1113 3570 loco
1134 3523 1229 3572 urbem
1248 3523 1339 3574 condi-

202 3590 281 3655 Qnod
298 3606 363 3641 vero
376 3589 495 3656 Delphos
515 3592 685 3643 sciscitatum
697 3593 746 3643 mi·
796 3591 898 3656 derint,
918 3590 965 3642 sed
978 3595 1061 3640 antea
1074 3590 1129 3640 iam
1141 3591 1209 3642 alias
1224 3591 1339 3643 ellurum

202 3661 287 3712 serint
310 3660 447 3724 Caerites,
482 3676 542 3711 curn
570 3663 598 3711 in
626 3677 676 3712 sus
700 3663 744 3712 vel
795 3661 851 3712 illic
869 3662 990 3727 gentium
1015 3660 1101 3710 fuisse
1124 3660 1211 3714 sedes.
1249 3664 1340 3725 Quare

201 3729 268 3781 urbe
286 3730 329 3781 vel
353 3735 427 3782 terra
445 3729 517 3781 idern
536 3731 677 3782 consilium
698 3749 744 3798 pe·
795 3722 948 3796 ἐκτήσαντο
972 3729 1056 3779 ιιο1ῐιιι
1083 3728 1196 3781 reddere
1220 3733 1341 3795 possede-

202 3805 259 3850 tere
282 3797 404 3862 licuerit,
432 3799 460 3850 id
484 3815 516 3851 ex
539 3815 639 3868 magna
661 3803 689 3850 vi
717 3807 744 3852 at
794 3809 867 3862 runt,
886 3806 917 3851 ut
930 3801 995 3851 iecit
1012 3797 1074 3849 Eltz
1088 3801 1201 3862 Quaest.
1216 3800 1338 3853 Heredd.

202 3869 365 3919 auctoritate
378 3869 557 3933 theocratiae,
571 3871 744 3936 qualisapud
795 3886 821 3935 p.
863 3871 909 3932 ll,
951 3869 1209 3935 Schweighaeusero
1246 3869 1340 3920 adver-

202 3940 333 3988 Etruscos
356 3938 492 4002 floruerit,
515 3941 601 4006 repeti
618 3940 677 3991 vult
694 3941 744 3990 Mi·
795 3955 859 3991 sans
885 3941 997 4006 ipseque
1020 3955 1174 4005 proponens
1203 3941 1340 3991 coniectu-

202 4005 255 4056 cnli
278 4007 370 4058 Storia
392 4013 443 4057 etc.
463 4010 501 4060 ΙΙ.
526 4026 553 4075 p.
576 4011 633 4062 171.
677 4010 744 4061 Cum
795 4025 853 4059 ram
869 4000 1021 4074 ἐστήσαντο
1041 4009 1079 4072 (b.
1097 4026 1120 4061 e.
1138 4011 1341 4072 exaedificamus

202 4075 273 4124 enirn
290 4074 324 4124 de
339 4075 451 4127 Graecis
469 4079 621 4130 interiectis
637 4080 744 4130 iisdem·
794 4077 903 4144 ατδιτα),
930 4080 1038 4130 minime
1062 4079 1245 4131 necessariam
1265 4079 1340 4132 illam

201 4159 254 4208 que
275 4143 416 4207 expiandis
441 4154 580 4212 ageretur,
610 4151 743 4202 Graecum
795 4148 913 4214 quidem.
961 4147 1124 4214 vulgatam,
1156 4165 1237 4215 quam
1265 4157 1339 4201 recte

201 4212 280 4263 deum
313 4227 427 4278 eumque
456 4217 612 4281 primarium
639 4220 743 4271 consuli
794 4219 965 4270 retinuerunt
973 4219 1263 4282 recontt.edd.,tuitue
1274 4235 1339 4286 quo·

200 4287 659 4352 consentsneumeratabeaurbe,
673 4305 743 4355 quae
795 4306 847 4359 que
874 4295 916 4344 est
938 4289 1089 4342 Grotelend
1117 4291 1157 4342 in:
1186 4289 1292 4340 Blittcr
1317 4291 1337 4344 1.
