3096 4930
623 253 798 320 01210.1.
824 269 884 328 les.
1259 263 1320 328 385

180 426 282 518 τάβη,
298 431 420 519 μέτρον
438 424 496 498 liv
509 428 688 518 Περσικὸν,
715 437 832 524 χωρέει
846 441 1011 525 μεδίμνου
1025 433 1177 507 Ἀττικοῶ
1202 448 1320 512 πλεῖον

180 535 298 622 χοίνιξι
315 535 403 622 τρισὶ
422 529 597 625 Ἀττικῇσι.
634 539 729 606 ἵπποι
751 541 791 608 δέ
811 544 846 608 ol
862 536 968 610 αότοῶ
988 531 1073 630 ἦσαν
1098 548 1185 632 cosp,
1215 544 1318 634 πάρεξ

179 642 248 706 τῶν
262 644 539 726 πολεμιστηρίων,
558 642 593 706 oc
609 638 672 726 μὲν
693 637 932 730 ἀναβαίνοντες
955 641 1013 726 τάς
1030 649 1156 734 θηλέας
1176 643 1315 717 ὀκτακό-

180 761 247 810 σιοι
257 794 266 827 ,
290 745 328 810 αλ
343 741 380 810 δὲ
392 739 589 830 βαινόμεναι
605 743 819 833 ἑξακισχίλιαι
834 750 889 817 καί
906 747 1033 837 μύριαι.
1070 745 1229 838 ἀνέβαινε
1251 749 1317 841 γὰρ

180 847 316 926 ἕκαστος
329 851 398 914 τῶν
413 841 560 932 ἐρσένων
582 845 712 917 τούτων
733 859 838 918 είκοσι
857 856 989 931 ἵππους.
1025 858 1140 922 κυνῶν
1160 853 1198 922 δὲ
1217 851 1314 924 Ἰνδι-

180 953 251 1019 κῶν
269 955 407 1018 τοσοῦτο
431 950 525 1038 δήτι
546 954 676 1038 πλῆθος
698 948 873 1043 ἐτρέφετο,
898 951 982 1024 ῶστε
1006 958 1159 1044 τέσσερες
1182 963 1251 1027 τῶν
1277 956 1316 1028 ἒν

179 1056 225 1145 τῷ
247 1058 352 1147 πεδίῳ
373 1057 480 1141 κῶμαι
501 1053 660 1141 μεγάλαι,
689 1061 758 1126 τῶν
779 1054 893 1127 ἀλλων
917 1055 1032 1128 ἐοῦσαι
1052 1056 1201 1146 ἀτελέες,
1230 1077 1314 1131 τοῖσι

179 1157 257 1226 κυσί
276 1155 537 1246 προσετετάχατο
555 1164 644 1226 σιτία
668 1164 835 1248 παρέχειν.
876 1165 1015 1232 τοιαῦτα
1033 1162 1095 1250 μὲν
1115 1167 1162 1256 τῳ
1181 1160 1315 1253 ὀρχοντι

178 1264 237 1348 τῆς
256 1265 460 1348 Βαβυλῶνος
474 1256 604 1350 ὑπῆρχε
620 1258 727 1332 ἒόντα.
752 1259 843 1333 ‘Hel
863 1270 906 1354 μῆ
925 1270 994 1335 τῶν
1013 1261 1200 1356 Ἀσσυρίων
1220 1262 1382 1336 israeles

178 1362 241 1452 μέν
264 1360 385 1458 ὀλίγῳ,
404 1365 461 1434 καὶ
481 1361 519 1433 τό
546 1361 710 1454 ἐκτρέφον
727 1364 790 1455 τὴν
810 1371 905 1458 ῥίζαν
923 1374 984 1440 τοῦ
1005 1375 1099 1440 σίτου
1115 1365 1185 1438 ἐστὶ
1203 1373 1313 1439 τοῦτο.

177 1531 333 1582 Herodotus
366 1533 521 1584 accuratior
552 1538 607 1582 tres
637 1532 722 1582 addet
771 1533 1222 1602 hoccsnumgenuseestimerent.
1235 1535 1314 1590 (loni.

178 1600 335 1666 choenices,
360 1603 400 1653 ite
421 1609 453 1653 ut
476 1617 531 1653 une
557 1603 655 1652 ertshe
680 1603 720 1652 LI
771 1605 982 1658 Heeren.1deen
996 1607 1019 1670 I,
1030 1609 1056 1658 2.
1067 1622 1130 1672 pag.
1141 1607 1203 1657 214.
1242 1606 1313 1658 Add.

177 1670 320 1722 choenices
337 1672 437 1737 capiet.
468 1673 605 1738 Aegyptia
623 1671 720 1722 ertebe
771 1674 875 1726 Bohlen
897 1676 994 1726 Indien
1017 1677 1056 1726 11.
1082 1693 1109 1742 p.
1135 1676 1185 1726 175
1205 1691 1262 1742 seq.
1288 1681 1316 1726 et

178 1739 318 1792 dimidium
348 1743 405 1792 iero
431 1743 558 1794 Persicae
588 1741 720 1804 continet,
772 1745 966 1810 coneneyard
980 1743 1114 1810 (Nineveh
1128 1745 1183 1794 end
1200 1746 1314 1797 iterem.

178 1811 285 1878 xxvi}
304 1811 448 1863 choenices
463 1813 581 1862 Atticus.
618 1811 660 1862 Ad
674 1827 721 1861 no·
772 1818 824 1865 otc.
851 1815 889 1866 11.
907 1831 935 1880 p.
953 1815 1034 1880 425),
1068 1815 1114 1880 qni
1138 1813 1208 1864 telos
1232 1831 1314 1865 cenes

178 1884 249 1932 stres
274 1896 415 1932 mensures
440 1883 486 1948 qui
498 1881 627 1946 redigere
644 1881 719 1943 velit,
770 1884 799 1932 in
815 1883 945 1948 cylindris
960 1888 1180 1950 repraesentatos
1196 1885 1315 1934 inveniri

178 1951 327 2016 quingente
358 1951 444 2002 millis
477 1951 657 2016 imperialium
694 1955 721 2000 et
773 1954 877 2016 scribit,
893 1955 1006 2018 ipseque
1017 1955 1046 2004 in
1057 1954 1144 2004 eltero
1160 1953 1230 2004 libro
1239 1955 1315 2019 (Dis-

177 2021 250 2086 quod
274 2023 393 2072 excurrit
416 2021 543 2083 (500000
561 2019 722 2071 Reichsthe·
773 2023 896 2074 coveries
915 2028 967 2073 etc.
987 2039 1013 2089 p.
1033 2023 1096 2089 527)
1120 2039 1215 2074 cenem
1232 2024 1314 2074 telem

176 2089 227 2156 ler)
250 2091 381 2142 inveniet.
418 2091 496 2142 Cous.
515 2092 633 2142 Heeren.
656 2090 675 2141 l.
701 2089 719 2141 l.
772 2107 804 2144 ex
823 2098 897 2144 terre
915 2097 990 2144 ootte
1009 2093 1179 2159 Babylonios
1197 2091 1316 2143 delinee-

176 2175 204 2224 p.
222 2161 283 2212 481.
773 2168 830 2213 tum
849 2162 980 2214 exhibuit.

211 2221 300 2294 πάρεξ
316 2225 374 2278 τῶν
384 2226 623 2298 πολεμιστηρίων]
640 2229 721 2280 Henc

176 2313 237 2349 cum
262 2297 414 2364 Schweigh.
443 2297 598 2349 reduximus
629 2299 722 2350 lectio·
938 2335 959 2385 c
1024 2333 1139 2386 exem

176 2383 251 2431 ncrn,
269 2367 346 2418 libris
360 2367 583 2432 delabentibus,
601 2383 650 2434 pro
667 2381 719 2418 πο-
961 2350 1005 2386 ¹²·
1141 2372 1148 2386 ’

176 2432 338 2503 λεμιστέτον,
360 2437 431 2503 quod
451 2451 484 2487 ex
497 2437 595 2490 Aldine
613 2453 719 2504 recepe·
805 2428 823 2503 ἡ
837 2431 869 2488 δὲ
882 2435 917 2504 γῆ
932 2429 1083 2504 Ἀσσυρίων
1099 2425 1178 2488 ὀεται
1193 2429 1246 2502 μὲν
1258 2427 1315 2486 ὀλί-

176 2511 220 2558 ret
237 2507 401 2573 wesseling.
425 2505 541 2571 ollisque
568 2508 636 2559 locis
659 2523 720 2573 pro·
770 2523 810 2572 γῳ
826 2523 852 2557 κ.
866 2524 889 2558 τ.
908 2507 944 2575 λ.]
963 2507 1103 2574 Assyriam
1122 2512 1223 2558 terrem
1241 2507 1315 2557 hsud

175 2578 240 2628 here
259 2578 402 2627 studuerat
414 2575 528 2640 (Strebo
540 2577 599 2627 XV.
612 2593 640 2643 p.
651 2577 719 2630 1023
771 2577 852 2628 elium
875 2583 958 2643 etque
976 2577 1156 2643 Behyloniem
1181 2591 1242 2626 esse
1260 2593 1314 2626 mo-

177 2663 199 2698 s.
216 2647 275 2699 008.
294 2647 409 2698 Diodor.
422 2645 505 2698 Sicul.
517 2645 630 2710 11,41).
665 2647 718 2698 Sed
770 2648 877 2698 nuimus
896 2648 930 2698 ed
948 2649 970 2710 Ι,
989 2647 1047 2700 192.
1076 2649 1166 2710 Quere
1184 2648 1315 2696 moxNo-

176 2717 220 2767 hic
248 2717 337 2782 potior
361 2731 422 2766 esse
446 2715 562 2766 dehebet
589 2716 718 2768 librorum
771 2722 828 2767 ster
848 2719 943 2768 scribit
960 2717 1033 2767 houd
1057 2717 1138 2767 eliam
1158 2722 1257 2768 terrem
1275 2716 1315 2764 in·

177 2788 336 2838 auctoritas.
377 2787 415 2836 Et
438 2785 510 2836 coni.
533 2786 665 2838 Herodot.
684 2787 718 2848 V,
769 2778 1313 2852 1ο111ςοεετἡΒαβυλωνίηχῶρηκάοα.

179 2856 237 2908 113.
255 2887 291 2897 -
320 2857 352 2906 In
376 2869 452 2922 seqq.
471 2846 653 2920 ἀναβαίνειν,
677 2857 719 2906 uti
771 2857 914 2907 Caeterum
937 2856 1073 2908 consentit
1102 2857 1130 2904 in
1154 2859 1314 2918 argumento

177 2916 287 2990 ὀχεύειν
314 2925 398 2992 (unde
420 2920 562 2992 ὀχευταλ),
591 2926 624 2977 de
649 2929 719 2991 equis
771 2927 831 2990 ipso
855 2927 954 2976 Strabo
977 2926 1037 2975 XV.
1067 2939 1131 2988 peg.
1159 2923 1210 2974 730
1237 2937 1262 2972 s.
1285 2938 1313 2988 p.

178 2993 278 3046 dicitur
295 2996 463 3058 admissariis,
484 3001 610 3046 monente
626 2997 720 3046 From·
773 2996 840 3047 1074
858 2997 882 3044 A
905 2995 966 3046 coll.
991 2993 1126 3044 Reuwoli.
1153 2990 1267 3042 Trevels
1285 3009 1313 3056 p.

178 3063 241 3114 mel.
264 3065 292 3114 in
311 3063 438 3115 Creueeri
455 3064 562 3118 Melett.
582 3067 636 3118 111.
655 3081 719 3132 peg.
772 3067 837 3128 152,
869 3080 947 3130 quern
976 3064 1044 3114 citet
1067 3061 1220 3114 Pelmhled.
1249 3059 1268 3112 1.
1295 3060 1313 3111 l.

181 3134 229 3185 157
249 3149 306 3198 seq.
622 3135 627 3148 “
771 3151 835 3200 pag.
854 3135 879 3185 5.
920 3135 960 3184 Ao
984 3133 1219 3194 verissimum,
1245 3147 1314 3197 ques

212 3194 261 3260 τὰς
283 3200 400 3270 θηλέας]
435 3203 507 3255 Melc
531 3203 641 3271 quidem
664 3201 720 3268 θή-
772 3203 928 3255 Herodotus
958 3202 1056 3264 tradit,
1090 3202 1225 3268 pleneque
1252 3215 1315 3252 con-

178 3271 267 3336 leloe3
300 3273 347 3323 sed
373 3273 429 3324 rid.
452 3273 584 3328 Herodot.
614 3275 641 3338 1,
673 3274 722 3325 178
773 3273 898 3338 gruentis
924 3287 984 3324 oum
1010 3273 1058 3336 iis,
1088 3288 1158 3337 queo
1180 3270 1315 3336 hodieque

178 3343 244 3408 ibiq.
265 3341 458 3402 not.111‚85.
772 3344 852 3393 huius
884 3342 1004 3407 regionis
1039 3343 1159 3391 conditio
1192 3342 1314 3406 praebet,

211 3409 307 3462 κυνῶν
331 3405 363 3462 δὲ
382 3407 522 3479 Ἰνδικῶν]
552 3415 593 3464 De
619 3413 722 3462 canibus
772 3416 863 3463 monet
879 3411 1001 3476 Leyerd:
1019 3410 1140 3460 Nineveh
1154 3410 1207 3459 end
1222 3411 1257 3459 its
1275 3425 1316 3459 re-

176 3482 273 3534 lmlr‘cis
298 3483 430 3534 classicus
454 3483 562 3534 Ctesiee
588 3482 664 3532 locus
693 3483 721 3532 in
772 3483 859 3532 meins
878 3481 916 3532 11.
935 3497 962 3546 p.
980 3479 1024 3530 00.
1042 3508 1077 3518 -
1106 3481 1148 3528 De
1169 3493 1220 3528 neu
1238 3478 1315 3528 verbi

176 3552 280 3603 Indice.
308 3555 449 3618 Excerptt.
477 3556 502 3614 §-
531 3555 562 3616 5,
588 3553 635 3602 ubi
664 3551 720 3601 rid.
771 3541 1010 3602 irrevelcloner.
1025 3547 1192 3608 dixissen,
1210 3547 1250 3610 13,
1267 3547 1315 3595 nbi

176 3637 246 3687 quee
264 3623 394 3674 adnotavi
406 3638 433 3687 p.
444 3623 495 3672 272
509 3637 566 3686 seq.
585 3621 647 3672 coll.
658 3620 720 3673 296.
771 3621 828 3672 vid.
864 3621 1006 3671 Invenitur
1027 3617 1139 3684 passive
1166 3616 1314 3677 formelli,

175 3693 277 3744 Herod.
303 3693 371 3756 VII,
392 3691 452 3744 187.
489 3691 559 3742 Sunt
580 3691 620 3740 illi
642 3705 721 3756 gren-
774 3690 815 3742 13.
843 3689 883 3742 14.
904 3692 947 3741 22.
971 3689 1028 3752 111,
1049 3687 1090 3738 10.
1118 3687 1171 3748 IV,
1189 3685 1232 3736 50.
1254 3684 1314 3736 108.

177 3761 266 3812 diores
291 3762 379 3813 forme
404 3775 437 3811 ec
459 3765 596 3812 structure
617 3765 645 3810 et
667 3759 722 3810 leo·
771 3761 880 3810 λεῶντι.
899 3760 959 3810 ind.
979 3759 1005 3810 0.
1041 3756 1222 3820 Theophrest.
1240 3755 1315 3812 Hist.

176 3847 236 3882 nem
256 3833 284 3882 vi
306 3845 425 3897 sequere
448 3829 575 3880 dicuntur
598 3830 626 3879 in
648 3834 721 3880 terre
771 3823 1315 3894 pient.VI11‚o.6.vnI,11,e.1x,

177 3915 247 3966 qnee
264 3917 336 3952 nunc
359 3900 461 3951 dicitur
480 3898 577 3960 Kelol,
602 3899 650 3950 ubi
674 3899 721 3948 ho·
772 3901 798 3962 4,
817 3901 844 3952 8.
861 3929 896 3938 —
919 3891 1003 3964 ὀλίγῳ
1020 3895 1129 3946 dativus
1151 3897 1193 3943 est
1214 3893 1317 3942 instru-

177 3970 274 4036 dieque
297 3971 483 4021 inveniuntur.
522 3969 575 4030 Qui
602 3984 663 4019 cum
686 3967 721 4018 ed
773 3969 865 4030 menti,
880 3967 936 4028 ubi,
956 3967 979 4015 si
994 3965 1093 4030 plecet,
1112 3963 1314 4014 substantivum

175 4039 329 4090 uouendum
357 4042 450 4090 essent
476 4038 592 4088 merisne
621 4037 719 4100 idonei,
772 4036 911 4101 intelliges
928 4036 1007 4096 licet3
1027 4049 1089 4083 nem
1105 4037 1196 4098 pasce
1212 4033 1314 4096 (pluviis

175 4109 280 4173 Persis,
299 4125 367 4176 quoe
385 4109 498 4158 venatui
515 4107 595 4158 vslde
613 4107 719 4158 deditos
772 4107 824 4170 sc.)
844 4105 952 4170 irrigari
968 4104 1107 4168 Assyrium
1119 4101 1253 4153 Herodoti
1272 4105 1314 4152 est

176 4179 316 4242 norimus,
350 4179 379 4228 in
406 4176 511 4228 deliciis
538 4179 661 4240 fuerunt,
690 4182 720 4226 ut
771 4175 916 4237 sententie,
935 4174 1060 4224 hervero
1077 4173 1189 4238 exignus
1205 4171 1312 4236 pluries

176 4261 274 4314 msgno
292 4263 405 4299 numero
430 4261 477 4297 eos
502 4246 607 4297 olerent
630 4251 658 4297 et
680 4261 721 4296 se·
772 4260 845 4310 esse,
864 4244 961 4310 quihus
976 4243 1104 4294 inserenti
1120 4243 1197 4292 redix
1213 4241 1314 4290 nutrie-

177 4331 238 4368 oom
264 4317 409 4380 ducerent,
438 4317 583 4383 magnique
610 4315 719 4366 omnino
771 4319 828 4376 terr
857 4312 893 4364 ed
915 4313 1100 4364 maturitatem
1125 4315 1230 4376 segetes
1256 4321 1313 4373 per·

219 4419 387 4463 nnnonon.
413 4417 435 4460 1.
1062 4391 1102 4454 25
1125 4407 1151 4432 ³·
