2956 4930
557 269 685 332 onio.
706 271 732 330 1.
758 279 797 334 u.
884 275 889 284 ·
1204 275 1244 340 33

96 439 304 532 ἀναθήματα
327 448 399 512 ἔστι
421 447 456 514 οἱ
475 451 614 514 πλεῖστα
636 445 674 514 ἐν
696 453 879 532 Δελφοῖσι·
917 447 1020 536 πάρεξ
1041 449 1079 520 δὲ
1099 453 1162 520 τοῦ
1181 447 1241 540 ἆρ-

97 545 210 634 γύρου
230 544 360 636 χρυσὸν
384 543 529 618 ἄπλετον
548 544 717 636 ἀνέθηκεν
741 543 845 618 ἄλλον
864 575 900 618 τε
921 551 994 637 καὶ,
1017 558 1078 624 τοῦ
1100 551 1243 642 μάλιστα

97 651 235 742 μνήμην
251 648 347 734 ἄξιον
361 657 452 738 ἔχειν
467 653 553 738 ἐστὶ,
573 655 735 742 κρητῆρές
749 657 784 722 ol
798 648 947 742 ἀριθμὸν
961 657 995 738 ἓξ
1009 655 1144 746 χρύσεοι
1158 655 1242 728 ἅνα-

98 758 225 826 κέαται.
251 756 364 824 ἑστᾶσι
385 755 423 824 dl
440 744 533 826 οὗτοι
552 757 590 826 ἐν
608 760 654 847 τῷ
673 763 871 845 Κορινθίων
887 763 1067 852 θησαυρῷ,
1091 759 1244 850 σταθμὸν

99 865 232 948 ἔχοντες
245 857 427 950 τριήκοντα
444 857 605 928 τάλαντα·
633 855 756 947 ἀληθέι·
768 859 805 930 δὲ
820 858 909 954 λόγῳ
924 865 1103 958 χρεωμένῳ
1117 860 1158 934 οὗ
1172 873 1241 934 Κο-

100 970 248 1052 ρινθίων
265 967 325 1032 τοῦ
349 967 513 1050 δημοσίου
534 963 624 1032 ἐστὶν
646 958 664 1032 ὁ
683 961 872 1054 θησαυρὸς,
896 960 981 1034 ἀλλὰ
1000 969 1161 1049 Κυψέλου
1184 973 1244 1037 τοῦ

100 1133 174 1182 amia
184 1133 296 1196 pluritno
304 1130 412 1196 Delphis
423 1133 561 1182 enaim.“
574 1131 651 1194 Quae
702 1129 748 1182 Gr.
768 1130 914 1194 5.413.-
931 1130 1080 1197 κρατῆρες,
1106 1132 1179 1199 quod
1201 1149 1244 1184 sa·

101 1201 134 1252 ad
156 1216 271 1252 sensnm
289 1205 364 1252 certe
380 1201 520 1266 negotium
537 1217 592 1252 uon
610 1201 650 1251 la·
701 1201 737 1250 tis
757 1205 878 1262 constat,
897 1203 1005 1266 proprie
1022 1201 1148 1260 dicuntur
1160 1205 1243 1256 maio-

101 1277 229 1334 ccssuut‚
255 1271 380 1336 quamvis
409 1275 546 1322 structura
567 1271 649 1336 paulo
700 1271 740 1320 ris
761 1271 880 1322 ambitus
903 1285 972 1322 vasa
998 1273 1073 1322 ansis
1100 1273 1243 1334 instructa,

101 1343 135 1392 sit
148 1340 316 1406 impeditior.
344 1340 424 1404 Quod
437 1341 507 1392 enim
524 1333 578 1390 ὅσα
591 1341 649 1391 inn-
699 1341 728 1390 iu
746 1339 844 1406 quibus
861 1341 967 1404 vinum
992 1341 1064 1405 quod
1087 1343 1244 1408 plerumque

101 1411 218 1477 gendum
238 1417 354 1486 „putant
377 1426 438 1462 eum
461 1411 590 1475 πλεῖστα,
619 1415 649 1460 ut
700 1426 754 1460 non
771 1426 888 1474 marum,
909 1410 957 1462 sed
975 1425 1047 1476 aqua
1065 1417 1244 1478 temperatum

100 1481 218 1531 sisium
235 1495 290 1530 οοα
317 1481 387 1532 sint:
416 1496 539 1547 perquam
561 1484 648 1542 mtto,

100 1567 171 1617 qaum
186 1553 314 1614 plurima,
332 1555 398 1602 noto
416 1549 523 1602 dicendi
541 1565 647 1616 genere,

101 1621 172 1686 quod
191 1620 323 1686 exemplis
343 1621 492 1672 illustravit
509 1619 648 1672 Sobaeler.

101 1692 135 1741 ad
165 1692 285 1756 Dionys.
312 1691 403 1742 Halic.
437 1690 471 1740 de
504 1692 647 1756 componit.

102 1761 194 1812 verbb.
215 1778 242 1826 p.
266 1761 329 1823 184,
349 1759 474 1826 qnodque
490 1759 534 1810 vel
551 1761 579 1810 in
597 1761 648 1810 Ln-

101 1831 219 1880 tinorum
237 1830 358 1881 dictione
374 1834 469 1880 aiseium
486 1837 604 1896 quantum
616 1845 649 1880 ao

101 1900 234 1952 similibus
259 1901 374 1965 agnosci
389 1903 494 1965 potest,
513 1899 542 1949 id
560 1900 649 1950 minus

102 1975 193 2036 tptum
208 1970 318 2020 ridetur
330 1975 439 2036 propter
452 1969 596 2020 verborum
609 1985 650 2019 or·

102 2041 204 2102 dinem,
225 2041 273 2104 qui
288 2040 333 2091 hic
347 2041 470 2090 inversus
485 2039 649 2102 inveniatur,

699 1481 855 1542 sumebant,
871 1481 1045 1534 miscebatur.
1072 1482 1168 1546 Neque
1180 1496 1245 1532 vcro

700 1549 728 1600 iu
740 1551 873 1602 conviviis
886 1555 992 1602 tantum
1005 1551 1180 1614 adhibentur,
1197 1549 1245 1602 sed

700 1620 728 1670 in
751 1621 836 1672 sacris
861 1621 943 1670 etiem
969 1621 1125 1686 frequenter
1152 1635 1245 1672 occur·

699 1696 776 1752 runt,
796 1691 825 1740 iu
843 1690 951 1754 templis
969 1691 1087 1756 expositi
1104 1689 1148 1741 vel
1166 1705 1245 1740 orna-

700 1764 744 1810 tus
776 1774 872 1820 causa,
906 1757 980 1810 haud
1011 1775 1072 1809 raro
1103 1758 1244 1822 splendide

701 1843 859 1894 summoque
872 1827 988 1878 artificio
1006 1828 1153 1888 elaborati,
1171 1827 1245 1876 inde-

701 1913 753 1963 que
771 1899 841 1948 inter
853 1897 921 1948 artis
936 1911 1019 1960 opera
1029 1895 1129 1953 habiti;
1147 1911 1180 1944 ex
1191 1897 1245 1946 He-

700 1967 798 2018 rodoto
817 1967 891 2016 coni.
908 1966 931 2027 1,
949 1966 992 2016 51.
1007 1964 1049 2012 70.
1064 1963 1112 2024 IV,
1125 1962 1169 2014 61.
1182 1964 1242 2014 152.

700 2036 785 2088 Plura
805 2036 909 2086 dabunt
932 2030 1058 2084 Panot'ka
1075 2031 1243 2082 Recherebea

701 2123 747 2158 sur
765 2107 804 2157 les
816 2121 893 2156 noms
911 2103 958 2152 dea
970 2113 1048 2150 vases
1061 2101 1146 2151 Grecs
1157 2117 1185 2166 p.
1201 2102 1244 2154 ll.

700 2177 745 2228 46.
785 2176 887 2238 Ussing
917 2173 959 2219 De
988 2171 1137 2220 nominibb.
1168 2185 1243 2222 vass.

701 2247 813 2298 Graece.
837 2261 864 2310 p.
883 2241 917 2290 tt
934 2254 992 2304 seq.
1028 2239 1134 2290 Becker
1151 2240 1244 2292 (thari-

102 2125 162 2162 eum
180 2109 252 2160 alias
271 2098 326 2158 ὅσα
346 2125 395 2160 suo
420 2108 552 2160 vocabulo
577 2113 649 2174 post·

102 2181 165 2246 peni
182 2179 283 2231 soleat.
318 2181 370 2230 Est
387 2195 456 2230 unus
475 2179 555 2229 modo
572 2179 649 2228 locus

103 2250 236 2300 Athenaei
262 2249 307 2312 (T.
326 2250 375 2300 IV.
392 2265 420 2314 p.
439 2248 501 2314 208)
527 2248 649 2313 alterque

103 2319 276 2370 Scholiastaa
289 2319 449 2370 Philostrat.
477 2317 516 2382 (p.
536 2318 586 2370 160
606 2317 649 2370 ed.
701 2315 756 2366 cles
774 2316 796 2366 1.
815 2331 843 2396 ρ.
861 2309 911 2361 463
929 2324 989 2386 peq.
1099 2367 1106 2388 Ι

103 2389 293 2456 Roissonad.),
319 2389 366 2438 ubi
389 2377 442 2438 ὅσα
465 2387 649 2452 praepositum
733 2376 838 2448 ἀληθεῖ
853 2371 885 2427 dl
903 2377 977 2445 λογῳ
998 2373 1158 2444 χροωμενφ]
1177 2377 1243 2427 Par-

103 2461 232 2510 oecurrit.
271 2461 348 2521 Quae
365 2474 425 2508 cnm
443 2459 484 2507 ita
500 2458 568 2519 siut,
595 2472 650 2507 ma·
699 2455 787 2519 ticipii
808 2452 836 2498 in
859 2447 952 2497 dativo
975 2461 1053 2496 usum
1079 2443 1120 2509 (ut
1137 2446 1179 2509 11,
1200 2447 1242 2510 11,

102 2529 146 2580 lim
161 2545 224 2580 cum
234 2529 360 2594 Augusto
372 2527 506 2578 Matthiae
518 2531 649 2589 statuere,
700 2523 761 2574 aliis
779 2517 856 2582 locis)
882 2517 951 2566 bene
975 2515 1083 2566 notavit
1106 2515 1242 2565 Matthiae

104 2599 156 2650 dno
173 2599 309 2650 orationis
326 2598 448 2648 membra
461 2597 504 2647 hic
520 2597 550 2647 in
567 2612 650 2647 unum
700 2591 745 2642 Gr.
758 2588 804 2640 Gr·
824 2585 964 2650 638811»
982 2601 1009 2650 P·
1022 2585 1083 2635 711·
1100 2585 1142 2634 Tu
1153 2588 1242 2634 '‘³le‘

104 2669 257 2720 coelumne:
284 2658 345 2717 ἀλλ’
371 2655 424 2718 ὅσα
443 2659 502 2745 μὲν
524 2657 650 2740 ἀργύρου
698 2659 740 2722 ..εἰ
762 2660 818 2722 quit
843 2672 926 2706 verum
948 2655 1033 2704 dicere
1054 2657 1135 2704 enlt.“
1156 2653 1244 2721 ,Add-

103 2729 279 2803 drcdq'pcca
302 2731 358 2786 ἔστι
387 2735 535 2803 (τουτων),
563 2733 651 2784 ταῦτα
698 2725 835 2806 Kuebner.
855 2727 902 2776 Gr.
921 2725 967 2776 Gr.
986 2723 1010 2786 5
1031 2722 1092 2784 581,
1110 2723 1138 2774 b.

105 2801 134 2856 οἱ
149 2808 269 2858 πλεῖστα
286 2799 344 2856 ἔστι
361 2796 391 2856 ἒν
409 2805 555 2869 Δελφοῖσι.
586 2801 646 2852 Vid.
703 2855 710 2874 .
732 2791 1004 2873 ovlloowploevyvtg
1015 2789 1156 2856 δημοσίου
1168 2779 1244 2867 ἕῠῑῖἵ

104 2878 219 2930 eundem
239 2891 347 2942 quoqne
370 2877 398 2926 in
415 2877 533 2928 Gramm.
555 2873 601 2924 Gr.
621 2871 647 2930 5·
694 2879 713 2944 ‚⁰
745 2862 907 2930 θησαυοῡΰ,
936 2861 1005 2912 αλῑα
1026 2857 1161 2922 Κυψέλου
1190 2873 1243 2908 ‘⁰²’

105 2947 168 3010 445,
196 2951 225 2999 t.
247 2963 275 3012 p.
294 2945 356 2998 832.
398 2946 455 2998 Nec
484 2945 563 2994 aliter
591 2939 648 2988 iere
699 2931 855 2998 Hsrlmvne]
872 2934 926 2984 Pro
944 2927 1087 2994 δημοσίου
1103 2928 1167 2978 libri
1185 2928 1244 2994 qni-

104 3016 279 3068 iamdudum
297 3014 433 3066 Larcbero
469 3011 599 3064 lacuerat.
698 3003 761 3054 dam
779 2994 887 3067 δήμου,
912 2999 999 3067 quod,
1022 3001 1054 3048 ut
1071 3013 1088 3046 a
1106 2998 1245 3047 sententia

138 3078 247 3154 χρυσὸν
263 3075 386 3136 ἄπλετον
402 3075 439 3134 ἄν
455 3081 545 3142 doaso
561 3067 648 3126 ἄλλον
698 3074 760 3138 ipen
771 3087 826 3122 non
838 3072 970 3132 alienum,
988 3067 1029 3118 ite
1044 3071 1136 3117 tamen
1153 3065 1198 3116 hic
1210 3081 1243 3116 ex

10 3137 12 3212 }
104 3170 131 3208 τε
149 3152 212 3220 acl,
231 3153 284 3206 aod
302 3170 327 3204 a.
344 3169 369 3204 τ.
388 3151 426 3218 1.]
442 3151 461 3199 1.
475 3163 499 3200 e.
511 3149 591 3210 „ouri
606 3149 648 3196 im·
699 3141 835 3194 scribendi
851 3139 1010 3206 compendio
1022 3142 1111 3188 ortum
1123 3135 1243 3218 essenix

10 3235 11 3260 ¹
105 3243 211 3278 neman
226 3219 467 3290 ponduenenaiiud
483 3215 516 3280 (s.
534 3215 649 3268 alierum
700 3212 820 3264 dubium.
849 3211 921 3261 Hinc
939 3213 1013 3260 recte
1030 3222 1138 3272 quoque
1155 3209 1242 3255 tuitus

105 3297 205 3362 rernm)
223 3304 274 3346 tum
290 3309 350 3344 osro
363 3292 448 3346 etiam.
467 3287 535 3352 qnod
547 3287 649 3350 proeci-
699 3288 741 3333 est
759 3281 898 3333 Scheeier.
918 3279 954 3330 ad
963 3277 1104 3328 Lambert.
1124 3277 1188 3328 Bos.
1210 3273 1244 3323 de

10 3379 11 3382 ’
102 3371 299 3430 perueneram
309 3363 405 3424 dapum
417 3364 463 3418 ert,
473 3364 589 3407 crateres
600 3371 650 3406 sea
699 3351 811 3416 Ellipss.
829 3366 856 3414 p.
870 3349 930 3410 162,
949 3348 997 3398 ubi
1014 3346 1114 3398 vid.-
1132 3345 1175 3394 De
1195 3343 1244 3409 Cp-

105 3450 206 3488 mero
222 3435 297 3485 aerei
313 3428 345 3478 ab
369 3428 454 3478 eodem
474 3426 586 3478 dedicati
602 3440 650 3474 ex·
696 3423 768 3484 prelo
785 3419 841 3469 vid.
854 3417 927 3468 inira
939 3417 973 3478 V,
985 3415 1029 3466 92.
1046 3441 1080 3450 -
1098 3407 1244 3494 6ηοαυρο1

104 3503 204 3556 stant.“
233 3499 350 3564 Reliqua
359 3496 583 3562 interpretatione
595 3509 650 3544 non
700 3503 893 3556 saepenumero
913 3485 1040 3535 dicuntur
1062 3481 1201 3532 aediculae
1220 3493 1245 3529 s.

105 3579 196 3641 egent.
226 3569 268 3620 Ad
285 3566 392 3634 pondus
410 3570 558 3628 craterum,
577 3561 650 3630 quod
701 3557 787 3610 cellae
805 3557 834 3606 in
850 3553 982 3620 Delphico
1000 3549 1101 3632 templo
1121 3549 1247 3630 a'singu-

105 3644 220 3708 triginta
232 3639 397 3689 talentorum
407 3651 550 3686 aureorum
566 3633 651 3684 tuisse
700 3627 735 3678 lis
754 3625 865 3690 regibus
884 3640 906 3674 a.
922 3621 1079 3673 civitatibus
1095 3613 1246 3700 dementes,

105 3711 218 3770 dicitur,
237 3709 305 3759 iacit
323 3706 392 3757 alter
404 3705 498 3756 Nostri
509 3704 585 3754 locus
598 3701 651 3762 111,
700 3699 729 3748 iu
748 3695 846 3761 quibus
870 3709 921 3744 sna
939 3704 1063 3774 quaeque
1082 3691 1180 3738 civitas
1200 3683 1247 3736 do-

104 3781 147 3841 95,
164 3779 213 3830 ubi
228 3779 289 3828 auri
311 3777 444 3828 talentum
463 3789 545 3826 uuum
564 3767 652 3822 tr‘ede·
702 3767 793 3826 naria,
823 3777 918 3813 aurum
944 3765 1027 3810 ettam
1054 3761 1082 3808 et
1104 3759 1247 3838 argeutum

106 3849 157 3900 cim
170 3853 306 3914 argentea
329 3846 432 3896 talenta
451 3857 568 3910 aequare
585 3840 653 3891 scri·
702 3833 823 3902 Apollini
835 3829 997 3882 sacrandum
1013 3827 1170 3894 deponeret.
1196 3825 1247 3876 Μι-

10 3907 11 3932 ³
106 3919 156 3970 bit.
193 3917 262 3970 lude
280 3931 412 3968 summam
423 3911 576 3964 Laroherus
590 3925 653 3960 cou-
703 3907 775 3956 nime
790 3903 872 3969 igitur
886 3901 931 3961 hic
944 3897 1118 3966 cogitandum
1137 3895 1171 3945 de
1186 3894 1244 3946 the-

107 3987 164 4040 licit
191 3985 336 4070 21064000
359 3986 465 4036 Livres.
505 3983 538 4032 In
562 3979 653 4030 verbis
704 3975 792 4026 saunis
816 3969 977 4038 quibusdem
998 3966 1132 4050 Apollinis
1159 3963 1245 4016 veluti

109 4051 239 4122 σταθμὸν
262 4063 374 4121 sponse
387 4045 653 4109 -ru'levrcnote-
703 4044 767 4096 fidei
790 4041 950 4092 commissis.
986 4039 1104 4103 Egregie
1124 4035 1176 4086 hoc
1198 4033 1245 4085 ad-

109 4144 166 4178 mns
184 4127 295 4192 liuguae
312 4140 405 4184 usum,
425 4137 457 4172 ex
491 4137 526 4172 uo
539 4117 655 4187 genitivi
703 4111 807 4165 monuit
817 4111 950 4162 Valcken.
963 4107 998 4158 ad
1009 4105 1111 4158 Herod.
1123 4105 1171 4166 IV,
1185 4103 1245 4165 162,

108 4195 167 4248 1οοο
187 4187 355 4263 (ταλάντων)
385 4208 435 4242 vox
453 4190 576 4240 ταλαντα
592 4186 654 4238 roei
705 4184 752 4250 qui
768 4182 843 4232 locus
863 4181 972 4232 omnino
989 4192 1050 4227 cnm
1064 4179 1158 4226 nostro
1174 4187 1245 4252 com·

111 4258 240 4330 σταθμὸν
258 4263 432 4316 adscribitur.
460 4255 655 4310 Plursblattb.
705 4251 851 4320 parandus.
888 4247 958 4300 scd.
976 4241 1246 4312 Wyttenbacb.dnr·

111 4339 137 4398 5.
152 4333 217 4398 428,
236 4337 253 4387 ὃ
274 4350 302 4400 p.
323 4331 384 4384 794.
406 4337 434 4382 et
452 4327 588 4382 Knehner.
607 4325 654 4378 Gr.
706 4321 796 4374 madV.
808 4319 843 4372 sd
852 4313 991 4371 Plutarch.
1004 4313 1102 4366 Morti.
1115 4312 1139 4361 1.
1150 4307 1244 4373 pano.

156 4437 323 4480 senonen.
347 4437 368 4476 1.
1025 4395 1044 4456 3
