3008 4924
106 157 111 168 ’
196 177 257 240 τεο
620 176 888 239 nunononu

193 357 249 425 καὶ
272 351 336 442 τὴν
358 358 445 441 βοῦν
459 355 639 441 ἐκφέρουσι
661 355 694 432 ές
709 350 746 421 τό
766 357 848 442 φῶς.
891 353 974 440 φασὶ
993 348 1057 441 γὰρ
1071 351 1113 442 δὴ
1127 351 1237 443 αὐτὴν
1250 361 1328 443 δεη-

193 464 298 547 θῆναι
314 453 513 544 τοῦπατρὸς
528 464 730 546 Μυκερίνου
743 453 1046 545 ἀποθνήσκουσαν,
1069 460 1166 551 ἐντῷ
1184 461 1331 550 ἐνιαυτῷ

128 573 185 634 133
194 559 280 644 ἅπαξ
302 589 361 650 μιν
380 559 440 631 τόν
453 557 550 648 ἥλιον
569 567 729 630 κατιδεῖν.
776 558 875 630 Metti
901 560 938 629 δὲ
951 557 1009 648 τὴς
1024 560 1195 652 θυγατρός
1209 561 1247 632 τό
1263 563 1329 632 πά-

191 679 254 746 θος
268 666 409 754 δεύτερα
422 663 530 758 τοότφ
549 670 596 757 τῷ
610 666 744 752 βασιλέι·
754 663 834 733 τάδε
852 667 1028 752 γενέσθαι·
1052 668 1168 736 ἐλθεῖν
1181 672 1213 736 οἱ
1225 695 1311 755 μου
1326 679 1376 734 167

191 770 286 860 νήιον
307 773 342 839 έκ
356 774 504 847 Βουτοῦς
518 768 651 854 πόλιος,
675 763 720 848 ὣς
733 770 846 857 μέλλοι
870 772 903 851 ἓξ
926 773 1001 838 ἔτεα
1021 775 1150 857 μοῦνον
1162 768 1260 859 βιοός
1282 776 1332 863 τῷ

193 873 325 967 ἑβδόμῳ
339 872 561 962 τελευτήσειν.
597 869 657 942 τόν
671 871 726 958 δὲ,
748 870 863 942 δεινόν
877 871 1121 960 ποιησάμενον,
1142 877 1271 962 πέμψαι
1295 877 1331 954 ές

191 977 228 1048 τό
243 977 404 1067 μαντηίου
416 981 464 1069 τῷ
476 981 547 1068 θεῷ
558 972 752 1065 ὀνείδισμα,
766 974 1075 1066 ἀντιμεμφόμενον,
1088 974 1138 1046 ὅτι
1154 973 1171 1048 ὁ
1185 979 1248 1068 μὲν
1263 975 1329 1046 αό-

192 1089 253 1152 τοῦ
267 1079 376 1171 πατὴρ
390 1081 446 1148 καὶ
463 1079 612 1169 πάτρως,
627 1077 890 1168 ἀποκληίσαντες
905 1078 945 1148 τά
960 1077 1016 1168 ίρά
1029 1083 1085 1150 καί
1099 1087 1194 1151 θεῶν
1208 1079 1249 1152 οὐ
1266 1109 1328 1170 με·

192 1187 366 1276 μνημένοι,
381 1181 465 1253 ἀλλά
479 1185 534 1251 καὶ
549 1181 626 1263 τούς
641 1181 845 1272 ἀνθρώπους
856 1191 1068 1274 φθείροντες,
1085 1187 1232 1272 ἐβίωσαν
1246 1185 1328 1274 χρό-

192 1318 253 1361 νον
275 1291 330 1358 ἐπὶ
349 1285 491 1370 πολλόν,
513 1283 613 1366 αὐτός
635 1283 665 1355 δ’
690 1283 831 1376 εὐσεβὴς
853 1285 935 1374 suiv,
957 1291 1072 1376 μέλλοι
1092 1291 1216 1377 ταχέως
1238 1286 1330 1358 οὕτω

191 1391 414 1482 τελευτήσειν.
450 1387 504 1458 Ἐκ
519 1390 556 1459 δὲ
575 1397 636 1458 τοῦ
650 1398 852 1480 χρηστηρίου
870 1389 963 1484 αὐτῷ
977 1392 1119 1482 δεύτερα
1133 1395 1250 1462 ἐλθεῖν
1271 1397 1327 1462 λε’-

191 1524 314 1586 γουτα,
329 1495 459 1565 τούτων
474 1499 587 1563 εἵνεκα
600 1497 656 1564 καὶ
671 1494 896 1583 συνταχύνειν
910 1491 1001 1589 αὐτῷ
1014 1493 1073 1566 τόν
1088 1503 1176 1586 βίον.
1206 1493 1248 1566 οὐ
1262 1495 1329 1586 γάρ

191 1606 332 1690 ποιῆσαί
341 1628 417 1689 μιν,
432 1595 469 1666 τὸ
484 1595 593 1686 χρεῶν
605 1589 648 1687 ἦν
662 1601 806 1668 ποιέειν·
835 1604 909 1668 δεῖν
931 1597 995 1690 γάρ
1011 1610 1185 1687 Αἴγυπτον
1200 1607 1326 1670 κακοῦ-

189 1717 272 1775 σθαι
289 1700 342 1772 έπ’
365 1710 439 1773 ἔτεα
453 1701 661 1790 πεντήκοντά
673 1731 708 1772 τε
722 1705 778 1771 καὶ
793 1701 922 1788 ἑκατόν,
935 1706 991 1772 καί
1005 1701 1084 1783 τούς
1095 1701 1158 1792 μέν
1171 1704 1234 1773 δυό
1246 1702 1328 1785 τούς

190 1806 255 1900 πρό
282 1811 415 1878 ἐκείνου
436 1808 639 1894 γενομένους
663 1809 819 1894 βασιλέας
840 1817 965 1895 μαθεῖν
988 1813 1105 1892 τοῦτο,
1129 1810 1261 1878 ἐκεῖνον
1286 1810 1325 1878 δὲ

189 2020 235 2084 qui
249 2019 331 2069 etiam
344 2023 475 2084 provocat
489 2018 524 2068 ad
541 2018 607 2069 illud
621 2019 729 2079 festum,
781 2017 892 2082 linguae
913 2030 978 2066 usus
1000 2031 1050 2066 neu
1074 2015 1150 2065 verbi
1176 2005 1327 2076 ὀνειδίζειν

189 2089 222 2140 de
247 2105 299 2153 quo
323 2104 406 2153 supra
427 2088 496 2137 dixit
513 2089 613 2138 Noster
635 2089 677 2148 ΙΙ,
697 2087 730 2137 59
782 2091 920 2136 structura
948 2101 1010 2136 enm
1033 2085 1140 2147 dativo,
1168 2089 1198 2135 ut
1223 2085 1250 2147 1,
1276 2087 1325 2136 illl:

189 2173 263 2223 seqq.
300 2159 370 2208 Nam
393 2158 427 2207 ad
446 2159 511 2207 Saia
536 2174 643 2223 quoque
661 2156 730 2206 rela-
781 2153 819 2222 τῷ
845 2153 906 2222 θεῷ
934 2145 1083 2205 ὀνειδίσαι.
1107 2181 1143 2192 -
1175 2155 1216 2205 Ad
1245 2173 1327 2220 argu-

188 2233 245 2277 tum
264 2227 348 2278 luisse
362 2229 543 2292 Mycerinum,
563 2227 606 2276 vel
619 2226 729 2290 Didymi
780 2229 901 2275 mentum
918 2225 1031 2275 laudant
1048 2225 1154 2276 Aelian.
1173 2226 1324 2277 Vaallist.

188 2298 353 2347 auctoritate
370 2297 513 2361 probatur,
532 2311 610 2360 quem
629 2297 729 2346 exaltat
780 2295 817 2356 11,
836 2297 880 2346 41.

187 2365 341 2429 Hesychius
358 2366 397 2416 11.
410 2381 437 2430 p.
452 2365 504 2416 629
524 2363 689 2428 Μυκερίνα·
711 2355 729 2428 ἡ
815 2355 844 2412 ἐκ
863 2356 894 2412 δὲ
911 2359 963 2410 τοῦ
980 2361 1165 2428 χρηστηρίου]
1184 2363 1203 2412 i.
1223 2379 1246 2414 e.
1264 2373 1326 2428 post

187 2432 318 2499 Μέμφις,
339 2432 468 2498 Albense
484 2426 537 2497 τὴν
556 2427 643 2484 Σάϊν·
664 2426 725 2482 ταό-
781 2435 844 2482 illud
863 2435 934 2494 prius
957 2435 1091 2482 oraculum.
1134 2433 1212 2483 Conl.
1232 2435 1260 2496 1,
1278 2433 1325 2485 86.

187 2495 729 2624 ἰλῗ9939ξὲἸδόέἒθὲίῖλέἑῗῑ
779 2503 824 2623 22·
839 2493 1324 2634 littlti‘tlltt‘stti·

187 2637 269 2701 πόλις
287 2637 317 2693 ἐν
330 2589 513 2712 ἀίηόιότφίιὴ
531 2636 611 2700 Σάἵς.
636 2589 651 2638 Q
778 2645 885 2762 qvveiv.
899 2667 931 2678 -
947 2641 980 2690 In
992 2656 1068 2706 seqq.
1079 2657 1128 2705 pro
1140 2645 1236 2692 κεῖνον
1249 2643 1325 2693 edidi

791 2713 903 2771 κείνους
922 2710 978 2760 vid.
996 2711 1019 2772 1,
1039 2711 1100 2763 200.
1120 2711 1158 2774 11,
1177 2711 1210 2763 39
1229 2713 1324 2778 ibique

778 2786 849 2832 nott.
895 2781 997 2844 Verba,
1014 2769 1052 2837 ὦς
1075 2774 1325 2846 κατακεκριμένων

337 2867 403 2918 031„
424 2868 577 2919 CXXXIII,
778 2841 835 2916 ἤδη
861 2844 891 2899 ui
911 2841 1020 2900 τούτων
1042 2865 1067 2898 κ.
1090 2865 1113 2898 τ.
1136 2849 1160 2899 λ.
1188 2853 1227 2902 sie
1251 2854 1325 2902 aeui-

777 2921 878 2986 pienda
897 2924 973 2970 sunt:
1000 2919 1202 2984 „Myeerinum
1222 2923 1325 2986 quippe

220 2987 331 3053 πέμψαι
357 2979 384 3044 ἐς
402 2979 433 3038 τὸ
450 2980 591 3052 μαντήϊον
607 2987 646 3053 τῷ
666 2987 729 3054 θεῷ
778 2991 824 3056 qui
848 2991 915 3040 haee
932 2991 985 3038 iarn
1012 2993 1107 3039 eontra
1125 3005 1155 3040 se
1175 2991 1249 3056 ipum
1275 2993 1324 3041 de-

185 3050 344 3124 όνείδισμα]
363 3059 477 3108 Sensum
487 3063 560 3109 reete
578 3060 674 3125 opinor
687 3060 727 3110 sie
778 3065 854 3111 creta
889 3075 912 3110 s.
941 3059 1091 3110 constituta
1126 3061 1244 3125 indeque
1273 3062 1324 3110 im-

184 3127 302 3178 reddidit
312 3128 478 3192 Schweigb.:
499 3131 727 3191 ‚alsuanum-
778 3129 919 3180 mutabilia
938 3143 999 3178 esse
1015 3129 1210 3192 intellexisset,
1235 3131 1324 3181 luner-

184 3196 273 3250 τνλνπ.
301 3202 345 3261 ραι·
368 3201 548 3250 τοαεειιαεὶἰοείε
573 3199 657 3249 vertis
680 3201 727 3250 deu
778 3215 828 3249 nas
847 3199 938 3262 parari
955 3199 1069 3248 iussisse
1087 3199 1201 3260 multas;
1223 3201 1324 3265 quibus

183 3267 400 3330 exprobrarentf‘
419 3267 557 3319 Immerito
569 3269 596 3318 in
611 3269 653 3318 bis
668 3285 726 3320 ver·
778 3270 883 3334 quoties
901 3269 1040 3332 ingrueret
1053 3283 1107 3318 nox
1122 3272 1255 3332 accensis,
1276 3287 1325 3335 po-

183 3339 225 3388 bis
248 3336 337 3387 haesit
356 3336 567 3402 Valckenarius,
595 3354 665 3420 quae
685 3339 725 3389 sie
776 3343 850 3389 tasse
873 3337 1115 3403 voluptatibusque
1142 3339 1323 3390 indulsisse.“

183 3407 339 3472 refingenda
357 3422 417 3456 esse
440 3412 545 3458 censet:
569 3415 679 3470 κεμυαι
697 3401 725 3464 ές
775 3407 816 3457 ad
848 3423 942 3458 voeem
972 3407 1217 3468 κατακεκριμένων
1246 3411 1323 3460 euni.

181 3467 213 3525 τὸ
245 3468 386 3540 μαντήϊον
410 3473 444 3539 τῇ
472 3474 533 3540 θεῷ
560 3468 723 3542 όνειδισάση
774 3477 842 3538 vll,
863 3477 921 3528 1-16.
940 3477 995 3539 IX,
1014 3476 1057 3528 93.
1095 3477 1136 3526 Ad
1153 3483 1322 3530 structuram

180 3539 377 3610 μεμφόμενον,
403 3546 450 3595 ubi
470 3546 503 3595 de
522 3546 646 3597 Latonae
665 3563 724 3596 ora·
775 3547 892 3596 conferri
904 3553 1040 3611 poterunt,
1053 3561 1123 3610 quae
1135 3549 1219 3598 trudit
1232 3549 1325 3599 Kueh·

181 3617 242 3668 culo
262 3615 451 3666 innrbeButo
467 3616 669 3679 eogitarivult,
689 3617 723 3666 ds
774 3631 831 3666 ner.
857 3617 904 3668 Gr.
928 3617 975 3668 Gr.
1005 3620 1032 3679 ξ.
1053 3616 1103 3666 uus
1128 3623 1185 3668 not.
1223 3617 1325 3667 πίνειν

92 3715 94 3719 ⁴
181 3702 234 3750 quo
252 3686 289 3747 ΙΙ,
309 3683 353 3736 89.
374 3686 423 3735 152
443 3689 470 3734 et
489 3685 548 3736 155.
585 3686 652 3736 Inde
672 3687 724 3736 Ne·
774 3686 898 3736 consulto
916 3686 1016 3737 Noster
1028 3685 1166 3736 addidisse
1183 3687 1322 3752 putandus

181 3756 237 3820 gris
256 3771 363 3820 quoqne
380 3754 465 3804 edidit
483 3752 518 3820 ιη’
531 3752 606 3820 usqi:
626 3755 723 3821 reliqui
774 3761 830 3818 est,
860 3771 920 3806 enni
948 3755 1086 3807 sufficeret
1109 3757 1204 3821 ntique
1233 3752 1323 3808 εδιτο-

179 3825 319 3886 vulgatam
334 3826 514 3885 retinuerunt,
533 3839 613 3889 quam
627 3827 723 3890 etipse
774 3821 866 3888 θέειν,
891 3827 1046 3890 superbiam
1063 3825 1135 3890 regis
1158 3829 1253 3892 opinor
1276 3827 1324 3877 de·

180 3894 349 3944 retinendam
371 3895 477 3956 censui,
502 3894 582 3944 modu
606 3892 645 3960 τῷ
662 3893 723 3960 θεῷ
773 3894 940 3957 elaratnrus,
959 3895 1004 3960 qui
1021 3899 1117 3945 eontra
1137 3911 1230 3946 sacras
1242 3897 1321 3962 luges

180 3963 208 4012 in
232 3964 387 4014 saniversum
411 3964 444 4014 de
466 3965 574 4013 numine
598 3979 723 4029 supremo
775 3964 831 4012 vini
849 3964 957 4014 modum
981 3968 1083 4014 certum
1101 3967 1322 4029 praescribentes

181 4031 292 4081 oracula
308 4031 406 4082 edente
427 4032 565 4096 intelligas
586 4049 672 4099 neque
690 4034 724 4084 de
775 4035 816 4083 siu
836 4050 883 4098 per
901 4039 986 4084 totam
1004 4038 1112 4085 noctem
1132 4036 1222 4085 vinum
1248 4049 1322 4086 surn-

180 4099 239 4150 sols
253 4101 373 4160 Latona,
394 4103 471 4151 euius
489 4104 582 4181 utique
601 4104 652 4153 bue
671 4104 725 4154 fuit
775 4105 854 4163 aerit;
865 4104 938 4154 conl.
949 4103 1113 4154 Wilkinsnn.
1125 4105 1252 4156 Manners
1263 4111 1319 4156 ete.

180 4167 330 4220 oraculum.
367 4171 495 4222 Dativum
514 4187 551 4238 τῳ
567 4171 629 4230 θεῷ
646 4174 670 4224 si
688 4173 723 4223 ad
774 4173 813 4222 11.
837 4189 862 4237 p.
885 4174 932 4224 195
961 4179 988 4222 et
1011 4173 1068 4224 viti.
1088 4188 1171 4239 snpra
1193 4179 1263 4226 nott.
1283 4175 1321 4225 ad

179 4229 329 4302 ὀνείδισμα
340 4239 440 4290 reterre
451 4240 532 4304 velis,
545 4241 618 4291 baud
631 4242 724 4292 obstat
776 4243 819 4304 ΙΙ,
838 4243 882 4294 37.
