2980 4932
600 309 725 372 OLIO.
752 313 776 372 1.
801 323 828 376 2.
1261 323 1280 380 7

144 503 216 562 χου.
264 476 391 558 Ταύτας
409 481 530 562 στάσας
550 481 634 553 κατά
654 484 812 576 πρύμνην
834 493 891 578 τῆς
915 489 992 571 νεὸς
1017 489 1183 565 ὠνέεσθαι
1208 501 1278 567 τάν

146 585 311 666 φορτίων,
330 585 398 649 τοῖν
413 603 475 670 σφι
488 575 531 673 ἦν
547 585 656 674 θυμὸς
673 589 833 678 μάλιστα·
857 595 912 662 καὶ
930 593 1009 676 τούς
1024 604 1185 679 Φοίνικας
1195 606 1274 670 ’δια-

146 684 412 770 κελευσαμένονς
433 681 574 776 ὁρμῆσαι
601 688 653 760 ἐπ’
674 692 786 775 αὐτάς.
821 693 879 777 τάς
896 697 960 786 μέν
983 697 1025 789 δὴ
1044 707 1188 783 πλεῦνας
1209 709 1278 774 τῶν

143 791 318 872 γυναικοῖν
340 784 547 877 ἀποφυγεῖν,
576 791 637 882 τὴν
657 795 693 864 δὲ
712 793 797 868 Ἰοῦν
818 797 884 870 σάν
907 798 1027 892 άλλησι
1048 799 1275 895 ἁρπασθῆναι.

142 891 388 978 έσβαλομένούς
414 892 451 961 δέ
475 896 508 973 ές
530 892 590 982 τὴν
611 899 690 982 νέα,
718 911 869 988 οἴχεσθαι
891 901 1118 989 ἀποπλέοντας
1140 906 1194 978 ἐπ’
1212 917 1274 980 Αἰ·

141 991 283 1079 γάπτου.
317 991 439 1074 ΙΟὕτω
466 996 531 1086 μὲν
562 993 647 1067 Ἰοῦν
670 1003 702 1079 ές
726 1013 900 1090 Αἴγυπτον
928 1005 1109 1081 ἀπικέσθαι
1137 1015 1302 1100 tepeseat

138 1098 286 1185 Πέρσαι,
310 1094 374 1169 οὐκ
396 1094 441 1179 ὥς
459 1107 634 1182 Φοίνικες·
663 1105 808 1175 καὶτῶν
830 1105 1043 1198 ἀδικημάτων
1058 1119 1156 1184 τοῦτο
1179 1113 1276 1207 άηξαι

136 1315 164 1364 p.
186 1299 261 1350 xvt.
279 1299 396 1350 Bredor.
410 1319 436 1367 p.
457 1305 518 1353 272.
537 1302 622 1354 Addit
638 1304 684 1356 Or.
739 1305 772 1358 13
790 1323 868 1374 seqq.
887 1311 999 1373 Queest.
1023 1311 1183 1378 geneelogg.
1203 1331 1230 1380 p.
1243 1319 1278 1369 20

135 1368 246 1419 Scheef.
265 1369 370 1422 Melett.
388 1373 461 1422 critt.
475 1373 498 1424 1.
518 1391 545 1438 p.
564 1373 598 1426 93
618 1373 681 1424 coll.
735 1393 793 1442 seq.
812 1380 911 1444 itaque
929 1387 1003 1430 reete
1021 1381 1151 1447 vulgatae
1167 1383 1280 1436 lectioni

136 1439 172 1518 ed
189 1439 301 1520 qregor.
320 1439 441 1492 Corinth.
461 1459 487 1507 p.
507 1444 568 1494 427.
589 1444 682 1495 Verbe
732 1449 899 1512 patrocineti
917 1456 982 1500 sunt
996 1451 1071 1502 Beck
1088 1453 1131 1502 De
1148 1453 1276 1519 glossem.

135 1523 189 1572 την
209 1502 314 1573 Ινάχοσ
336 1512 438 1574 primus
456 1512 589 1564 Velcken.
609 1515 680 1565 maie
731 1519 833 1569 critico.
860 1520 972 1581 Quaest.
998 1521 1036 1572 11.
1055 1537 1082 1586 p.
1109 1521 1126 1573 9
1149 1528 1177 1573 st
1198 1526 1277 1576 Butt-

135 1577 231 1629 eddite
258 1578 431 1646 insiticieqne
461 1583 570 1643 hebuit,
601 1600 679 1634 ecce·
729 1603 821 1638 maun.
835 1589 907 1641 Mus.
922 1591 1034 1656 Antiqq.
1053 1591 1174 1644 Studicr.
1191 1595 1230 1646 11.
1246 1611 1273 1661 p.

135 1649 218 1699 dente
239 1649 354 1713 posthac
377 1652 513 1703 Lsrehero
535 1653 677 1716 (curonol.
730 1656 898 1720 ete-383..
918 1661 965 1724 qui
983 1661 1111 1726 glossam,
1131 1679 1212 1729 quern
1231 1681 1276 1716 eu-

135 1717 238 1770 Herod.
250 1735 276 1784 p.
288 1719 340 1771 313
355 1717 680 1787 [x,2]),1teirio(1>rest.
732 1728 854 1791 spicetur
868 1729 1043 1793 Valckener„
1057 1737 1130 1782 certe
1143 1735 1276 1799 antiquis-

135 1806 162 1854 p.
180 1788 246 1838 xxl
265 1785 330 1854 sq),
348 1789 420 1840 eliis.
455 1792 563 1842 Etenim
578 1792 682 1843 Pensa·
734 1797 829 1845 simum
860 1798 959 1861 vixque
990 1799 1190 1864 explicandam,
1220 1819 1274 1868 quo

134 1860 197 1910 uiae
209 1857 285 1908 locus
301 1859 473 1923 potissimum
484 1860 546 1910 illos
564 1861 599 1909 ed
611 1861 682 1911 heuc
733 1865 838 1915 scilicet
854 1865 934 1914 modo
952 1867 981 1916 iu
1002 1871 1107 1918 textum
1127 1871 1275 1935 irrepserit,

43 1943 49 1956 ·
134 1928 298 1979 sententium
320 1929 461 1994 perduxit,
487 1930 529 1992 11,
557 1929 598 1980 m.
620 1931 680 1993 §.1
732 1933 846 1984 iudicet.
869 1935 947 1996 Quod
964 1935 1124 1987 eiiusretus
1143 1953 1276 2003 gramme-

128 1989 176 2048 ’λά
196 1990 250 2059 ’μὲν
269 1985 322 2047 οὖν
339 1990 434 2049 ’Isiaco
458 1991 603 2063 θυγάτηρ,
626 1995 682 2076 εἴτε
733 2003 804 2053 tiens
828 2003 931 2068 profert
949 1995 1081 2068 Ἰναχοῦν
1103 2007 1151 2073 (cf.
1177 2008 1274 2060 Oreus.

133 2057 174 2124 άς
185 2057 340 2144 ‘dedproc
357 2063 494 2132 ἔγραψεν,
508 2066 564 2118 εἴτε
577 2066 639 2117 καθ
665 2057 682 2118 ὃ
732 2073 767 2122 ed
782 2071 882 2123 Plotin.
903 2072 1060 2138 depulerit.
1079 2091 1106 2140 p.
1123 2078 1275 2141 LXXXII),

132 2132 264 2201 λέγουσιν
282 2135 412 2200 Ελληνες,
420 2128 448 2194 ές
458 2128 677 2202 Αληοπτονάφι-
728 2141 757 2191 id
775 2141 925 2192 inauditum
949 2159 1088 2196 censemus
1112 2147 1274 2199 vocabulum

133 2207 252 2256 ιινεῖται.
270 2206 324 2256 Sed
331 2207 510 2258 Valckenario
523 2207 675 2272 Schweigh.
730 2227 790 2262 curn
808 2212 907 2262 Wolfio
925 2211 943 2263 l.
963 2213 982 2265 i.

133 2281 209 2327 recte
233 2277 359 2340 opposuit
380 2276 510 2328 librorum
529 2278 677 2328 auctorite·
765 2273 987 2339 Ταάταςστάσας
996 2274 1068 2332 κατὰ
1076 2275 1211 2349 πρύμνην
1221 2283 1272 2349 τῆς

132 2353 203 2408 tem,
233 2346 280 2410 qui
311 2345 345 2396 ed
374 2363 456 2398 unum
485 2363 577 2398 onmes
609 2347 677 2397 hsec
729 2343 802 2416 νεὸς]
811 2343 1065 2408 νεὸςολἾοτοιιλὶοο
1077 2353 1136 2405 eth.
1147 2355 1165 2404 l.
1177 2356 1269 2416 etue.

131 2415 218 2467 verbe
240 2417 370 2478 retinent,
395 2419 547 2482 quibusque
571 2416 677 2467 eccedit
727 2437 776 2486 pro
796 2413 866 2484 νηὸς
882 2422 979 2486 scripsi
995 2437 1055 2472 cum
1072 2429 1186 2474 recente.
1208 2425 1269 2474 edd.

131 2485 274 2538 Plutarchi
292 2485 343 2549 (11.
361 2502 388 2550 p.
408 2485 460 2538 856
480 2485 530 2548 1).)
550 2491 577 2536 et
597 2486 677 2536 Libe·
728 2491 840 2540 iubente
869 2491 985 2542 Bredov.
1018 2509 1045 2557 p.
1079 2493 1138 2543 261.
1180 2493 1273 2544 Verba

131 2557 171 2605 nii
190 2554 235 2618 (Τ.
254 2555 278 2606 I.
297 2571 322 2620 p.
341 2554 407 2620 207)
426 2557 611 2608 testimonium
635 2557 679 2604 iti·
729 2552 801 2615 nord
821 2552 1064 2628 upripquNegris
1077 2563 1273 2627 interpretetur

131 2623 194 2675 dem
211 2625 279 2675 heco
302 2625 386 2676 verbe
404 2627 556 2676 nitentium.
593 2625 679 2676 Accu·
729 2627 852 2692 πλησίον
871 2627 920 2693 τῆς
938 2623 1079 2695 πρύμνης.
1098 2632 1130 2681 In
1146 2647 1223 2696 seqq.
1238 2631 1272 2682 de

131 2696 228 2756 retius,
241 2701 366 2746 mouente
381 2696 435 2758 Cr,
452 2695 540 2746 iocum
557 2695 678 2744 excussit
728 2715 779 2749 usu
797 2697 909 2763 pluralis
927 2699 1055 2764 φορτίων
1078 2701 1146 2750 dixit
1163 2703 1271 2752 daneon

130 2767 164 2815 F.
179 2765 212 2815 A.
227 2763 340 2816 Wcliius
358 2767 387 2815 iu
405 2765 542 2816 Analectt.
559 2764 614 2816 litt.
627 2763 676 2816 IV.
727 2770 768 2818 in:
793 2768 908 2820 Jehrbb.
932 2770 952 2820 f.
975 2767 1073 2819 Philel.
1098 2785 1125 2821 u.
1148 2771 1270 2836 Peedeg.

130 2852 158 2899 p.
185 2835 237 2885 540
261 2849 331 2899 sqq„
356 2835 402 2899 qui
421 2836 507 2886 variis
529 2835 588 2884 VV.
612 2834 675 2884 DD.
728 2837 822 2903 Suppl.
841 2838 903 2889 VII.
921 2855 949 2902 p.
971 2837 1032 2888 490.
1155 2831 1164 2846 ’

130 2905 165 2955 de
182 2903 209 2954 ir.
222 2904 242 2953 l.
260 2905 403 2954 sententiis
418 2905 523 2966 relatis,
537 2905 597 2969 ipse
612 2903 678 2967 quid
763 2905 820 2956 τῶν
855 2919 905 2968 σφι
939 2894 976 2970 ἦν
1011 2895 1107 2968 θυμὸς
1141 2897 1269 2971 μάλιστα]

130 2974 263 3036 senserit,
277 2974 350 3024 hsud
362 2974 464 3026 diserte
474 2973 608 3024 indicavit
620 2973 678 3037 qui·
728 2976 889 3042 scripsimus
907 2987 957 3038 σφι
974 2989 1024 3038 pro
1043 2985 1112 3035 σφιν
1130 2989 1191 3023 oum
1213 2990 1268 3026 ree.

130 3045 202 3105 dem,
221 3043 330 3094 minime
345 3048 445 3104 temen,
459 3045 482 3094 ei
501 3043 567 3108 quid
585 3042 676 3104 video,
727 3045 788 3097 edd.
807 3049 834 3094 et
853 3059 914 3094 mox
939 3058 1047 3108 qnoque
1067 3031 1272 3106 ἐσβαλομένους

128 3115 198 3164 heec
216 3113 348 3164 Herodoti
371 3114 455 3164 verbe
478 3114 607 3164 continuo
630 3113 677 3162 eii·
725 3132 773 3180 pro
792 3103 1019 3178 έσραλλομένοος.
1039 3111 1157 3192 Coni31,
1173 3111 1270 3194 bitin.

129 3182 229 3233 cienda
250 3199 311 3234 esse
334 3183 435 3234 docuit.
478 3185 555 3246 Ques
581 3181 676 3232 eedem
725 3185 817 3248 ibique
827 3187 896 3232 nott.
916 3182 982 3232 Mox
998 3182 1099 3232 retinui
1111 3181 1269 3263 onerifer-

128 3253 227 3302 merito
245 3253 355 3302 retineri
371 3251 674 3304 vultReoui-Rocirsttc
725 3268 786 3311 τας;
805 3253 842 3302 cf.
861 3251 896 3300 ed
909 3251 932 3311 1,
951 3253 995 3302 24.
1020 3251 1074 3301 Pro
1098 3251 1172 3316 vulg.
1197 3265 1268 3330 qno-

127 3322 204 3372 Hist.
238 3321 271 3370 de
298 3321 490 3372 l'Etcblissem.
522 3323 548 3372 d.
579 3321 672 3370 Goion.
725 3317 865 3384 φυγέεινο
880 3319 959 3370 codd.
975 3320 1080 3384 aliquot
1090 3321 1181 3385 recepi
1196 3333 1267 3380 απο-

128 3391 229 3456 Grecq.
249 3391 272 3440 1.
290 3405 317 3455 p.
337 3391 386 3441 147
405 3406 456 3454 sq.,
475 3391 521 3456 qui
542 3389 586 3439 vel
603 3388 674 3438 hene
725 3390 837 3450 φυγεῖν,
855 3389 965 3438 iubente
982 3404 1090 3453 quoque
1106 3390 1223 3440 Bredov.
1238 3406 1266 3455 p.

128 3461 164 3511 ob
184 3475 297 3510 oensem
314 3461 470 3510 necessarie
491 3460 573 3510 hebet
589 3457 673 3506 verbe
724 3455 785 3506 325.
799 3455 924 3506 Diodori.
943 3461 971 3506 et
988 3457 1111 3508 Dietech.
1128 3458 1269 3522 vulgatam

126 3520 182 3592 τὴν
202 3519 326 3595 Ἰνάχου,
350 3533 381 3579 nt
404 3529 449 3590 Ιο,
477 3530 553 3578 cuiue
575 3539 673 3574 nemen
715 3525 905 3574 retinuerunt.
945 3523 988 3574 Ae
1014 3530 1202 3590 argumentum
1229 3528 1268 3576 in-

126 3598 250 3663 piuribus
276 3599 370 3663 regiae
396 3598 489 3662 stirpis
515 3593 673 3646 mulieribus
725 3593 811 3659 signis
836 3591 927 3654 locus,
953 3608 986 3642 ex
1008 3609 1061 3657 quo
1085 3595 1159 3644 vitae
1183 3610 1269 3658 genus

127 3683 282 3730 commune,
308 3667 342 3718 eb
369 3667 429 3718 eliis
454 3665 609 3716 eccurstiue
636 3661 675 3711 di·
724 3663 866 3728 antiquum
885 3661 1103 3727 Phoenicumque
1120 3678 1207 3712 mores
1228 3670 1268 3714 et-

127 3741 285 3801 pnoscetor.
304 3737 375 3788 Add.
395 3735 509 3786 eundem
522 3735 609 3784 virum
627 3731 673 3782 do·
724 3749 776 3799 que
795 3732 985 3784 commercium
1012 3748 1072 3782 cum
1094 3733 1205 3784 Graecis
1229 3735 1268 3785 in-

128 3809 203 3856 ctum
229 3806 270 3855 in:
295 3805 380 3856 choix
410 3805 444 3856 de
465 3805 608 3855 Peintures
641 3800 675 3850 de
723 3804 849 3853 stitutum
868 3808 1076 3868 cognoscentur.
1101 3803 1267 3866 Quibuscum

127 3871 247 3940 Pompde
278 3875 353 3924 Lirr.
386 3875 420 3927 V.
450 3891 477 3940 p.
512 3871 564 3924 ’209
596 3886 674 3935 seqq.
723 3873 831 3938 egregie
848 3874 1025 3936 conveniunt,
1045 3889 1115 3938 quae
1132 3874 1267 3926 Eumaeus

127 3944 187 3994 Nec
204 3943 350 4009 quidquem
374 3945 426 3994 viri
451 3943 537 4005 docti,
563 3940 609 4005 qui
631 3939 673 3989 his
723 3942 795 4007 apud
808 3943 956 3994 Homerum
973 3943 1072 4010 Odyss.
1089 3943 1148 4004 XV,
1160 3944 1211 3994 402
1224 3961 1265 4012 sq.

127 4013 156 4062 in
174 4013 265 4063 verbis
284 4011 437 4074 offendunt,
461 4011 615 4077 respexisse
634 4009 674 4057 vi·
722 4011 776 4062 sibi
800 4027 883 4076 puero
906 4013 1040 4064 eccidisse
1062 4017 1180 4064 ennrret.
1203 4014 1266 4065 Vid.

127 4081 239 4144 deutur,
269 4082 492 4146 quemadmodum
519 4083 547 4130 in
570 4078 672 4128 talibus
722 4079 937 4134 Hceren.1deen
956 4089 1007 4134 etc.
1027 4083 1051 4146 1,
1070 4085 1096 4134 2.
1114 4098 1141 4147 p.
1159 4083 1194 4134 62
1212 4099 1253 4148 sq.

127 4151 237 4202 omnino
255 4151 363 4202 veriore
384 4151 471 4202 soleat
495 4149 598 4202 tabule.
631 4149 674 4198 De

127 4237 183 4284 que
203 4219 320 4271 conferri
339 4222 413 4271 iubet
431 4221 528 4272 Creun.
548 4215 673 4282 Apollod.
935 4253 1000 4304 cm
1021 4254 1059 4304 Π.

126 4289 165 4350 ΙΙ,
183 4289 208 4351 1,
227 4287 243 4339 3
262 4291 329 4354 ibiq.
350 4291 432 4341 Hein.
452 4289 522 4340 ddd.
541 4285 676 4339 Schubert

128 4359 157 4408 in
176 4358 286 4409 Δαοαλλ.
305 4359 405 4412 Vienn.
432 4359 494 4410 Vol.
513 4355 625 4410 XLVII.
647 4372 673 4420 p.
762 4348 816 4406 οὐκ
839 4347 877 4414 ὥς
907 4354 1047 4420 Φοίνικες]
1075 4356 1155 4405 Hanc
1176 4351 1268 4402 lectio·
