3058 4928
540 301 917 368 nemausense.
1162 343 1179 392 .
1240 307 1302 370 ors

166 477 200 544 οί
220 473 259 543 δὲ
276 467 538 562 ὑπολειπόμενοι
557 475 595 543 ἰν
614 474 770 565 οἰκήμασι
788 467 855 548 ὦδε
873 477 914 548 τὰ
932 479 1180 550 σπουδαιότατα
1206 509 1300 572 ταρι-

167 576 315 664 χεύουσι.
354 583 470 666 πρῶτα
484 577 548 666 μὲν
562 585 686 673 σκολιῷ
705 580 832 674 σιδήρῳ
851 579 907 650 ded
922 588 991 654 cciv
1007 583 1214 674 μυξωτήρων
1228 585 1301 668 ἐξοί-

167 699 264 767 γουσι
294 677 353 750 τόν
377 681 581 770 ἐγκέφαλον,
607 679 647 750 τὰ
669 683 731 770 μὲν
749 680 855 752 αὐτοῦ
879 681 966 753 οὕτω
991 685 1179 774 ἐξάγοντες,
1205 687 1246 757 τὰ
1264 689 1303 762 δὲ

168 785 337 870 ἐγχέοντες
365 783 543 874 φάρμακα·
596 783 679 873 μετὰ
705 786 743 855 dl
773 793 862 878 λίθῳ
887 794 1079 881 Αἰθιοπικῷ
1104 786 1173 872 ὀξέι·
1192 817 1300 882 παρα-

167 895 340 974 σχίσαυτες
362 885 451 978 παρὰ
466 885 528 976 τὴν
548 887 703 979 λαπάρην
723 892 756 973 ἐξ
774 880 822 959 οἶν
840 884 931 958 εἰλον
946 887 1008 980 τὴν
1021 898 1154 980 κοιλίην
1173 899 1300 965 πᾶσαν·

168 1086 299 1138 adhibitis
319 1081 365 1153 φὶ
378 1087 445 1138 dicit
462 1088 631 1140 condituram
650 1105 710 1141 esse
760 1095 823 1140 tura
845 1105 938 1156 corpp.
960 1095 1052 1141 morit.
1072 1089 1203 1155 (Berclin.
1226 1093 1301 1146 1834.

168 1161 364 1223 perpetratam,
388 1158 461 1224 quod
485 1173 547 1209 cum
568 1159 709 1211 Herodoto
760 1160 798 1224 4.)
838 1159 897 1211 .16
919 1175 977 1225 seq.

167 1228 207 1277 sic
217 1227 333 1278 forsitan
343 1228 481 1279 conciliari
494 1228 603 1293 poterit,
613 1235 653 1292 nt,
666 1246 710 1280 ca·
795 1244 830 1279 τα
847 1223 879 1278 δὲ
897 1219 1038 1293 ἐγχέοντες
1051 1220 1197 1294 φάρμακα]
1217 1231 1301 1282 Modi-

167 1297 267 1348 devere
276 1297 393 1360 tradite,
411 1299 574 1349 necessariis
592 1299 667 1350 abire
680 1303 709 1350 li·
761 1303 887 1349 cementa
895 1297 963 1348 haec
977 1297 1070 1364 qualia
1083 1299 1200 1361 suerint,
1217 1315 1249 1350 ex
1262 1317 1302 1352 re-

165 1369 257 1419 creeris.
293 1368 337 1417 Itu
359 1369 449 1433 Zcega
475 1368 508 1418 de
534 1367 661 1420 obelisco.
680 1386 707 1435 p.
760 1370 821 1418 sina
839 1367 955 1433 aliisquo
972 1367 1092 1418 materiis
1103 1369 1132 1432 ip
1142 1370 1234 1420 cranio
1247 1386 1302 1422 mu-

165 1437 217 1488 256
235 1441 263 1488 et
280 1437 429 1488 Creuuerus
448 1436 466 1488 l.
488 1438 507 1490 l.
546 1439 612 1489 .20.
632 1439 676 1490 21.
760 1438 874 1487 miarum
909 1439 1024 1502 repertis
1059 1437 1189 1504 colligere
1228 1438 1301 1502 licet,

200 1500 231 1555 οἰ
240 1499 272 1554 δὲ
283 1496 504 1569 ὑπολειπόμενοι
517 1453 547 1558 g·
561 1499 711 1627 οἰκήμασιρ
759 1522 919 1574 quamquam
930 1505 996 1556 illud
1006 1507 1113 1572 quidem
1123 1509 1228 1571 mirum,
1240 1507 1303 1559 aliis

166 1571 199 1626 οἱ
226 1573 244 1624 d
252 1569 264 1625 ὲ
291 1580 356 1626 suut
379 1577 565 1639 taricbeutae,
595 1593 655 1628 cum
681 1593 695 1626 ο
759 1577 788 1626 iu
806 1576 906 1627 craniis
924 1576 1081 1641 plurimam,
1102 1577 1130 1626 in
1148 1577 1209 1627 aliis
1228 1594 1302 1644 pror-

165 1641 217 1710 μὲν
239 1645 268 1694 in
291 1646 515 1698 antecedentibus
540 1647 596 1697 siut
614 1648 709 1698 deiun-
760 1661 807 1696 ens
834 1645 936 1696 nullam
963 1661 1023 1695 esse
1051 1651 1195 1711 repertam.
1237 1647 1301 1699 Vid.

166 1716 203 1766 cti
216 1716 378 1776 uecessarii;
393 1708 576 1780 ίνοίιιήμασι,
589 1717 607 1766 i.
624 1732 648 1767 e.
660 1733 708 1769 οοα
760 1717 886 1766 Creuzer.
904 1715 923 1765 l.
947 1715 966 1766 l.
992 1716 1084 1780 ibique
1107 1716 1302 1769 Blumeubach.

164 1786 218 1836 suis
233 1787 258 1834 in
275 1785 397 1848 aediliciis
419 1785 476 1835 sire
495 1787 668 1850 defunctum
684 1789 709 1837 in
760 1786 777 1837 l.
798 1785 816 1837 l.
837 1801 900 1852 pag.
915 1785 949 1836 113
967 1791 995 1835 et
1015 1785 1131 1837 Gmeliu.
1150 1787 1178 1836 in
1197 1787 1300 1839 comm.

164 1853 281 1913 oedibus,
306 1855 354 1904 sed
378 1855 406 1903 iu
427 1854 560 1904 aedificiis
582 1855 635 1906 illis
661 1873 709 1921 pu·
760 1871 817 1907 soc.
836 1856 911 1906 (leit.
937 1855 984 1905 IV.
1009 1871 1036 1920 p.
1059 1858 1075 1904 4
1099 1870 1185 1920 seqq„
1207 1857 1302 1906 Fritae

163 1922 243 1974 blicis
260 1923 294 1972 ad
313 1923 463 1974 condienda
480 1924 708 1976 cadaveradesti-
759 1926 777 1976 l.
802 1926 822 1977 l.
845 1940 909 1990 pag.
941 1925 982 1982 17,
1008 1924 1125 1989 Magnus
1149 1924 1168 1976 1.
1193 1924 1213 1976 1.
1236 1941 1299 1991 pag.

165 1992 252 2054 natis,
275 2007 327 2057 quo
351 1997 472 2043 mertuos
490 1993 561 2044 bunc
579 1995 607 2043 in
627 1995 706 2046 linem
758 1994 792 2044 30
812 2009 869 2059 seq.

165 2061 321 2114 detulerint.
356 2062 417 2112 vid.
440 2063 478 2124 11,
497 2062 530 2113 85
549 2062 595 2114 fin.
793 2057 1302 2129 ltdpdldsomapi]Hispariaquidem

200 2118 255 2180 des
278 2123 314 2178 τὰ
342 2125 554 2180 σπουδαιότατα
579 2123 706 2197 ταριχεό-
758 2130 1203 2195 traditDiodorusLtll.Lapidem
1212 2130 1301 2194 ipsum

165 2199 239 2266 ουσι]
259 2200 278 2249 i.
298 2215 323 2251 e.
345 2191 417 2250 accde
440 2194 493 2266 τὴν
515 2194 705 2251 σπουδαιοτσί-
758 2203 793 2252 ad
810 2201 956 2252 secandum
971 2199 1088 2250 cadaver
1100 2198 1251 2250 adhibitum
1268 2216 1302 2250 ex

163 2285 216 2336 την
231 2267 406 2335 ταρίχευσιν,
424 2274 456 2322 ut
469 2275 559 2322 mouet
571 2271 707 2337 Schweig-
758 2287 789 2322 eo
800 2285 900 2336 genere
915 2269 1011 2320 volunt
1028 2283 1101 2330 esse,
1121 2268 1192 2334 quod
1202 2268 1301 2320 Strabo

163 2341 321 2391 bseuserus.
759 2340 858 2406 (XVII.
878 2355 905 2405 p.
924 2338 977 2390 808
994 2355 1017 2390 s.
1038 2337 1115 2404 1158)
1134 2338 1242 2402 Syenen
1261 2339 1301 2388 in-

199 2406 304 2476 σιισλιῷ
326 2400 445 2474 σιδήρῳ]
464 2408 627 2460 Huiusmodi
651 2409 707 2460 cul·
758 2416 800 2461 ter
819 2415 901 2474 atque
913 2407 1005 2458 Philas
1024 2422 1055 2457 se
1068 2409 1200 2472 reperisse
1217 2411 1303 2458 testa·

164 2483 220 2528 tros
246 2493 279 2528 ex
302 2493 363 2529 aere
387 2477 500 2542 (Brome
523 2478 627 2544 dicunt)
654 2478 708 2528 ela·
758 2485 802 2530 tur
823 2480 930 2544 nigrum
956 2493 988 2527 ao
1012 2476 1121 2536 durum;
1145 2491 1212 2543 quac
1231 2477 1303 2528 duri-

163 2549 275 2598 boratoe
293 2547 443 2612 complures
463 2549 608 2599 sevidisse
626 2547 707 2598 adeo·
758 2550 810 2600 ties
836 2552 911 2598 certe
932 2545 1012 2596 valde
1036 2547 1162 2611 congruit
1182 2547 1207 2596 ei
1229 2547 1301 2608 usui,

164 2633 215 2684 que
237 2632 327 2668 secum
345 2618 373 2668 in
392 2619 564 2669 Germaniam
582 2617 708 2668 attulisse
758 2619 803 2670 cui
813 2617 969 2668 Herodotus
986 2615 1136 2666 adhibitum
1149 2629 1208 2665 esee
1226 2615 1302 2667 illum

164 2692 283 2738 testatur
305 2687 448 2737 Miuutolis
474 2687 631 2753 Nachtriige
653 2693 706 2738 etc.
759 2687 865 2739 scribit.
901 2689 937 2737 Et
954 2684 1055 2750 roperti
1079 2688 1142 2734 suut
1159 2685 1254 2749 utique
1273 2686 1301 2736 iu

163 2773 226 2822 pag.
248 2755 373 2807 1115σοί.
394 2758 418 2809 l.
457 2757 594 2807 Observat
613 2758 707 2807 Fritae
758 2757 864 2808 mumiis
884 2755 1015 2806 eiusmodi
1038 2753 1118 2803 cultri
1140 2767 1174 2803 ex
1192 2754 1302 2805 Aethio-

163 2825 223 2876 locc
248 2839 311 2876 mox
331 2823 350 2874 l.
378 2841 442 2892 pag.
469 2827 510 2886 14,
535 2825 655 2876 Berolini
677 2828 706 2876 iu
757 2822 1212 2893 pices.Syeuitalapideconiecti.
1236 2823 1300 2873 Vid.

163 2909 256 2944 museo
271 2895 408 2958 Aegyptio
427 2896 526 2945 tersum
545 2895 602 2944 tale
622 2895 707 2945 adun·
758 2898 884 2948 (lacunar.
907 2895 927 2945 l.
951 2893 970 2943 l.
994 2893 1061 2957 ibiq.
1085 2890 1242 2956 Carpopbil.
1267 2892 1301 2942 de

164 2979 223 3013 cum
235 2964 381 3012 monstrari
394 2963 707 3028 itemquclapideamul·
759 2979 898 3017 mamers.
917 2979 980 3028 pag.
1000 2959 1034 3012 38
1052 2975 1118 3024 seq„
1143 2961 1301 3025 Boettigerr

163 3037 207 3083 tes
235 3047 267 3081 ex
293 3047 392 3097 genere
419 3031 506 3082 λίθον
530 3027 708 3084 Αἰθιοπικοῦ
759 3037 844 3086 Ideeu
866 3051 890 3084 τ.
916 3031 997 3082 Arcb.
1023 3030 1050 3080 d.
1068 3027 1165 3078 Maler.
1184 3044 1247 3094 pag.
1267 3031 1300 3080 72

163 3117 225 3152 mox
243 3103 454 3154 commemorati.
759 3104 822 3156 coll.
834 3099 1018 3152 Blumeubucb
1031 3099 1074 3148 iu:
1088 3097 1180 3149 Geett.
1191 3098 1299 3164 Magea.

198 3161 247 3220 διὰ
259 3163 500 3236 :depascentem
513 3159 645 3233 desipuerat
654 3161 707 3218 τὸν
757 3176 780 3225 1,
798 3191 825 3238 p.
847 3172 912 3233 1311,
930 3171 1022 3220 Fritae
1039 3167 1058 3218 l.
1077 3167 1112 3230 1.,
1130 3166 1261 3218 Roeellini
1279 3167 1298 3218 l.

163 3231 329 3305 ἐγκέφαλον]
352 3237 461 3291 cerebri
478 3255 527 3304 per
545 3253 624 3289 nares
644 3238 707 3288 edu·
756 3244 775 3295 1.
792 3259 819 3308 p.
836 3241 896 3301 338,
913 3241 958 3303 qui
976 3239 1045 3288 idem
1065 3236 1155 3299 addit,
1173 3235 1243 3287 hunc
1262 3235 1300 3286 la-

162 3311 201 3361 cti
219 3325 279 3360 cum
298 3308 372 3360 nulla
390 3311 462 3375 apud
474 3309 622 3360 Diodorum
635 3324 707 3358 meu·
757 3313 847 3378 pidem
869 3309 1057 3372 Aethiopicum
1079 3322 1135 3357 uon
1157 3306 1241 3356 alium
1259 3306 1298 3354 vi-

162 3379 218 3441 tio,
237 3378 421 3430 Herodoteam
433 3380 616 3431 narrationem
634 3377 707 3428 baud
758 3382 816 3432 deri
834 3395 866 3429 ac
882 3378 986 3430 silicem
1004 3391 1076 3438 eum,
1097 3378 1142 3441 qui
1159 3375 1230 3440 apud
1245 3375 1301 3424 lta·

162 3448 242 3516 pauci
266 3449 294 3497 iu
324 3463 436 3500 examen
471 3454 602 3499 vocantes
635 3463 708 3512 pror·
757 3452 798 3502 los
814 3450 901 3515 pietra
918 3444 1010 3509 ioeaja
1023 3441 1105 3509 (apud
1123 3459 1187 3494 uos:
1205 3445 1324 3494 Foster·-

162 3535 209 3570 aus
224 3533 371 3583 congruam
391 3535 423 3570 ac
440 3535 531 3569 veram
546 3519 709 3568 invenerunt
759 3537 782 3572 s.
799 3515 976 3578 Fls'utcnstcis)
994 3518 1120 3574 vocetur,
1142 3529 1202 3562 cum
1224 3514 1301 3562 iuxta

161 3591 244 3654 inque
261 3589 369 3638 muniis
392 3590 460 3654 ipsis
484 3593 578 3654 partes
598 3588 704 3636 uarium
755 3588 872 3640 munies
896 3585 975 3651 plura
1003 3583 1083 3633 huius
1114 3581 1213 3645 lapidis
1246 3581 1301 3631 fra.

162 3659 234 3709 ferro
257 3657 348 3708 laesas
371 3657 483 3724 reperiri
511 3658 606 3708 testati
631 3659 704 3704 sssnt.
757 3661 869 3725 gmanta
897 3656 926 3704 in
955 3653 1036 3704 cultri
1064 3653 1176 3700 formam
1207 3649 1301 3700 efficta

161 3728 225 3778 Vid.
255 3727 381 3778 Grenuer.
408 3727 427 3777 l.
453 3726 483 3788 1.,
511 3727 558 3792 qui
582 3724 706 3788 inprimis
757 3742 844 3792 eaque
866 3723 948 3774 valde
967 3725 1050 3773 acuta
1073 3721 1132 3784 ipse
1154 3720 1298 3768 iurauerit.

163 3796 257 3846 1811481
274 3795 459 3847 Blumenbnch
475 3797 517 3845 in:
536 3795 628 3846 Goell·
648 3794 706 3843 Ma·
757 3799 797 3848 Ac
816 3795 848 3844 de
866 3793 916 3843 tali
934 3791 1026 3858 lapide
1043 3787 1168 3838 hocloco
1183 3788 1299 3852 cogitari

164 3881 226 3930 gan.
243 3865 266 3915 1.
285 3882 313 3930 p.
333 3867 384 3919 135
402 3871 430 3916 et
448 3865 577 3928 Beitrtlge
591 3878 638 3912 aur
653 3862 707 3912 Na·
757 3866 817 3916 vult
846 3877 952 3927 quoque
977 3858 1131 3909 Willriusou
1156 3858 1299 3922 (Manuers

163 3935 300 3998 turgesch.
317 3935 341 3985 1.
360 3951 387 3999 p.
407 3934 453 3985 131
468 3933 511 3982 ed.
530 3933 705 3996 sec.‚Royer.
758 3939 811 3985 eto.
831 3932 884 3981 111.
895 3947 922 3996 p.
939 3928 1010 3993 261),
1028 3943 1089 3977 cum
1107 3923 1169 3976 aliis
1185 3925 1254 3976 locis
1266 3926 1299 3976 de

164 4007 192 4052 et
209 4004 368 4053 lomard.in
387 4001 532 4053 Boseude
548 3999 620 4066 lug.
639 4002 704 4050 Ant.
757 4001 871 4068 Syenita
887 3997 1061 4064 cogitandum
1080 3996 1126 4073 sit.
1163 4053 1169 4072 1
1279 4054 1287 4072 Ι

163 4071 221 4121 vel.
240 4072 279 4121 11.
300 4089 327 4136 p.
353 4073 415 4124 215.
437 4073 511 4140 344..
534 4070 618 4120 Hisce
636 4068 705 4119 adde
791 4066 1016 4132 παρασχίσαντες
1041 4079 1118 4126 παρα
1139 4075 1193 4125 την
1210 4060 1299 4110 λαπα-

164 4139 327 4190 Wilkiusen.
350 4140 370 4190 l.
392 4139 413 4192 l.
437 4155 500 4205 pag.
520 4137 586 4200 456,
613 4137 705 4189 Rosel-
757 4137 822 4204 ρην]
843 4137 917 4200 „Qui
933 4137 986 4186 hoc
1008 4133 1139 4192 iaciebat,
1163 4131 1227 4181 binc
1245 4144 1298 4178 πα-

163 4207 213 4257 llui
232 4207 251 4258 l.
269 4208 289 4259 l.
307 4224 334 4274 p.
353 4208 420 4272 331,
447 4207 546 4258 Walne
564 4207 606 4256 iu:
635 4206 706 4256 Zeit-
758 4205 910 4271 ρασχίστης
939 4203 1037 4255 dicitur
1063 4199 1175 4252 Diodor.
1202 4201 1225 4262 1,
1254 4197 1298 4249 31.

164 4275 261 4325 scbrilt
288 4277 334 4326 liir
355 4275 598 4328 Alterthumswiss.
628 4273 705 4324 1834.
759 4275 827 4343 [vid.
848 4291 879 4325 su
899 4289 930 4324 ra
948 4272 984 4323 ad
1003 4272 1109 4322 initium
1130 4284 1191 4333 cap.
1215 4265 1300 4332 nott]

164 4359 206 4395 nr.
224 4345 267 4396 48.
288 4361 315 4410 p.
333 4345 400 4408 382,
428 4345 534 4397 Ρτίιτετ
558 4345 599 4394 De
615 4341 707 4393 condi·
757 4373 794 4386 ...
812 4344 944 4410 λαπαρην
973 4341 1040 4391 dicit
1063 4342 1167 4405 partem
1191 4337 1299 4390 mollem

1272 4544 1336 4558 Δ
