3088 4944
660 223 1002 335 nnn0n0u1·‘

224 273 285 342 348

225 449 354 522 στάδιοι
373 455 430 540 τῆς
453 447 614 536 περιόδου
636 453 695 538 τῆς
714 447 829 528 πόλιος
849 451 1000 535 γίνονται
1022 444 1233 532 συνάπαντες
1249 447 1359 540 dydoi-

225 584 327 628 κοντα
341 557 398 624 sai
411 553 629 640 τετρακόσιοι.
663 550 700 624 τὸ
719 551 781 643 μέν
795 581 861 622 νυν
879 549 1029 652 μέγαθος
1042 553 1203 626 τοσοῦτόν
1218 558 1286 626 ἐστι
1300 563 1361 628 τοῦ

224 659 340 741 ἄστεος
361 665 422 730 τοῦ
444 663 675 760 Βαρυλωνίοο.
718 654 917 746 ἐκεκόσμητο
941 656 978 726 di
1003 651 1047 736 ὦς
1070 653 1173 728 οὐδὲν
1193 655 1275 730 ἄλλο
1297 661 1358 732 πό-

222 872 337 918 trecenta
348 864 486 928 sexaginta
498 867 604 913 tentum
623 863 700 927 ponit
712 866 767 912 sis-

223 937 282 998 ᾱίο,
297 939 368 986 teste
378 933 499 984 Diodoro
515 933 553 996 11,
565 935 589 994 7,
603 933 766 995 Clitarchus,

222 1007 323 1071 siiique
349 1011 464 1056 mecenio
488 1007 626 1069 sexaginta
651 1006 766 1070 quinque,

224 1082 252 1128 et
273 1074 395 1142 quidem,
423 1077 454 1124 ut
477 1073 548 1125 idem
567 1074 703 1125 Diodorus
726 1089 767 1124 re-

223 1148 289 1208 fert¹
309 1161 341 1196 es
361 1145 394 1196 de
405 1160 498 1207 censs,
510 1149 541 1194 ot
558 1145 707 1195 studiorum
719 1160 767 1194 uu-

222 1232 312 1269 merus
334 1216 490 1266 conveniret
508 1231 568 1266 eum
582 1217 646 1265 snni
663 1215 766 1264 dierum

222 1303 343 1339 numero.
355 1287 422 1336 Inde
433 1285 545 1336 eundem
556 1301 694 1336 nnmerum
704 1301 769 1346 qno-

224 1375 276 1426 que
293 1357 386 1424 prodit
403 1355 502 1407 Strabo
518 1356 592 1405 XVI.
610 1373 635 1418 p.
656 1355 768 1406 107213.

819 861 860 911 rin
879 859 1061 926 geographico
1079 863 1217 926 aequabit.
1251 865 1361 916 Etenim

820 932 867 996 qui
884 931 1071 982 recentissimo
1090 936 1210 998 tempore
1232 934 1303 987 huuc
1320 941 1361 987 to-

819 1007 875 1052 tom
902 1001 1039 1066 regionem
1068 1005 1273 1056 accuratissime
1297 1003 1361 1070 ‘per-

820 1072 990 1138 quisiverunt
1008 1072 1135 1137 urbisque
1159 1076 1258 1126 veteris
1276 1077 1362 1126 ambi-

819 1147 876 1193 tum
896 1158 929 1193 ex
948 1141 1015 1206 ipsis
1037 1143 1179 1194 ruderibus
1205 1161 1253 1209 per
1274 1145 1362 1209 pieni·

820 1215 883 1264 tiem
898 1212 999 1276 sparsis
1011 1214 1176 1264 constituere
1190 1215 1360 1280 studuerunt,

819 1284 847 1334 in
866 1300 897 1334 eo
917 1283 999 1333 ferme
1017 1285 1204 1343 consentiunt.
1228 1291 1259 1337 ut
1277 1287 1361 1352 quod-

819 1355 862 1404 vis
880 1353 955 1404 urbis
974 1353 1125 1417 quadratae
1143 1353 1231 1420 istus,
1252 1363 1361 1408 centum

224 1445 247 1480 s.
272 1445 298 1494 p.
322 1426 388 1482 738.
416 1425 504 1475 tribus
533 1425 630 1476 stodiis
658 1430 767 1476 suctum
819 1425 916 1490 viginti
936 1423 1026 1474 stedia
1044 1425 1241 1489 omnisciens,
1262 1427 1361 1478 duode-

224 1499 348 1550 curtius:
377 1497 420 1546 De
447 1496 504 1546 reb.
535 1501 606 1561 gest.
633 1495 710 1546 dien.
734 1496 767 1556 V,
820 1496 871 1546 cirn
895 1493 1022 1543 miiiisrin
1046 1495 1175 1560 Angiics,
1199 1512 1221 1546 s.
1244 1498 1362 1562 quinque

224 1571 248 1620 l.
279 1568 303 1629 ᾗ,
333 1567 380 1622 ici,
407 1565 491 1616 totius
523 1566 611 1630 operis
638 1567 768 1616 ambitum
819 1564 946 1616 miiiisris
970 1563 1076 1615 Gsiiios
1105 1564 1217 1626 (vocent
1240 1566 1361 1631 Lieues)‚

225 1635 414 1690 cccnxv111
435 1636 526 1687 stedia
543 1635 687 1697 complecti
704 1637 768 1687 scri·
819 1652 842 1688 s.
871 1639 987 1699 quatuor
1017 1639 1065 1685 sut
1094 1637 1212 1700 quinque
1236 1637 1362 1689 horarum

223 1711 301 1760 bens.
338 1708 381 1758 Tu
398 1705 468 1768 viu,
496 1721 566 1772 quse
584 1707 715 1758 adnotavi
734 1706 767 1757 de
820 1705 1042 1758 Germanicorum
1072 1705 1124 1756 iter
1149 1705 1286 1758 hebuerit:
1316 1708 1363 1772 qui

223 1781 265 1830 his
285 1778 319 1829 sd
334 1777 444 1828 Ctesise
461 1777 615 1840 fragments
633 1793 697 1844 pag.
716 1777 765 1828 401
819 1776 923 1828 numeri
946 1775 980 1826 nb
998 1775 1161 1826 Herodoteis
1190 1793 1245 1828 nou
1271 1778 1363 1828 admo·

224 1865 281 1914 seq.
301 1847 363 1900 ocii.
381 1863 445 1913 pag.
465 1845 517 1899 396
534 1863 602 1912 seq„
620 1848 667 1898 ubi
685 1848 767 1898 etiam
820 1847 883 1898 dum
903 1845 1046 1906 recedunt,
1071 1847 1230 1910 praesertim
1253 1849 1277 1898 si
1301 1865 1361 1899 cum

224 1920 383 1972 recentioris
413 1918 514 1968 aetatis
542 1919 616 1969 viros
647 1917 769 1969 indicari
819 1918 853 1968 R.
866 1916 964 1968 Iocobs
984 1915 1036 1978 (De
1054 1932 1172 1968 mensur.
1186 1918 1319 1970 Herodot.
1335 1934 1361 1983 p.

224 1992 335 2053 doctos,
363 1988 409 2054 qui
427 1988 550 2039 diverses
568 1992 690 2040 veterum
709 2003 769 2039 sen·
820 1987 865 2050 20)
892 1991 1014 2048 statues,
1044 2003 1136 2038 omnes
1159 1986 1209 2037 hus
1237 2004 1363 2039 numero-

224 2061 326 2112 tenties
342 2074 433 2110 secum
446 2058 593 2110 conciliare
604 2058 767 2108 studuerint.
820 2073 878 2108 rum
912 2058 1078 2107 diversorum
1113 2057 1270 2108 notationes
1307 2074 1363 2109 non

225 2131 295 2182 Sunt
317 2130 364 2194 qni
388 2145 420 2178 ex
441 2144 584 2179 mensurae
609 2128 769 2178 diversitate
820 2145 853 2178 ex
871 2132 1002 2178 accurate
1026 2127 1192 2178 dimensione
1215 2128 1305 2180 incius
1323 2128 1363 2178 vi-

226 2201 361 2251 diversum
384 2214 492 2263 quoque
509 2199 659 2250 stadiorum
677 2214 769 2248 nome-
821 2199 887 2259 deri,
901 2197 1159 2249 ssdsestumstione
1170 2201 1277 2250 tantum
1291 2213 1363 2250 corn-

225 2287 284 2321 rum
303 2269 432 2334 expiiosri
451 2284 534 2332 posse
554 2269 682 2326 credent,
709 2283 769 2318 cum
819 2273 940 2330 putates.
982 2269 1019 2320 Et
1043 2269 1102 2334 quis
1126 2283 1228 2332 quaeso
1250 2270 1277 2318 in
1302 2267 1364 2319 tuii-

226 2341 336 2392 thsise
358 2339 451 2388 stadis
473 2339 638 2390 Herodoteis
668 2337 770 2388 fuerint
820 2339 871 2390 bns
891 2339 981 2389 omnin
998 2344 1055 2389 tum
1073 2339 1195 2403 perfecte
1214 2353 1362 2400 congruere

226 2411 330 2460 msiorn
347 2408 463 2472 indeque
480 2409 562 2458 etism
579 2425 690 2460 numero
705 2423 771 2473 psu-
820 2425 899 2470 posse
919 2409 1136 2474 exspectaverit?
1172 2409 1214 2458 'i'u
1231 2409 1286 2460 vid.
1306 2409 1362 2458 Κατ

226 2481 314 2541 ciera,
346 2479 469 2544 quumvis
498 2494 580 2530 unum
603 2479 770 2536 eandemque
820 2479 918 2530 Portsr
937 2478 956 2530 Ι.
981 2478 1000 2530 Ι.
1020 2479 1060 2530 ΙΙ.
1079 2496 1106 2543 p.
1125 2477 1191 2540 384,
1215 2494 1268 2542 quo
1292 2479 1361 2528 bene

226 2551 301 2602 urbis
313 2547 517 2614 amplitudinem
528 2549 705 2600 declarantis.
716 2548 771 2599 He·
820 2551 875 2600 ism
893 2565 959 2600 usus
979 2555 1020 2600 est
1031 2549 1121 2600 Ritter
1133 2546 1152 2598 i.
1164 2547 1183 2599 i.
1201 2564 1227 2606 p.
1239 2547 1287 2599 ool
1302 2563 1360 2605 sco.

227 2620 352 2672 rodotum
376 2618 447 2669 enim
470 2617 522 2683 (its
542 2623 605 2678 post
623 2619 691 2670 aiios
715 2624 770 2669 sto·
821 2619 882 2671 ccii.
901 2637 926 2683 p.
938 2619 989 2670 875
1002 2635 1069 2684 seq,
1088 2617 1259 2670 Fresneii.i.
1274 2620 1307 2668 T.
1321 2619 1361 2669 11.

226 2691 280 2741 tuit
303 2691 345 2740 vir
367 2688 464 2740 doctus
488 2689 517 2739 in
538 2689 687 2742 Recherch.
705 2705 771 2739 nou·
820 2707 848 2755 p.
872 2690 982 2754 seseq.
1007 2691 1039 2738 47
1063 2705 1120 2754 seq.
1164 2689 1268 2751 Quibus
1290 2703 1362 2740 nnnc

227 2761 290 2812 veli.
315 2776 361 2810 sur
378 2758 463 2810 l'hist.
489 2761 595 2811 sncien.
618 2761 671 2811 111.
690 2776 716 2823 p.
737 2759 770 2810 56
821 2760 884 2811 eddi
901 2759 982 2811 veiim
1000 2759 1121 2811 Boeoixh.
1140 2759 1182 2809 in:
1206 2759 1363 2810 Monstsbe-

228 2831 298 2896 seq.)
325 2831 401 2896 ioqui
428 2831 461 2880 de
484 2831 582 2880 stodiis
605 2829 769 2892 Chaldaicis,
820 2831 900 2882 richt.
925 2832 952 2882 d.
976 2829 1061 2881 Acsd.
1084 2829 1111 2882 d.
1135 2829 1304 2880 Wissenseb.
1329 2845 1362 2880 nu

228 2901 349 2954 Ctesism
372 2901 405 2950 de
424 2901 559 2964 Assyriis,
585 2917 698 2966 quorum
717 2901 771 2950 trie
820 2901 911 2952 Beriin
930 2901 1007 2951 1854.
1026 2900 1108 2952 Febr.
1125 2915 1152 2964 p.
1168 2898 1201 2948 87
1220 2915 1276 2966 seq.
1310 2899 1364 2950 Hic

228 2971 644 3037 sequeutChsideiceqnatuor‚
662 2975 770 3035 utqns-
820 2987 884 3022 vero
909 2975 1002 3020 tentus
1026 2971 1101 3020 urbis
1127 2970 1244 3020 ambitus
1269 2987 1303 3022 ne
1320 2970 1364 3020 oui

229 3044 373 3108 dringento
397 3042 538 3105 octoginta
568 3041 717 3093 Cheirioics
742 3057 769 3090 re
821 3042 920 3092 nimius
939 3045 967 3091 et
986 3041 1019 3090 nb
1040 3041 1113 3091 omni
1130 3055 1195 3091 vero
1215 3041 1363 3092 abhorrens

228 3129 294 3164 vers
318 3127 373 3162 non
390 3111 516 3162 different
539 3113 668 3162 trecentis
692 3127 770 3161 sexe-
821 3111 960 3174 videntur,
982 3111 1006 3160 is
1029 3111 1133 3174 cogitet
1155 3109 1236 3160 veiim
1255 3111 1363 3161 omnino

229 3184 305 3248 ginis
323 3181 453 3244 Assyriis.
490 3181 543 3232 Sed
556 3181 686 3232 Renneiio
705 3179 735 3241 (i.
749 3180 769 3230 Ι.
821 3181 943 3240 modum,
968 3197 1021 3245 quo
1047 3181 1119 3244 apud
1139 3181 1250 3231 orientis
1269 3185 1364 3242 pentes

228 3269 292 3314 ρος.
303 3250 367 3313 534)
381 3251 489 3301 Ctesias
500 3256 527 3302 et
538 3251 669 3302 Oiitsrchi
680 3251 771 3314 potior
821 3251 902 3301 urbes
923 3256 950 3300 et
971 3251 1036 3300 oriri
1061 3255 1089 3302 et
1105 3250 1226 3302 bsbitsri
1247 3251 1363 3302 soicsnt.

228 3323 257 3372 in
279 3320 356 3372 bisce
375 3320 483 3372 videtur
500 3322 665 3381 auotoritas,
688 3335 771 3384 quon·
821 3323 864 3372 Ex
882 3322 1072 3382 imperatorum
1092 3323 1189 3372 cestris
1207 3322 1365 3372 nomadum-

229 3391 348 3456 iscripsi
362 3391 530 3455 Babylonem
545 3392 688 3442 inviserint
703 3391 772 3454 ipse·
822 3407 875 3455 que
894 3391 1003 3441 sedibus
1021 3392 1075 3440 iem
1088 3389 1172 3441 firmis
1183 3391 1217 3441 *in
1231 3392 1363 3440 victarum

228 3479 281 3524 que
298 3477 425 3512 numerus
444 3461 592 3512 studiorum
610 3462 645 3512 sb
663 3460 717 3510 iilis
731 3460 771 3510 in·
822 3461 943 3524 gentium
966 3461 1046 3512 terris
1070 3461 1194 3511 oriuntur
1211 3459 1291 3510 urbes
1309 3475 1364 3507 sm-

229 3534 337 3585 dicstus
361 3547 421 3582 cum
446 3532 550 3582 dierum
574 3532 636 3582 suni
660 3545 770 3580 numero
822 3531 974 3594 piissimae,
1002 3532 1103 3581 nostris
1131 3535 1223 3580 tumen
1250 3528 1362 3577 urbibus

228 3604 295 3654 mire
318 3603 474 3662 conveniam
500 3601 592 3667 quniin
615 3617 643 3651 re
668 3615 732 3651 vers
754 3616 771 3649 ο
822 3600 1019 3651 dissimillimus
1041 3600 1069 3649 in
1093 3599 1198 3649 sedium
1223 3601 1362 3646 exstruen-

228 3673 366 3723 veteribus
388 3673 417 3722 in
439 3671 610 3723 exstruendis
628 3669 769 3732 aedificiis,
822 3670 917 3722 derum
936 3686 1009 3722 more
1028 3669 1166 3731 multoque
1185 3667 1273 3731 spatio
1292 3666 1363 3716 inter

228 3743 342 3794 urbibus
359 3740 432 3792 houd
448 3741 573 3806 neglectu
590 3740 677 3792 inisse
693 3755 770 3790 nemo
821 3739 943 3802 singulos
976 3739 1057 3789 sedes
1091 3737 1250 3792 interiecto..
1284 3735 1364 3785 Unde

229 3813 326 3864 nescit.
369 3811 450 3863 Ocni.
468 3812 496 3874 1,
523 3811 581 3861 189.
603 3809 662 3862 190.
701 3811 770 3860 Tum
821 3811 908 3860 minor
927 3807 1199 3872 qnoqueineoiernm
1217 3804 1363 3856 multitudo

229 3895 294 3930 vero
311 3881 446 3930 moenium
464 3882 604 3944 ipsiusque
622 3880 696 3930 urbis
716 3895 770 3929 sm·
821 3883 959 3938 protento
974 3878 1049 3927 urbis
1065 3877 1179 3926 ambitu.
1206 3875 1307 3926 Forma
1321 3891 1365 3926 ur-

228 3950 303 4000 bitus
322 3949 434 3999 secedet
450 3950 484 4000 sd
502 3966 585 4002 ιιονοιο
602 3942 773 4000 ΙοτθιοίΙΙίο-
820 3949 863 3998 bis
886 3947 1043 4010 pierumque
1070 3944 1274 4010 quadrangula,
1299 3961 1364 4010 qus-

229 4019 271 4067 rin
289 4018 485 4082 geoffrnpbios,
513 4021 580 4082 nisi,
599 4020 671 4084 quod
690 4033 772 4082 supra
821 4018 874 4067 iens
883 4017 1017 4081 hodieque
1026 4017 1178 4068 sinensium
1189 4015 1271 4066 nrbes
1282 4031 1364 4080 quse·

230 4086 300 4144 dixi.
326 4085 400 4137 aliud
418 4089 567 4139 studiorum
586 4104 670 4148 penus
687 4089 773 4138 Hero·
823 4087 885 4136 dnm
902 4091 1119 4151 repraesentent.
1155 4085 1363 4136 Plursiiennei.

230 4155 318 4206 doteis
337 4155 435 4209 stodiis
453 4158 541 4208 mains
557 4157 603 4207 hic
621 4158 772 4218 intelligen-
821 4155 841 4207 1.
859 4155 878 4206 i.
897 4172 960 4222 pag.
979 4155 1031 4208 535
1050 4171 1107 4221 seq.
1143 4157 1261 4206 Heeren.
1280 4153 1364 4206 Ideeu

231 4225 294 4278 dum
313 4226 359 4275 sit.
396 4226 529 4284 Equidem
551 4227 586 4276 od
601 4227 772 4278 Herodoteos
823 4229 876 4276 eto.
898 4242 925 4292 p.
951 4227 1084 4292 15510q.
1115 4233 1142 4276 et
1165 4225 1364 4291 Buciringhnm.

230 4309 356 4346 numeros
379 4294 466 4346 redire
488 4295 595 4358 msiim,
619 4312 651 4346 ex
675 4297 771 4361 quibus
822 4295 842 4346 i.
867 4295 887 4345 i.
915 4312 980 4362 pag.
1005 4297 1055 4348 514
1080 4311 1137 4364 seq.
1176 4295 1276 4347 Ritter.
1301 4294 1321 4345 i.
1344 4292 1364 4345 i.

231 4361 348 4418 ambitus
365 4365 442 4417 urbis
459 4365 586 4416 duodecim
605 4365 661 4418 iore
678 4365 774 4418 millin-
823 4382 851 4433 p.
870 4364 930 4420 902.
