2980 4932
611 190 736 254 culo.
760 195 785 256 1.
807 203 869 262 31.’
1259 201 1299 264 69

163 366 321 456 ζεύγλην,
344 363 456 438 εἷλκον
474 367 534 457 τήν
552 365 699 458 ἅμαξαν,
729 371 783 441 ἐπὶ
806 375 864 462 τῆς
887 366 1011 464 ἆμύξης
1034 375 1075 444 δέ
1098 397 1159 466 σφι
1185 375 1296 467 ὀχέετο

165 467 186 562 ἡ
206 469 319 560 μήτηρ.
354 477 508 553 σταδίους
526 473 563 544 δὲ
581 475 679 546 πέντε
697 476 752 544 καὶ
775 476 1017 567 τεσσεράκοντα
1041 485 1295 569 διακομίσαντες

165 571 320 644 ἀπίκοντο
337 579 371 658 ἐς
391 571 536 668 τὸίρόν·
563 583 667 650 ταύτα
688 581 727 648 δέ
740 601 802 667 σφι
820 581 975 671 ποιήσασι
998 585 1053 652 καὶ
1072 579 1210 672 ὀφθεῖσι
1228 581 1295 658 ύπδ
1351 641 1356 658 .

160 684 216 767 τῆς
236 680 438 771 πανηγύριος
467 682 606 772 τελευτή
628 688 690 752 τοῦ
706 690 784 770 βίον
804 682 921 776 ἀρίστη
945 689 1139 774 ἐπεγένετο,
1167 693 1294 776 διέδεξέ

156 809 190 852 τε
205 785 243 852 ἕν
259 784 403 855 τούτοισι
420 781 550 873 turbs,
568 781 612 868 ὥς
627 785 765 875 ἄμεινον
778 799 829 878 εἴη
842 787 1013 884 ἀνθρώπῳ
1029 791 1192 862 τεθνάναι
1206 801 1291 883 μᾶλ-

156 896 218 957 λον
244 881 387 974 ήζώειν.
423 885 567 977 Ἀργεῖοι
594 889 656 978 μὲν
679 887 743 978 γὰρ
766 893 977 980 περιστάντες
1005 895 1202 985 ἐμακάριζον
1224 905 1292 969 τοῖν

156 992 321 1078 νεηνιέων
335 989 397 1080 τήν
417 991 551 1080 ῥύμην,
571 998 609 1062 αί
624 992 661 1060 δὲ
677 990 821 1082 Ἀργεῖαι
837 993 897 1083 τήν
918 1001 1040 1088 μητέρα
1059 997 1188 1086 αὐτῶν,
1209 1007 1292 1072 οἵων

156 1097 285 1165 τέκνοιν
302 1093 455 1184 ἐκύρησε.
483 1091 557 1184 ήδὲ
575 1095 683 1186 μήτηρ
702 1095 880 1188 περιχαρής
899 1102 999 1170 ἐοῦσα
1013 1107 1058 1193 τῳ
1074 1130 1108 1170 τε
1129 1110 1215 1195 ἔργῳ
1238 1109 1293 1176 καὶ

157 1205 198 1290 τῇ
215 1197 328 1289 φήμῃ,
358 1203 464 1268 στᾶσα
486 1197 605 1270 ἀντίον
625 1205 686 1271 τού
708 1197 908 1291 ἀγάλματος,
939 1201 1070 1291 εὔχετο,
1103 1205 1227 1293 Κλεόβι
1258 1237 1293 1278 τε

158 1303 212 1373 καὶ
228 1310 368 1390 Βίτωνι,
391 1319 475 1372 τοῖσι
494 1306 621 1394 ἑωυτῆς
640 1306 786 1377 τέκνοισι
792 1358 802 1393 ,
827 1311 862 1377 οἴ
877 1335 937 1395 μιν
953 1310 1113 1398 ἐτίμησαν
1131 1309 1295 1398 μεγάλας,

158 1473 240 1527 scribi
261 1473 321 1524 vult
342 1463 457 1538 ὠχέετο,
483 1474 554 1539 quod
572 1474 635 1526 inde
653 1474 699 1526 de·
749 1475 917 1528 Ecclesiaste
934 1475 997 1540 VII,
1018 1475 1045 1528 1:
1064 1477 1179 1540 „melior
1194 1483 1236 1530 est
1249 1479 1296 1530 ho·

158 1547 254 1598 derunt
270 1543 396 1594 Dindorl.
415 1549 442 1592 et
458 1545 580 1596 Diatsch.
606 1545 699 1596 Verba
748 1547 866 1597 mini-
884 1547 942 1597 dies
964 1547 1060 1597 mortis
1086 1547 1145 1610 die,
1172 1565 1225 1614 qno
1248 1549 1294 1601 ille

158 1605 317 1670 ὑποδύντες
348 1643 384 1652 -
412 1602 469 1661 ύπὸ
498 1606 550 1678 τήν
580 1606 699 1680 ζεύγλην
749 1617 898 1679 nascitur“,
918 1615 979 1668 coll.
998 1618 1062 1668 Job.
1087 1619 1162 1680 XIV,
1183 1621 1194 1669 l
1216 1636 1292 1690 seqq.

158 1686 238 1750 vulgo
248 1683 377 1734 reddunt:
393 1683 473 1746 ιἰιριαα
489 1684 630 1734 subcuntes.
649 1685 700 1734 Ac·
751 1687 811 1736 Alia
830 1687 955 1736 dabimus
973 1687 1009 1735 ad
1026 1687 1060 1748 V,
1079 1689 1104 1738 4.

157 1755 276 1808 curatius
299 1753 395 1818 opinor
417 1751 505 1802 Bothe
529 1753 563 1802 ad
587 1754 699 1805 Homer.
782 1748 898 1820 Ἀργεῖοι
912 1748 963 1818 μὲν
978 1746 1031 1817 γὰρ
1049 1785 1083 1795 -
1102 1747 1210 1820 ὅτίμην]
1230 1757 1292 1808 Flu-

155 1827 199 1878 lli.
218 1825 306 1886 xvn,
324 1822 390 1873 440:
417 1821 537 1886 „iugum
561 1813 699 1887 ὁζενγὸς,
752 1830 847 1878 otnant
870 1823 914 1873 bic
937 1823 1009 1884 libri,
1037 1819 1149 1888 quorum
1172 1825 1297 1876 nonnulli

155 1897 257 1964 lignum
274 1899 474 1952 transvorsum,
494 1891 566 1956 quod
584 1892 642 1943 loro
661 1891 699 1942 al·
749 1886 865 1960 γνιόμην
892 1893 924 1960 (1.
953 1907 976 1942 e.
1001 1894 1161 1954 sententiam,
1192 1897 1297 1944 animum

154 1969 269 2032 ligatum
288 1967 347 2014 erat
366 1961 477 2022 temoni,
493 1961 612 2012 babebat
630 1962 698 2012 dnae
746 1969 813 2030 pium
829 1961 968 2027 iuvenum)
984 1961 1119 2013 exhibent.
1139 1961 1192 2013 Sed
1207 1963 1293 2014 Medi-

155 2029 267 2100 ζεύγλας
292 2049 315 2086 s.
346 2031 425 2084 orbes
454 2030 573 2098 ligneos,
600 2033 698 2098 quibus
749 2050 823 2096 cens,
841 2031 1044 2084 Schellershem.
1065 2033 1292 2084 etduoParisini

156 2107 226 2158 colla
256 2105 336 2156 bourn
371 2101 414 2152 vel
444 2117 572 2168 equorum
598 2103 698 2152 insere·
748 2096 857 2170 ῥύμην,
877 2103 949 2168 quod
971 2117 988 2152 a
1012 2102 1131 2154 Gronov.
1152 2108 1291 2168 receptum

155 2177 284 2228 bantur.“
748 2191 809 2226 cnm
821 2172 974 2238 Schweigh.
995 2171 1109 2238 aliisque
1126 2173 1237 2238 retinui,
1253 2191 1293 2226 re-

190 2237 228 2302 ύς
256 2235 375 2309 ἄμεινον
403 2239 448 2308 είη
475 2231 622 2308 ἀνθρώπῳ
654 2253 697 2288 τε·
746 2245 853 2294 nitente
864 2243 987 2308 quamvis
1000 2243 1290 2309 censoreinEphemm.

155 2309 263 2368 θνύναι
282 2312 388 2378 μᾶλλον
409 2302 428 2376 ἢ
447 2304 537 2376 ζώειν]
571 2311 610 2362 Νο
635 2309 695 2376 quis
746 2315 869 2366 lenense.
893 2313 967 2364 1817.
986 2329 1028 2364 nr.
1049 2313 1107 2366 165.
1124 2330 1150 2379 p.
1168 2313 1229 2366 386.
1248 2319 1289 2364 at-

154 2389 265 2439 haereat
283 2386 311 2434 in
329 2382 457 2444 adverbio
479 2379 597 2447 μᾶλλον,
623 2379 696 2446 quoti
747 2401 799 2450 qua
818 2383 850 2435 G.
870 2385 1052 2434 Kaemmerer.
1066 2383 1094 2432 in
1112 2385 1188 2435 Βίης,
1206 2384 1292 2434 dein.

155 2459 199 2509 hic
224 2457 310 2521 potius
336 2452 473 2518 significat
506 2465 555 2500 nec
584 2465 695 2516 prorsus
747 2455 808 2505 dole
827 2459 854 2504 et
871 2453 957 2519 pretio
976 2453 1056 2504 codd.
1079 2457 1106 2502 et
1125 2453 1186 2504 edd.
1212 2455 1290 2520 Agri·

154 2527 285 2586 abundat,
305 2524 353 2576 Cr.
378 2524 483 2574 confert
499 2519 641 2572 Heindorf.
661 2519 697 2569 ad
747 2525 823 2576 colae
843 2521 1110 2590 (Vratislav.1842.)
1133 2540 1159 2588 p.
1179 2524 1224 2575 62.
1253 2525 1292 2574 Ut

155 2599 228 2650 Plat.
242 2593 377 2647 Charmid.
391 2609 417 2658 p.
433 2591 470 2644 16.
493 2593 535 2641 Tu
544 2589 696 2640 vidKueh·
747 2595 818 2646 enim
830 2593 869 2643 1111
882 2593 945 2642 libri
961 2597 1025 2644 sunt
1038 2593 1222 2658 antiquissimi
1234 2593 1291 2644 lero

155 2685 211 2720 ner.
226 2668 271 2718 Gr.
286 2665 367 2727 Gne.
380 2663 439 2714 588.
455 2666 511 2712 not.
527 2664 561 2722 2,
575 2660 622 2724 qni
632 2663 696 2724 apte
748 2679 781 2715 ao
798 2663 1042 2729 praestantissimi,
1061 2677 1174 2728 quorum
1192 2663 1219 2712 in
1237 2663 1292 2713 Hc-

155 2741 209 2790 iam
216 2739 326 2788 Homer.
345 2733 438 2783 attulit
455 2731 499 2782 Ili.
517 2729 617 2792 XXIV,
634 2727 695 2780 243.
748 2735 843 2785 rodoto
859 2734 929 2784 ratio
940 2731 1067 2782 habenda
1078 2732 1128 2796 sit,
1147 2733 1201 2794 ita,
1222 2747 1292 2797 quae

155 2807 264 2860 etcouf.
279 2799 538 2868 Apitzmdnuripid.
553 2799 695 2850 Phoeniss.
747 2805 826 2854 initio
850 2804 949 2870 capitis
971 2801 1100 2868 leguntur
1120 2794 1214 2868 (δεύμη
1240 2793 1292 2850 σοι’-

155 2881 215 2932 ula.
235 2894 262 2942 p.
288 2876 345 2925 112.
371 2903 407 2914 -
427 2872 518 2936 Ipsam
535 2871 698 2920 sententiam
748 2887 836 2938 ματος
853 2865 971 2954 τοιήδε),
990 2869 1149 2921 confirmare
1166 2871 1293 2920 uldentur

154 2949 279 3002 hocloco
292 2943 569 2995 enuntiatamNoster
586 2943 697 2990 revocat
747 2943 892 2993 lectionem
915 2935 1027 3006 ᾇωμην,
1056 2939 1099 2989 cui
1122 2940 1204 2990 etiam
1230 2939 1293 2990 inde

155 3021 191 3071 ad
207 3031 358 3082 supremum
376 3027 486 3076 numen,
510 3011 581 3076 quod
604 3025 697 3076 quam·
748 3015 937 3080 patrociuatur
955 3007 1291 3076 schweigh.‚qu0da1iud

155 3091 197 3140 vis
220 3087 315 3138 addito
345 3082 460 3133 articulo
493 3081 649 3147 designetur
680 3069 695 3128 ὅ
749 3084 853 3150 Argivi,
876 3081 949 3133 aliud
968 3081 1086 3146 Argivae
1109 3079 1291 3141 laudaverint,

155 3153 234 3216 θεὸς,
255 3163 344 3206 tamen
365 3153 486 3203 decerto
511 3151 627 3217 quodam
646 3151 696 3200 deo
748 3155 788 3204 1111
805 3153 896 3216 robur,
921 3153 972 3201 hae
995 3155 1122 3212 matrem,
1148 3155 1293 3216 quactum

156 3215 697 3292 (11111163ἡθέὸςᾶθιῖὓῐῐθηῦ)ίῐὶῒθῐ·
746 3229 803 3288 pios
817 3225 884 3286 filios
904 3221 1017 3271 haberet
1035 3237 1057 3272 a.
1083 3221 1156 3284 pium
1176 3221 1292 3270 liliorum

155 3301 204 3366 ligi
222 3297 324 3362 nequit,
343 3294 391 3344 sed
409 3289 584 3354 cogitandum
602 3289 635 3338 de
650 3287 698 3336 illa
749 3309 815 3358 erga
832 3297 945 3340 matrem
964 3291 1097 3352 animum,
1116 3291 1189 3354 quod
1206 3291 1295 3354 ipsum

156 3372 184 3421 vi
208 3369 300 3418 divina
324 3381 356 3416 ac
379 3373 518 3424 suprema,
542 3357 587 3407 cui
609 3355 699 3406 omnia
750 3363 821 3412 foret
852 3353 906 3423 τήν
935 3351 1059 3420 γνώμην.
1093 3359 1165 3406 111οο
1196 3349 1295 3420 ᾇαίμην

156 3442 184 3492 in
197 3455 284 3490 rerum
294 3439 392 3486 natura
403 3429 526 3479 subiecta
539 3430 611 3486 aunt,
619 3439 700 3489 quae·
751 3443 858 3496 quoquc
875 3433 975 3486 tuetur,
994 3430 1119 3474 monente
1137 3427 1191 3483 (lm,
1211 3427 1296 3474 Bene-

157 3527 209 3576 que
228 3523 319 3560 omnes
337 3517 380 3554 res
403 3497 571 3566 singulorum
590 3495 701 3544 deorum
752 3499 817 3549 dict.
839 3497 867 3546 in
885 3501 955 3545 nott.
974 3494 1046 3543 critt.
1067 3493 1094 3540 iu
1107 3493 1201 3542 Beckii
1218 3495 1293 3543 Actt.

157 3580 271 3646 (quibus
290 3579 404 3626 naturae
425 3571 496 3619 vires
515 3561 702 3626 declarantur)
752 3567 885 3620 Seminar.
910 3562 1003 3628 philol.
1029 3561 1103 3626 Lips.
1130 3562 1167 3612 11.
1192 3577 1218 3626 p.
1242 3561 1294 3611 216

157 3667 244 3715 „eque
273 3651 356 3712 atque
378 3640 532 3690 mortaIIum
563 3635 701 3686 hominum
752 3655 793 3704 aq.
812 3636 887 3686 Idem
911 3633 953 3684 (ἲν.
980 3631 1015 3681 ad
1038 3621 1205 3694 ἐμακάριζον
1233 3647 1295 3681 cuu-

157 3721 227 3785 raqit
244 3735 278 3769 ac
296 3715 437 3782 gubernat.
464 3708 542 3761 Cani.
567 3705 633 3768 Vll,
657 3705 700 3757 10.
751 3707 818 3760 terri
835 3705 894 3756 vult
912 3705 1010 3754 Zonar.
1030 3701 1097 3752 Lex.
1120 3717 1160 3767 gr.
1186 3717 1212 3766 p.
1234 3702 1293 3765 764,

158 3795 182 3853 ρ,
204 3791 229 3852 5,
249 3787 318 3846 alia,
338 3797 408 3850 quae
427 3780 454 3830 in
468 3779 648 3829 commentat.
669 3775 702 3825 de
750 3779 798 3830 ubi
812 3780 854 3827 ast
866 3764 1051 3840 ίμακύρισαν;
1065 3776 1095 3822 tu
1109 3771 1144 3822 cf.
1158 3770 1214 3822 illic
1224 3773 1295 3824 Titt-

157 3841 215 3912 ‘vita
234 3863 261 3908 et
277 3850 533 3919 scripserimus.
549 3848 590 3898 12.
609 3846 700 3896 affere
751 3863 843 3899 mann.
867 3850 894 3896 at
918 3841 989 3910 quod
1012 3841 1047 3892 ad
1068 3841 1294 3908 significationem

157 3915 702 3989 mus.PersequituretiamhaecHoffmci·
752 3918 860 3980 attinet,
884 3913 1076 3980 Wyttenbach.
1098 3913 1132 3964 ad
1153 3912 1292 3965 Plutarch.

159 4008 228 4050 ster:
253 3991 459 4056 Sittlich-rclig.
485 3987 701 4040 Lebensansicht
751 3991 821 4040 Mor.
835 3987 859 4038 Ι.
876 4003 901 4052 p.
918 3986 967 4036 161
986 4000 1060 4050 seqq.
1081 3983 1150 4036 Add.
1170 3982 1233 4044 VII,
1248 3985 1292 4034 45.

159 4071 186 4122 d.
206 4066 338 4118 Herodot.
357 4079 385 4128 p.
403 4061 420 4112 8
438 4077 494 4126 seq.
513 4056 702 4108 monothcismi
787 4057 858 4109 οἴων
872 4053 979 4106 τέκνων
992 4045 1120 4122 ἐκύρησε]
1132 4055 1217 4104 Recta
1235 4069 1296 4102 ver-

158 4137 279 4202 vestigia
301 4135 329 4182 in
356 4131 457 4182 talibus
486 4127 599 4194 agnosci
622 4143 701 4192 posse
752 4131 786 4180 tit
804 4127 903 4180 llatth.
922 4130 948 4192 ξ.
969 4123 1029 4176 328.
1049 4143 1075 4192 p.
1093 4123 1154 4175 636.
1174 4119 1247 4184 (coll.
1267 4125 1293 4183 §-

158 4215 245 4260 ratus.
265 4206 360 4268 Neque
379 4217 444 4251 sane
466 4199 534 4250 talia
556 4195 701 4248 admodum
752 4199 812 4260 580,
831 4215 855 4251 o.
874 4203 930 4248 not.
958 4195 984 4247 3.
1004 4213 1031 4262 p.
1056 4193 1133 4258 sum:
1157 4191 1239 4254 „da-³⁸
1257 4191 1296 4238 ilr

160 4279 290 4334 differunt
307 4273 341 4323 ab
365 4272 413 4336 iis,
436 4285 506 4337 qnae
530 4268 655 4332 leguntur
673 4269 701 4322 iu
751 4269 833 4321 solete
869 4267 968 4318 Iliaden
997 4283 1027 4322 ια
1061 4263 1130 4314 Tlrcr't
1162 4257 1296 4328 qemurdeu
