3086 4952
634 323 760 386 culo.
783 325 809 384 Ι.
833 331 894 388 104.
1274 325 1336 388 229

198 499 254 566 καὶ
272 499 306 576 ἐς
321 494 473 582 Κόλχους
496 494 675 585 τριήκοντα
699 492 851 587 ἡμερέων
874 495 1006 594 εὐζώνῳ
1031 495 1118 581 ὁδός.
1155 503 1191 569 ἐν
1218 499 1256 570 δὲ
1277 506 1335 591 τῆς

120 663 129 682 ‚
199 604 363 686 Κολχίδος
380 594 421 668 οὗ
441 597 564 669 πολλὸν
580 593 768 688 ὑπερβῆναι
791 604 824 682 ἐς
841 598 904 691 τὴν
921 602 1101 694 Μηδικὴν,
1130 601 1214 675 (illd
1236 609 1274 675 ἓν
1296 603 1333 675 τὸ

202 701 257 771 daci
279 704 382 791 μέσον
405 707 504 782 ἔθνος
524 699 638 772 αὐτῶν
658 705 743 790 ἐστὶ,
765 704 967 796 Σάσπειρες·
991 708 1145 778 τοῦτοδὲ
1166 735 1331 800 παραμει-

395 901 460 956 Car.
479 903 551 958 CIV.
793 906 911 972 regionis
928 923 960 958 ae
977 909 1093 960 fluminis
1110 910 1209 962 famam
1228 917 1270 964 tot
1292 913 1334 964 ia·

793 975 864 1025 bulis
898 977 1060 1029 celebratam
1088 995 1250 1046 magnopere
1285 999 1332 1034 va-

218 997 388 1085 ντριήκοντα
398 997 523 1073 ἡμερέων
536 998 648 1074 addudere
662 997 741 1073 ὁδός]
793 1045 883 1097 ἰωὴ.

197 1073 320 1136 ενζωνος
336 1077 429 1129 eodem
448 1093 528 1130 sensu
543 1079 565 1142 1,
579 1079 622 1129 72.
649 1077 741 1143 Ipsam

197 1162 351 1197 mensuram
372 1149 407 1198 ab
431 1148 569 1200 Herodoto
592 1147 741 1198 indicatam
828 1138 896 1198 cilici
911 1139 945 1197 ‘iv
961 1137 993 1198 τὸ
1012 1140 1060 1198 διὰ
1076 1144 1162 1214 μέσον
1180 1145 1267 1212 ἔθνος
1282 1146 1334 1205 αὖ·

196 1217 241 1266 vix
260 1223 417 1268 accuratam
440 1219 540 1282 videri,
564 1233 615 1268 nec
642 1233 674 1268 eo
692 1233 760 1286 ray
791 1216 849 1268 τῶν
872 1208 942 1280 ἐστὶ,
969 1210 1137 1286 Σάσπειρες]
1161 1219 1214 1271 Pro
1239 1214 1334 1273 αὐτῶν

196 1287 262 1349 lere,
280 1291 319 1350 ut,
340 1288 404 1353 quid
416 1288 477 1340 aliis
489 1289 556 1340 locis
573 1287 655 1338 simili
667 1304 740 1339 rnen-
791 1286 969 1351 Quatremdre
992 1287 1088 1354 (Mem.
1108 1289 1141 1339 de
1158 1289 1263 1342 l’Acad.
1286 1292 1334 1344 des

196 1373 274 1408 sturae
293 1357 374 1409 modo
391 1359 541 1422 iudicatur,
565 1357 629 1408 inde
652 1357 739 1408 deme·
789 1359 877 1411 Inscr.
902 1359 983 1421 XIX,
1012 1359 1035 1410 1.
1065 1374 1128 1424 pag.
1157 1357 1222 1423 441)
1252 1361 1335 1412 scribi

194 1429 295 1478 tiamur
312 1443 345 1478 ac
364 1427 534 1490 definiamus,
562 1443 639 1478 nemo
658 1444 739 1494 noga·
788 1428 848 1479 vult
864 1422 1015 1478 Σκυθέων.
1057 1429 1190 1495 Equidem
1209 1427 1244 1480 ad
1263 1421 1334 1480 udl-

195 1498 244 1549 bit.
280 1497 351 1549 Nam
370 1500 427 1564 ipse
439 1499 593 1550 Herodotus
609 1499 637 1547 in
655 1499 738 1549 hasce
788 1513 858 1563 χοος
875 1499 976 1550 referre
998 1497 1104 1564 malim,
1132 1505 1163 1550 ut
1186 1515 1255 1550 unus
1275 1505 1335 1550 tau-

194 1568 319 1632 regiones
330 1570 470 1634 pervenire
482 1585 536 1620 non
547 1569 643 1634 potuit.
658 1569 737 1620 Cous.
789 1573 845 1619 tum
869 1569 984 1634 populus
1011 1569 1115 1620 madius
1138 1573 1206 1622 inter
1229 1570 1334 1622 Colchos

195 1637 472 1690 Dahlmeun.Hcrod.
484 1656 546 1705 pag.
558 1639 590 1690 97
603 1643 661 1690 not.
680 1639 738 1688 Mo·
790 1646 814 1688 et
837 1639 949 1689 Mediam
969 1639 1128 1691 interiectus
1151 1641 1333 1693 existimetur.

196 1711 242 1758 net
263 1707 414 1776 Schweigh.
438 1710 510 1760 infra
534 1710 586 1772 IV,
607 1709 672 1769 101,
691 1709 738 1758 ubi
789 1707 821 1758 Iu
840 1708 957 1760 lectione
969 1701 1126 1774 Σάσπειρες
1144 1711 1206 1760 libri
1217 1727 1333 1762 consen-

196 1778 229 1828 de
259 1779 355 1830 iisdem
382 1795 469 1830 sermo
506 1785 548 1830 est
573 1778 739 1843 regionibus,
789 1779 874 1841 tiunt,
902 1779 989 1828 itaut
1014 1779 1079 1829 nihil
1102 1781 1139 1830 sit
1163 1781 1332 1833 mutandum.

195 1849 319 1900 diurnum
332 1849 384 1905 iter
399 1849 523 1900 ducentis
537 1847 634 1899 stadiis
647 1849 739 1913 aequi·
789 1848 875 1898 Paulo
894 1849 1006 1898 inferius
1025 1849 1052 1911 Ι,
1072 1850 1123 1900 110
1144 1849 1224 1900 huius
1243 1852 1332 1918 gentis

195 1920 295 1986 parari.
331 1919 404 1970 Hinc
426 1920 554 1985 quoniam
578 1917 625 1968 ille
648 1934 739 1969 nurne—
789 1923 889 1968 terram
908 1918 975 1968 dicit
997 1919 1077 1969 valde
1100 1924 1267 1983 montosam,
1296 1920 1334 1971 al-

195 2005 241 2038 rus
259 1989 373 2054 triginta
387 1989 490 2040 dierum
507 1991 579 2040 iusto
596 1988 682 2038 maior
699 1989 738 2038 vi·
789 1993 846 2038 tarn
873 1988 1002 2054 silvisque
1030 2005 1153 2054 opacam.
1195 1991 1232 2040 nt
1258 1991 1331 2042 conl.

196 2059 255 2109 deri
273 2059 371 2123 possit,
394 2061 555 2124 praesertim
573 2074 633 2108 oum
651 2059 684 2120 ⁴I,
704 2059 736 2109 72
789 2063 930 2123 praetcrea
956 2059 990 2108 de
1017 2059 1072 2110 situ
1104 2059 1183 2109 huius
1212 2061 1332 2112 nationis

198 2129 316 2194 quinque
338 2133 442 2180 tanturn
464 2131 568 2180 dierum
590 2129 642 2178 iter
663 2128 738 2180 dicat
789 2131 920 2180 Nostrum
938 2129 992 2190 111,
1011 2127 1054 2181 94.
1078 2129 1125 2192 IV,
1145 2128 1189 2181 37.
1207 2131 1277 2193 VII',
1298 2131 1332 2183 79

199 2197 323 2262 expedito
351 2199 409 2250 viro
443 2216 502 2251 eum
533 2204 651 2250 tractum
680 2214 738 2263 per·
788 2216 821 2250 ac
839 2199 916 2264 plura
935 2199 1110 2250 disserentem
1120 2200 1286 2252 Larcherum
1303 2201 1332 2252 in

198 2268 313 2331 meanti,
337 2271 382 2334 qui
406 2285 422 2320 a
446 2270 514 2321 mari
540 2269 737 2320 mediterraneo
788 2269 844 2320 tab.
868 2269 1051 2335 geographica
1079 2269 1158 2320 VIII.
1189 2287 1253 2338 pag.
1280 2272 1331 2324 482

197 2353 282 2403 usqua
310 2339 345 2388 ad
373 2339 489 2391 Pontum
522 2340 658 2390 Euxinum
689 2355 737 2404 por
788 2356 858 2405 seq,
882 2339 992 2390 Rennel.
1022 2339 1175 2406 Geograph.
1197 2341 1330 2394 Herodot.

196 2409 290 2459 Asiam
320 2409 448 2461 minorem
477 2409 579 2472 tendit,
610 2409 735 2475 Schwgh.
787 2427 813 2476 p.
834 2409 894 2461 503.
930 2409 998 2462 add.
1018 2409 1105 2460 Uhert
1122 2411 1219 2477 Geogr.
1239 2413 1266 2463 d.
1283 2411 1329 2464 Cr.

196 2478 364 2530 Herodotum
387 2480 431 2531 hic
447 2479 523 2548 loqui
545 2483 627 2546 neget
652 2479 685 2529 de
704 2495 737 2530 ea
786 2497 814 2532 u.
834 2481 911 2530 Rbm.
930 2480 1022 2544 111,2.
1042 2497 1105 2546 pag.
1120 2481 1180 2534 520.
1210 2482 1331 2544 Quorum
1354 2517 1356 2520 -

195 2549 341 2600 Maeotidis
359 2549 467 2616 paludis
485 2556 574 2616 parte,
594 2565 663 2616 quae
678 2529 737 2600 dol.
787 2551 1057 2615 edisputstionibus,
1074 2551 1234 2615 praesertim
1246 2552 1270 2601 si
1282 2551 1329 2602 ad-

195 2619 268 2669 chidi
285 2623 326 2670 est
343 2621 480 2686 proxima,
504 2636 598 2671 verum
615 2619 648 2670 de
666 2621 736 2670 ostio
789 2621 898 2683 leceris,
926 2637 995 2686 quae
1019 2622 1141 2672 Ritterus
1169 2622 1277 2670 notavit
1302 2622 1331 2670 in

194 2689 355 2752 Maeotidis,
380 2696 408 2741 ot
432 2691 539 2757 quidem
559 2691 593 2740 de
611 2689 738 2741 ulteriore
788 2691 935 2742 Erdlsnnde
951 2691 989 2742 11.
1009 2707 1071 2755 pag.
1087 2691 1148 2752 922,
1166 2689 1233 2741 illud
1249 2690 1332 2742 elfici-

196 2775 244 2810 oru
266 2759 339 2810 illius
363 2761 440 2823 ostii,
468 2762 514 2812 ubi
534 2759 737 2812 cimmeriorum
788 2765 846 2824 tur,
866 2762 989 2825 Saepirce
1006 2761 1146 2810 habitasse
1161 2760 1235 2811 ciras
1255 2777 1332 2826 supe·

196 2829 260 2880 olim
274 2831 350 2882 luero
366 2831 458 2892 sedes,
476 2830 548 2883 conf.
568 2831 616 2894 IV,
631 2831 661 2882 ll
678 2846 735 2896 seq.
788 2832 884 2882 riorom
906 2831 1006 2895 Cyrum
1028 2831 1139 2880 fluvium
1165 2829 1199 2879 iis
1222 2831 1278 2880 iere
1303 2831 1332 2880 in

789 2901 946 2965 regionibus
957 2899 1099 2964 Georgius,
1111 2899 1138 2948 in
1150 2899 1248 2963 quibus
1260 2914 1332 2950 nunc

791 2971 863 3036 Tillio
887 2970 941 3020 sita
962 2973 1015 3028 est,
1039 2983 1162 3034 quaeque
1185 2967 1332 3018 etiamnum

789 3044 924 3092 vocantur
951 3037 1174 3088 Protin-Kurtuel
1199 3041 1226 3087 et
1253 3036 1332 3102 plura

790 3110 932 3163 continent
949 3091 1025 3170 loca,
1045 3123 1157 3173 quorum
1170 3107 1281 3158 nomina
1292 3109 1332 3158 in-

790 3181 895 3246 cipiunt
912 3195 929 3228 a
947 3177 1053 3242 syllaba
1074 3177 1180 3238 ΤιιΙιίος
1200 3179 1270 3230 uude
1288 3194 1332 3230 ve-

790 3249 902 3300 risimile
926 3249 1033 3300 videtur
1058 3249 1176 3311 Rittero,
1206 3249 1331 3316 Saspires

790 3335 850 3372 esse
867 3319 975 3370 eosdem
999 3323 1082 3385 atque
1099 3319 1192 3370 Iberos
1216 3321 1332 3372 orienta-

231 2923 266 2982 οὗ
297 2925 405 2984 πολλὸν
437 2924 597 3002 ὑπερβῆναι
632 2925 660 2992 ἐς
686 2927 740 3000 τὴν

196 2995 347 3070 Μηδικὴν]
358 3005 400 3056 Ad
410 3009 575 3055 structuram
587 3004 640 3055 loci
652 3021 740 3071 gram-

196 3074 324 3124 maticam
350 3074 444 3140 supple
470 3066 541 3135 leel,
569 3090 616 3126 non
644 3079 740 3126 mltum

196 3141 247 3204 (sc.
256 3143 363 3194 itineris
374 3144 438 3210 est),
447 3146 641 3196 uanesceudere
649 3148 675 3196 in
683 3147 739 3196 ,ue-

194 3213 268 3264 diam.
292 3214 362 3264 Nam
376 3205 570 3282 desudatione,
585 3216 739 3281 trausqredi,

195 3283 322 3349 frequens
341 3285 374 3336 de
391 3286 544 3343 montibus,
563 3285 664 3336 fluviis.
696 3286 738 3334 De

195 3370 258 3418 ¹9⁸⁸
274 3369 334 3417 1111ι
359 3370 413 3420 (lm
434 3371 489 3406 ⁰⁰¹¹
507 3354 587 3406 ”²¹⁶⁰
609 3355 692 3420 ¹⁰¹¹3¹²
709 3370 738 3403 ¹¹¹
789 3391 843 3452 les,
868 3389 976 3440 nomine
994 3389 1052 3454 ipso
1070 3390 1133 3440 inde
1151 3390 1331 3454 conformato,

195 3424 315 3543 3⁶de
330 3441 345 3475 ⁰
358 3425 487 3476 0⁰¹⁰hid⁰
504 3425 737 3508 pm⁰¹¹i¹i.p⁰⁸.⁸⁰
790 3459 938 3524 dequibus
956 3464 1018 3524 post
1036 3459 1133 3511 Graeci
1156 3465 1197 3512 tot
1224 3460 1332 3512 fabulas

214 3511 240 3545 ¹⁰
258 3499 353 3546 mmm
370 3495 539 3558 H⁹r⁰d⁰tu⁸’
564 3497 740 3545 mmmmm
791 3530 925 3582 finxerint.
968 3529 1046 3580 Conl.
1068 3529 1232 3582 Billerbeck.
1256 3531 1332 3582 Dies.

196 3569 246 3615 ter·
272 3565 422 3616 Erdk¹1¹1d0
444 3566 481 3615 Π·
506 3581 533 3632 r·
557 3565 624 3628 9¹¹³
657 3563 740 3616 ΡΜ
791 3600 824 3650 se
851 3599 934 3651 saras
962 3599 1092 3654 naseos.
1121 3599 1237 3653 srrficiu.
1268 3617 1332 3667 pag.

197 3636 739 3770 sazauuuuurrmill:
792 3668 1332 3806 uusutuusurus

196 3775 225 3824 ³¹¹
244 3775 343 3840 cyrum
362 3776 472 3826 fimum
498 3791 531 3825 ⁰¹
554 3775 622 3825 mari
641 3775 740 3840 cmm
792 3809 870 3864 Juill.
888 3826 950 3876 pag.
970 3809 986 3860 8
1008 3813 1034 3860 et
1053 3810 1126 3861 conf.
1149 3827 1219 3876 quae
1242 3811 1333 3862 obser-

792 3877 1331 4018 ususurru?ullu·

196 3985 314 4036 Pontum
333 3985 430 4036 devehi
447 4001 528 4050 posse
545 3986 649 4036 scribit.
682 3985 741 4046 Quo

197 4055 225 4104 in
243 4055 343 4107 itinere
361 4071 379 4106 a
392 4056 477 4106 Phasi
494 4071 580 4121 usque
593 4055 629 4106 ad
642 4055 759 4120 Cyrum
828 4051 913 4102 τοῦτο
936 4047 968 4102 dl
990 4051 1270 4120 παραμειβομένοισι,
1293 4049 1333 4106 εἶ-

199 4126 323 4176 curribus
353 4141 386 4176 ec
414 4125 544 4191 plaustris
575 4127 610 4177 ad
640 4140 742 4176 merces
794 4137 842 4173 ναι
859 4113 889 4173 ἐν
905 4122 941 4189 τῇ
959 4120 1092 4190 Μηδικῇ]
1111 4123 1154 4176 Ad
1170 4125 1333 4176 infinitivum

199 4193 337 4247 vehendas
359 4201 468 4248 veteres
491 4211 555 4247 usos
585 4211 644 4248 esse
672 4195 742 4246 idem
792 4186 865 4244 εἶναι
884 4193 1010 4259 supplent
1026 4187 1129 4258 ἔξεστι,
1151 4195 1223 4259 quod
1242 4196 1333 4260 aptius

200 4271 293 4316 mouet
314 4265 437 4317 Ritterus
464 4267 581 4331 indeque
610 4267 743 4332 insignem
793 4265 915 4326 videtur,
939 4279 1020 4330 quam
1039 4263 1062 4313 si
1077 4259 1188 4329 λέγουσι
1205 4266 1333 4315 omissum

200 4337 300 4401 repetit
328 4337 487 4388 Bactrorum
523 4343 550 4387 et
582 4335 742 4388 Colchorum
793 4338 908 4386 statuas.
950 4334 1072 4398 Namque
1092 4332 1256 4384 infinitivum
1279 4349 1333 4398 quo

199 4410 395 4472 maalmam,
425 4421 496 4477 quae
520 4407 582 4476 ipsa
607 4405 642 4458 ad
667 4405 743 4459 illius
793 4405 880 4458 minue
913 4417 946 4455 ex
975 4403 1075 4456 omissa
1102 4403 1238 4478 particula
1263 4393 1334 4460 ὥστε
