3058 4928
508 285 756 346 EU'PERPE.
779 287 820 346 II.
843 291 887 350 74.
910 295 954 350 75.
1235 279 1298 345 593

161 462 198 531 sl
220 457 454 549 ἀποπειρηθῇ,
477 455 566 528 οὕτω
588 457 629 548 δή
651 458 853 548 κοιλήναντα
873 458 910 530 ad
936 456 1020 546 άόν,
1044 456 1105 529 τὸν
1123 459 1250 548 πατέρα
1265 462 1299 540 ἐς

118 580 168 634 138
175 562 257 634 αὐτὸ
278 565 466 648 ἐντιθέναι,
490 562 621 653 σμύρνῃ
637 562 673 630 dl
687 560 771 651 άλλη
786 567 991 652 ἐμπλάσσειν
1004 567 1123 649 τοῦτο,
1147 559 1217 631 κατ’
1232 558 1297 632 ὅτι
1322 619 1324 624 .

157 673 218 737 τοῦ
238 663 308 736 odori
330 665 526 756 ἐγκοιλήνας
547 667 689 754 ἐνέθηκε
709 664 769 736 τὸν
790 671 929 758 πατέρα·
960 669 1156 756 ἐσκειμένου
1178 667 1215 736 dd
1235 671 1296 734 τοῦ

159 767 300 860 πατρὸς,
323 777 481 866 γίνεσθαι
502 765 610 838 τώυτὸ
630 769 747 859 βάρος·
776 770 989 858 ἐμπλάσαντα
1013 770 1051 840 δὲ
1072 777 1220 859 κομίζειν
1236 797 1296 858 μιν

158 872 212 945 ἐπ’
230 873 408 962 Αἰγύπτου
426 877 459 954 ἐς
479 878 539 942 τοῦ
555 868 671 942 Ἡλίου
693 870 732 942 τὸ
755 872 839 964 ἱράν.
892 877 997 944 ταῦτα
1019 873 1082 962 μὲν
1096 878 1217 943 τοῦτον
1237 870 1297 943 τὸν

160 975 256 1068 ὄρνιν
272 982 408 1065 λέγουσι
427 979 565 1048 ποιέειν.

237 1083 314 1151 Εἰσὶ
329 1081 367 1151 δὲ
380 1083 458 1170 περὶ
471 1080 585 1170 Θήβας
599 1079 664 1168 spol
678 1073 791 1166 ὄφιες,
810 1073 1007 1167 deep-aea
1020 1073 1176 1164 οὐδαμοῖς
1190 1075 1292 1165 δηλή-
1301 1088 1342 1148 74

159 1207 274 1274 μονες·
303 1193 338 1254 οἳ
350 1184 496 1272 μεγάθεϊ
515 1182 626 1262 ἐόντες
647 1182 761 1271 μικροὶ
783 1179 846 1250 δύο
866 1183 967 1280 ιρέρεα
981 1181 1158 1268 φορέουσι,
1183 1206 1294 1268 πεφυ-

159 1288 240 1358 κότα
261 1290 294 1371 ἐξ
313 1287 416 1378 ἄκρης
436 1291 493 1376 τῆς
520 1289 685 1374 κεφαλῆς,
708 1281 787 1364 τούς
808 1283 976 1353 θάπτουσι
1003 1279 1238 1362 άποθανόντας
1258 1284 1296 1351 ἐν

156 1397 203 1485 τῷ
218 1397 279 1484 ἱρῷ
292 1397 352 1462 τοῦ
365 1390 463 1470 Διός·
486 1390 608 1460 τούτου
623 1387 687 1478 γάρ
701 1407 806 1477 σφεας
819 1393 880 1456 τοῦ
893 1391 980 1456 θεοῦ
989 1388 1072 1474 pasl
1088 1383 1175 1454 eleas
1192 1383 1294 1475 ίροάς.

148 1493 242 1564 ’Ἐστι
263 1495 300 1566 δὲ
319 1500 427 1584 χοῖρος
445 1497 503 1583 τῆς
518 1490 673 1582 Ἀραβίης
696 1487 779 1560 κατά
798 1495 952 1560 Βουτοῦν
973 1489 1074 1560 πόλιν
1089 1488 1232 1577 μάλιστά
1252 1515 1294 1578 ιιη
1302 1494 1342 1554 75

159 1711 206 1761 pro
224 1697 298 1763 rnlg.
318 1686 422 1746 καθότι
441 1711 503 1746 anm
521 1699 636 1746 reeentt.
656 1693 701 1744 de·
752 1697 892 1744 asseverat
920 1693 949 1741 iu
969 1691 1123 1742 Thebarum
1148 1690 1297 1758 neoropoll.

159 1767 246 1816 dimus
269 1757 333 1815 κατ’
355 1755 372 1815 ὅ
394 1781 429 1815 τι.
471 1765 574 1816 Probat
601 1764 701 1814 Strure
751 1763 856 1814 Nomen
879 1762 952 1827 apud
974 1762 1092 1812 Arabes:
1117 1762 1176 1827 Hyr
1191 1762 1227 1812 bil
1243 1761 1298 1812 Ko-

160 1837 272 1898 Qnaost.
288 1835 322 1886 de
339 1833 404 1888 dial.
420 1834 524 1886 Herod.
543 1834 566 1884 I.
580 1849 644 1900 pag.
656 1835 700 1885 47.
751 1833 823 1896 roan,
830 1832 902 1897 apud
909 1832 1059 1882 hinnaoam
1070 1833 1160 1894 vipera
1168 1831 1299 1882 acalaber

751 1909 873 1953 cerastes.
919 1900 1028 1952 Similes
1058 1904 1198 1965 serpentes
1224 1915 1298 1952 sera-

752 1977 809 2022 stes
829 1971 857 2020 in
869 1970 959 2035 Libya
970 1972 1071 2022 Noster
1082 1970 1161 2020 affert
1173 1971 1222 2034 1v,
1237 1969 1296 2021 192.

752 2069 785 2078 -
803 2040 845 2091 hd
862 2039 1026 2091 locationem
1044 2032 1166 2105 μεγάθεϊ
1182 2034 1297 2104 σμιιιρολ

195 2103 261 2158 Εἰσὶ
279 2101 310 2158 dl
327 2103 392 2172 περὶ
410 2100 507 2174 Θήβας
529 2101 587 2172 ἱροὶ
610 2097 703 2171 ὄφιες,
755 2111 827 2161 sont.
848 2110 871 2172 Ι,
889 2111 933 2161 51.

157 2170 325 2242 ἀνθρώπων
363 2168 496 2242 οὐδαμοῖς
532 2168 703 2242 δηλήμονες]
788 2167 1297 2243 rodeddmrovosshrolluvdvrar]Ite

159 2248 201 2298 hd
213 2253 401 2314 argumentum
414 2247 469 2298 loei
482 2247 586 2298 saoiunt
595 2246 703 2296 Aeliani
754 2249 940 2300 eFlorentino
959 2263 1019 2298 oum
1031 2247 1119 2300 (laist.
1131 2247 1205 2298 edidi
1218 2246 1295 2310 haee,

158 2318 212 2369 looi
240 2318 274 2370 N,
302 2319 335 2368 A.
360 2318 416 2380 XI,
441 2317 472 2366 17
501 2322 528 2367 et
555 2316 649 2378 XVII,
675 2317 702 2367 5.
754 2334 823 2384 quae
850 2317 932 2382 vulgo
961 2317 1089 2384 leguntur
1118 2318 1226 2367 inverso
1256 2332 1298 2367 or·

158 2388 328 2438 Pertinnisse
356 2387 482 2438 ridentur
508 2387 536 2436 hi
562 2390 702 2450 serpentes
754 2389 828 2438 dine:
847 2379 914 2444 τοὺς
924 2377 1130 2444 ἀποθανόντας
1141 2377 1296 2436 θάπτουσι.

159 2457 193 2507 ad
207 2457 337 2516 Cerastae,
350 2456 383 2507 ds
398 2457 496 2522 quibus
509 2455 645 2506 Diodorus
660 2469 701 2504 re·
754 2458 828 2508 Satis
845 2461 935 2506 autem
955 2461 1077 2519 constat,
1096 2471 1151 2506 non
1169 2455 1256 2506 solnm
1268 2456 1296 2506 in

158 2527 212 2577 lert
229 2527 285 2589 111,
305 2526 353 2588 49,
373 2526 419 2576 ubi
437 2526 510 2577 conf.
527 2523 702 2588 wesseling„
753 2526 916 2592 anaglyphis
939 2526 1081 2591 Aegyptiis
1103 2526 1216 2591 reperiri
1242 2540 1298 2575 ser·

157 2612 227 2662 quae
244 2603 335 2647 tamen
350 2596 456 2648 hestiae
475 2611 535 2645 oum
551 2599 703 2644 venenatae
754 2602 848 2662 pentes
861 2600 1091 2660 repraesentatos,
1110 2594 1296 2646 verumetiam

159 2668 228 2728 sint,
247 2667 299 2716 hoo
317 2666 406 2716 minus
419 2664 454 2716 ad
467 2663 600 2715 Herodoti
617 2663 702 2714 verba
753 2665 813 2731 ipsa
840 2665 975 2716 sedavere
1001 2665 1138 2715 medicata
1164 2665 1191 2714 in
1214 2663 1299 2728 hypo·

157 2737 291 2802 quadrare
311 2740 434 2799 apparet.
473 2735 534 2795 Qua
555 2733 650 2783 eadem
670 2748 702 2782 ex
754 2737 829 2802 gaeis
849 2741 877 2785 et
894 2735 998 2800 oryptis
1022 2731 1107 2796 (cont.
1127 2749 1197 2797 qnae
1215 2747 1298 2797 supra

157 2821 241 2858 eausa
257 2805 293 2854 ad
310 2805 407 2868 Najas,
427 2819 495 2869 quae
514 2803 654 2864 dicuntur,
673 2801 703 2850 hi
753 2805 925 2855 laudavimus
943 2803 978 2853 ad
997 2803 1035 2864 11,
1053 2802 1101 2866 67)
1121 2807 1238 2852 exstare.

158 2879 298 2940 serpentes
316 2874 411 2922 reterri
429 2877 575 2936 nequeunt.
601 2871 702 2922 Confer
788 2866 891 2923 τοάτου
910 2866 962 2937 γάρ
980 2898 1015 2908 -
1033 2863 1107 2920 εἶναι
1125 2863 1217 2934 ἱρούς]
1237 2870 1298 2920 Ser·

157 2945 307 3008 Boettiger.
326 2943 354 2991 in
373 2942 492 2992 Amalth.
514 2941 553 2991 11.
572 2955 635 3006 pag.
651 2940 701 2992 188
753 2959 819 3009 pens
832 2943 970 2994 veteribus
985 2940 1127 3005 Aegyptiis
1142 2944 1173 2989 ut
1187 2939 1296 2988 omnino

158 3028 216 3076 seq.
234 3013 262 3061 in
280 3015 339 3061 not.
382 3011 414 3060 In
433 3009 595 3074 anaglyphis
613 3010 702 3074 Aegy·
753 3011 981 3072 immortalitatis,
1010 3011 1050 3059 ita
1081 3009 1156 3059 loris
1188 3007 1297 3071 potissi-

158 3080 293 3146 ptiis.hos
318 3085 458 3144 serpentes
483 3079 588 3128 duobus
615 3079 702 3128 corni-
752 3099 824 3133 mnm
836 3082 967 3132 Thebaici
984 3079 1135 3144 symbolum
1155 3076 1295 3141 eidemque

157 3151 208 3200 bus
226 3151 347 3215 insignes
366 3149 503 3214 conspici,
529 3147 651 3198 intellexi
669 3163 702 3198 ex
753 3157 941 3204 consecratum
960 3147 1068 3199 animal.
1100 3145 1208 3197 ludioat
1226 3146 1297 3196 enim

157 3218 285 3270 Minutoli
302 3220 384 3270 Reise
403 3223 456 3270 eto.
476 3233 539 3284 pag.
560 3217 620 3270 387.
644 3218 702 3268 Νοο
753 3237 851 3272 numen
870 3237 900 3272 se
914 3220 1002 3285 ipsam
1021 3217 1100 3283 qnasi
1112 3215 1235 3266 revelans
1248 3230 1297 3280 per

157 3294 248 3339 tamen
267 3303 352 3354 genus
371 3293 419 3338 aut
437 3289 554 3353 speeiem
567 3287 701 3338 bestiolae
753 3297 890 3356 tempora,
908 3295 1068 3353 tempusque
1079 3286 1141 3336 inde
1157 3291 1296 3336 aeternnm

157 3359 312 3409 accuratius
331 3357 435 3408 definiri
451 3374 546 3422 posse,
564 3358 701 3422 persuasit
752 3366 779 3412 et
806 3375 876 3426 quae
904 3359 957 3408 alia
985 3371 1046 3407 oum
1073 3355 1125 3406 hoe
1152 3356 1298 3406 eoninneta

158 3427 222 3477 mihi
239 3427 398 3479 Reinhardt.
415 3425 433 3477 l.
452 3427 471 3477 1.
489 3443 552 3493 pag.
572 3427 614 3478 30.
636 3427 701 3476 Wil-
752 3435 825 3482 sunt.
871 3428 914 3480 cf.
936 3428 1030 3478 Graue.
1056 3426 1084 3474 in
1108 3424 1229 3490 Symbol.
1256 3423 1295 3474 11.

156 3497 265 3549 kinson.
282 3495 483 3562 (Mannerseto.
496 3513 550 3547 seo.
567 3512 619 3547 ser.
635 3498 698 3560 Lp.
752 3515 814 3566 pag.
828 3501 879 3549 225
898 3512 975 3563 seqq.
1011 3494 1087 3546 aad,
1101 3494 1217 3544 Bohlsn:
1238 3495 1296 3543 Das

156 3568 217 3620 248.
232 3567 270 3619 11.
284 3583 310 3632 p.
323 3567 374 3617 248
387 3564 472 3632 seq),
487 3567 533 3632 qni
545 3567 603 3630 ipse
617 3581 701 3630 prope
751 3568 807 3619 alte
824 3569 921 3618 Iudien
945 3566 968 3616 1.
993 3580 1057 3629 pag.
1079 3563 1130 3616 190
1152 3578 1225 3627 seq,
1249 3563 1296 3626 qui

155 3639 260 3704 Feyum
279 3641 306 3686 et
325 3637 352 3686 in
371 3635 460 3686 insula
477 3636 553 3686 laous
571 3635 700 3686 Moeridis
751 3638 822 3688 hane
849 3640 1005 3701 serpentum
1027 3633 1231 3683 venerationem
1259 3630 1295 3680 ad

157 3707 239 3760 talem
263 3711 416 3772 serpentem
434 3706 516 3768 vidit,
545 3705 700 3769 frequentes
752 3706 879 3758 Indorum
892 3703 1099 3771 superstitiones
1111 3704 1231 3752 revocat.
1245 3699 1296 3750 he·

156 3777 267 3842 reperiri
286 3776 394 3826 eosdem
413 3776 452 3825 sit
468 3791 516 3840 per
535 3773 700 3839 superiorem
751 3771 906 3842 gyptioruin
925 3774 975 3824 deo
992 3771 1088 3836 Kueph
1101 3769 1202 3820 Thebis
1220 3767 1296 3820 aliis·

156 3848 323 3912 Aegyptum,
342 3845 430 3896 rarius
448 3846 477 3894 in
488 3844 645 3908 regionibus
661 3843 701 3892 in·
751 3861 804 3911 que
820 3845 888 3896 loeis
906 3843 979 3894 eulto
994 3845 1133 3905 serpentes
1149 3839 1236 3889 fuisse
1252 3853 1296 3888 sa·
1370 3851 1372 3856 ·

156 3915 316 3982 tenoribus,
347 3915 395 3966 sed
419 3914 563 3965 admodum
587 3913 699 3962 nooiros
751 3909 1081 3977 aroertatuitseyffarth:
1100 3909 1293 3973 Beitritgeoto.

157 3988 184 4034 et
201 3983 367 4050 periculosos
386 3999 445 4035 osse
464 3983 541 4033 addit
559 3980 640 4043 adeo,
669 3985 700 4031 ut
750 3985 789 4038 11.
808 3998 871 4049 pag.
891 3982 951 4034 103.

157 4068 249 4104 eorum
261 4069 367 4104 morsus
376 4057 489 4104 mortem
499 4051 604 4102 afferat.
621 4049 699 4113 Quod

156 4123 325 4174 Herodotum
343 4122 567 4186 haudexpertnm
585 4135 645 4170 esse
662 4120 702 4168 vi·
929 4153 985 4202 cn,
1013 4151 1113 4201 LXXV

157 4190 214 4240 deri
232 4192 350 4242 laetatur
369 4191 411 4240 vir
429 4190 542 4252 doetus,
561 4204 621 4240 oum
639 4189 702 4239 illos
988 4189 994 4202 '
1115 4186 1122 4201 ⁸

157 4251 289 4324 οὐδαμοῖς
311 4251 474 4324 ὃηλήμονας
493 4259 605 4310 diceret.
642 4259 702 4308 hlu-
785 4246 856 4306 κατὰ
871 4253 1001 4306 Βουτοῦν
1018 4245 1112 4318 πόλιν]
1133 4253 1213 4304 Batos
1229 4251 1295 4302 urbs

156 4328 225 4378 miae
251 4328 330 4378 huius
359 4329 464 4380 bestiae
492 4327 605 4394 reperiri
629 4325 699 4377 idem
752 4324 806 4376 alia
820 4325 865 4375 hie
881 4327 924 4376 est
939 4327 1021 4390 atque
1037 4321 1099 4382 ilie,
1128 4321 1204 4372 onius
1222 4334 1294 4372 men-

202 4429 369 4470 umronor.
394 4429 416 4468 1.
1064 4402 1103 4466 38

326 2007 391 2056 Gar.
410 2005 533 2056 LXXIV.
