3008 4924
226 251 287 311 772
654 242 923 304 IIERODOTI

226 421 437 512 ἁρμοσμένου
451 417 490 488 τὰ
504 417 656 509 μάλιστα.
691 422 749 506 τῆς
763 417 800 486 dt
822 423 945 504 γωνίης
963 420 1187 496 τελευτῶντος
1204 420 1265 484 τοῦ
1283 423 1343 484 λα·
1354 429 1410 484 177

226 534 397 616 βυρίυθου
419 530 524 612 ἔχεται
547 523 693 612 πυραμὶς
711 517 1085 609 τεσσερακοντόργυιος,
1109 523 1146 590 ἐν
1161 525 1201 608 τῇ
1217 524 1284 602 ζῶα
1297 546 1360 607 με·

227 630 311 717 γάλα
328 631 564 715 ἐγγέγλυπται·
585 621 662 704 ὁδὸς
676 622 708 693 d'
726 627 759 704 ἐς
774 621 881 712 αὐτὴν
894 618 960 692 ὑπὸ
974 629 1037 712 γῆν
1053 631 1241 711 πεποίηται.

162 729 218 791 149
302 737 368 800 Τοῦ
377 732 412 800 dt
422 727 763 820 λαβυρίνθουτούτου
775 726 886 806 ἐόντος
896 727 1194 816 toreumatum
1203 733 1251 795 ἔτι
1261 728 1363 815 μέζον

227 838 403 924 παρέχεται
419 830 439 924 ἡ
455 841 598 922 Μοίριος
619 834 803 920 καλεομένη
824 838 940 919 λίμνη,
963 827 1041 920 παρ’
1059 826 1102 918 ἣν
1117 825 1136 898 ὁ
1151 829 1363 918 λαβύρινθος

228 1033 328 1092 στυλος
351 1033 421 1084 (leil.
449 1033 476 1081 in
499 1029 581 1083 Mem.
604 1031 637 1080 de
657 1030 769 1081 l'Instit.
820 1023 1200 1096 τόργνιος(1.ε.246ρετ1ι1.)
1220 1031 1366 1097 designare

227 1105 307 1156 VIII.
332 1119 395 1169 pag.
424 1102 470 1154 102
499 1117 571 1167 seq,
600 1115 695 1166 qnam,
723 1100 770 1150 ubi
821 1101 949 1164 voluerit,
972 1101 1052 1152 valdo
1070 1102 1288 1152 recederenemo
1308 1119 1367 1152 non

229 1167 301 1239 αὐλὴ
318 1173 361 1222 vel
375 1173 483 1222 adiecta
501 1177 557 1234 ost,
583 1171 625 1220 vel
643 1168 770 1234 intelligi·
821 1173 910 1235 videt,
929 1176 960 1220 nt
974 1171 1043 1220 adeo
1061 1171 1248 1222 confusionem
1266 1171 1310 1222 uie
1324 1172 1366 1221 fa-

230 1249 282 1306 tur,
297 1244 503 1307 interpretatur:
524 1256 621 1304 „eour,
641 1239 708 1288 dans
724 1237 770 1289 16-
821 1247 893 1291 otarn
913 1240 998 1290 videri
1015 1246 1119 1290 statuat
1134 1242 1241 1292 Iacobs.
1261 1241 1294 1291 de
1308 1243 1365 1291 Ile·

229 1313 329 1364 tendue
349 1312 382 1362 de
400 1310 516 1376 laquelle
540 1311 558 1359 il
582 1327 600 1374 y
623 1325 639 1358 a
659 1309 705 1358 des
726 1325 770 1358 co·
822 1312 1035 1364 rodot.mensur.
1044 1327 1070 1375 p.
1080 1311 1123 1361 32.
1140 1311 1367 1376 Equidemaocu-

228 1383 357 1434 lennes.“
397 1380 580 1444 Intelligeuda
607 1379 690 1444 igitur
719 1380 771 1428 erit
821 1381 924 1430 ratiora
933 1380 966 1430 de
976 1380 1018 1430 his
1031 1387 1167 1445 exspecto.
1182 1380 1214 1430 ld
1225 1397 1307 1432 unum
1318 1381 1367 1431 ad-

228 1451 292 1502 aula
307 1451 447 1516 peristylio
459 1449 625 1500 circumdata
641 1449 700 1498 sive
712 1464 771 1514 por·
821 1451 921 1512 iiciam,
940 1450 1013 1515 quod
1025 1451 1123 1500 asserit
1133 1451 1248 1516 Lepsios
1260 1453 1367 1516 (BrieIe

229 1523 295 1572 ticu.
821 1525 874 1570 eto.
894 1537 920 1584 p.
938 1519 999 1583 11),
1024 1520 1143 1570 nondum
1159 1521 1266 1586 quidem
1284 1537 1367 1586 pyra-

263 1587 313 1654 τῆς
334 1583 366 1638 di
390 1587 546 1653 γωνίης-
564 1580 689 1651 πυραμίς
711 1598 771 1634 τεο·
822 1589 900 1639 midis
928 1589 1013 1653 ipsius
1038 1590 1179 1640 introItum
1207 1607 1267 1641 esse
1290 1591 1368 1640 dcto·

230 1649 490 1724 σερακοντόργυιος]
510 1656 592 1706 Haud
610 1657 669 1705 sine
688 1670 771 1705 eausa
822 1666 909 1722 otum,
929 1659 1018 1709 sedin
1037 1659 1107 1709 cella
1119 1669 1183 1710 anto
1195 1661 1366 1726 pyramidem

229 1729 313 1780 verba
328 1726 379 1792 τῆς
396 1727 501 1792 γωνίης
521 1725 770 1792 Schweighaeuseri
821 1729 913 1794 posita
933 1744 963 1778 se
987 1729 1044 1778 eius
1062 1730 1148 1794 regis,
1174 1733 1221 1795 qui
1243 1730 1366 1794 tabynn-

229 1799 409 1863 suspicionem
431 1813 538 1847 movero
554 1797 690 1846 videntur.
728 1795 771 1844 Tu
821 1799 897 1848 thum
914 1800 1091 1860 exstruxerit,
1110 1815 1207 1849 nomen
1224 1799 1367 1860 (Antenora-

230 1869 302 1919 conf.
317 1867 393 1930 Ι,51.
412 1869 502 1932 Atque
514 1869 661 1919 auctorest
671 1864 769 1916 Strabo
821 1868 864 1933 lio)
892 1873 1032 1917 exaratum
1059 1869 1210 1933 invenisse,
1237 1876 1267 1920 ut
1293 1869 1365 1920 idem

230 1938 333 2002 (XVII.
352 1953 379 2001 p.
391 1937 474 1987 8th
493 1952 516 1987 s.
537 1936 603 1987 1165
616 1936 662 2002 C),
682 1935 711 1984 in
727 1949 770 1984 ex·
821 1938 888 1988 adeo
913 1953 959 1988 rex
977 1938 1144 2002 pyramidem
1167 1939 1237 1988 hano
1259 1945 1366 1989 exstru-

229 2009 366 2058 tromitate
388 2006 535 2070 labyrinthi
558 1998 703 2070 (ἐπιτέλει
721 2001 771 2068 τῆς
821 2009 893 2057 xisse
911 2007 1046 2072 putandus
1065 2009 1110 2057 sit.
1143 2009 1196 2058 Sed
1214 2009 1248 2058 da
1267 2009 1318 2059 hac
1335 2025 1365 2059 re

230 2073 397 2139 οίιτοὸομιάς
407 2068 522 2141 ταύτης)
531 2075 697 2140 pyramidem
711 2089 770 2124 esso
821 2076 876 2126 vid.
898 2091 965 2141 quae
985 2078 1011 2126 in
1030 2079 1153 2127 Excursu
1172 2077 1298 2129 diximus.

229 2147 347 2210 positam
362 2144 586 2211 quadrangulum,
604 2145 681 2194 cuius
699 2142 771 2192 latus
854 2143 910 2205 ζώα
927 2139 1040 2212 μεγαλα]
1059 2144 1125 2206 {oia
1143 2163 1212 2212 quae
1226 2149 1365 2210 dicantur,

230 2217 355 2282 quodque
368 2215 625 2280 quadringentorum
639 2213 771 2262 ferment
821 2215 877 2266 vid.
896 2221 965 2266 nott.
984 2217 1072 2279 ad11,
1092 2220 1118 2267 4.

229 2284 328 2349 pedum
345 2285 476 2349 cuiusque
494 2298 543 2348 per
560 2281 687 2332 altitudo.
717 2279 772 2332 Ubi
966 2281 973 2295 '

230 2355 265 2402 ab
281 2354 421 2404 Herodoto
440 2352 580 2416 dissentit,
605 2351 650 2416 qui
673 2351 771 2400 ducen·
988 2388 1008 2438 C
1075 2388 1187 2440 CXLIX

230 2429 273 2471 tos
297 2422 479 2488 quadraginta
501 2423 584 2486 pedes
610 2419 650 2469 illi
675 2420 773 2468 tribuit
1009 2402 1054 2440 Μ’·
1190 2425 1196 2439 ·

230 2491 373 2554 pyramidi,
395 2489 596 2555 quumeandam
611 2489 772 2539 viderisori-
856 2489 1005 2556 παρέχεται
1021 2480 1038 2556 ἡ
1057 2489 1184 2554 Μοίριος
1207 2487 1365 2553 καλεομένη

230 2561 271 2608 bit
288 2560 379 2624 Zocga
397 2560 430 2609 de
449 2559 575 2609 obelisco.
593 2575 621 2624 p.
637 2557 696 2609 366.
713 2563 769 2608 not.
821 2557 917 2625 λίμνη]
943 2561 1013 2610 Aliis
1031 2561 1209 2625 scriptoribus
1227 2563 1269 2608 cst
1287 2557 1365 2608 Μοί-

231 2631 273 2690 21,
292 2643 361 2693 quae
371 2644 388 2677 a
400 2629 489 2680 Plinio
502 2630 537 2680 Η.
551 2630 585 2679 N.
596 2628 724 2690 XXXVI,
739 2628 770 2678 12
822 2627 901 2694 ριδος
920 2630 1013 2694 λίμνη,
1035 2630 1158 2680 Moeridis
1171 2629 1269 2694 (prisci
1287 2627 1364 2678 illius

230 2703 451 2749 commemoretur
472 2699 501 2747 iu
522 2713 603 2748 nomo
624 2697 770 2748 Arsinoite.
821 2700 909 2766 regis,
937 2700 983 2764 qui
1011 2700 1098 2750 lecum
1128 2697 1256 2762 effecerit)
1282 2701 1363 2748 lacus.

229 2769 386 2819 EtIamnum
404 2773 513 2818 servata
531 2773 621 2818 exstat
639 2767 707 2817 hsce
725 2783 772 2832 py-
821 2771 896 2820 Inter
913 2775 1019 2820 veteres
1042 2770 1186 2834 praecipue
1204 2767 1366 2818 consulendi

231 2840 321 2901 ramis,
339 2837 470 2888 lateribus
483 2844 642 2888 constructa
656 2837 713 2888 sole
727 2853 772 2888 co·
821 2845 884 2890 sunt
902 2839 1001 2890 Strabo
1019 2839 1108 2889 XVII.
1130 2855 1157 2904 p.
1176 2837 1228 2890 809
1252 2855 1274 2887 s.
1295 2837 1367 2888 1163

231 2911 282 2958 otis
302 2907 349 2973 (of.
364 2908 401 2970 II,
422 2907 495 2972 136),
515 2907 698 2972 superioribus
710 2923 771 2971 par·
821 2925 877 2976 seq.
897 2909 1033 2958 Diodorus
1052 2909 1079 2970 I,
1097 2910 1131 2958 52
1149 2907 1212 2958 coll.
1232 2909 1365 2972 Pompou.

179 3019 189 3036 ,
230 2979 304 3028 tibus
330 2993 401 3027 nunc
423 2977 501 3027 valde
522 2977 598 3028 laesa
625 2981 652 3026 et
674 2976 772 3042 lapidi·
821 2979 884 3029 Mel.
904 2978 926 3040 I,
945 2978 970 3029 9.
989 2978 1059 3028 Plin.
1076 2979 1111 3028 H.
1124 2979 1158 3029 N.
1171 2977 1248 3039 v,u;
1268 2984 1368 3026 nostra

230 3049 295 3110 bus,
314 3048 411 3113 quibus
430 3047 493 3097 olim
512 3049 679 3098 extrinsecus
698 3053 771 3096 tecta
821 3053 912 3098 aetate
945 3048 1062 3098 omnium
1091 3047 1296 3098 accuratissime
1331 3047 1367 3096 de

231 3117 290 3178 tuit,
308 3118 430 3181 privata3
445 3117 490 3166 vix
502 3117 580 3167 nnius
592 3115 698 3183 Anglioi
713 3116 772 3166 mil·
822 3118 883 3168 lacu
902 3117 1051 3182 disputavit
1067 3117 1184 3169 Iomsrd.
1198 3119 1238 3166 in:
1259 3114 1366 3178 „Mem

230 3185 302 3234 llarii
326 3193 353 3235 et
376 3185 447 3250 quod
475 3187 593 3236 excurrit
616 3187 705 3252 spatio
730 3201 771 3236 re·
822 3203 868 3236 sur
892 3185 916 3236 le
939 3187 981 3236 lao
1007 3186 1040 3236 de
1058 3187 1158 3237 Moeris
1183 3183 1308 3250 compuro'
1329 3203 1368 3236 au

231 3260 306 3304 mota
322 3261 364 3304 est
381 3255 467 3304 avico
485 3256 597 3305 Honora
615 3273 664 3307 neo
677 3253 772 3322 procul
821 3257 864 3307 Iao
882 3256 1067 3321 dol¹ayoum“
1085 3257 1220 3322 Descript.
1239 3255 1272 3305 de
1290 3255 1367 3322 rag.

231 3323 316 3374 distat
336 3325 458 3374 aeanali
475 3324 523 3375 illo
540 3327 707 3387 sivefluvio,
727 3324 772 3375 cui
821 3327 931 3391 Autiqq.
955 3326 1016 3376 livr.
1042 3327 1064 3376 I.
1089 3343 1116 3390 p.
1137 3327 1171 3377 79
1194 3341 1269 3390 seqq.
1298 3325 1366 3376 coll.

230 3407 302 3442 nuno
320 3408 417 3443 nornen
431 3394 505 3442 Balu
520 3393 576 3444 deta
593 3412 645 3454 νιο,
665 3401 772 3460 septen·
823 3395 883 3446 livr.
897 3396 951 3446 III.
972 3396 1004 3460 (t.
1024 3395 1074 3460 11.)
1094 3396 1172 3460 chop.
1184 3393 1273 3445 XVII.
1294 3401 1366 3446 sect.

230 3461 348 3512 trionale
371 3462 520 3527 labyrinthi
543 3463 615 3514 latus
642 3469 771 3529 tongeno
821 3465 874 3516 111.
890 3482 916 3530 p.
933 3465 971 3516 II.
990 3464 1014 3527 ξ.
1029 3466 1052 3515 1.
1071 3481 1134 3531 pag.
1146 3467 1179 3515 27
1198 3480 1254 3529 seq.
1292 3465 1366 3516 Ado.

231 3531 264 3582 de
283 3548 336 3598 qua
354 3537 416 3597 post
429 3533 521 3582 Gallos
540 3535 612 3584 viros
626 3533 721 3584 doctos
741 3533 770 3596 (l.
821 3535 957 3586 Mannert.
978 3535 1075 3600 Googr.
1096 3535 1143 3585 der
1161 3535 1208 3585 Gr.
1225 3551 1253 3584 u.
1267 3535 1364 3584 Roem.

231 3603 250 3653 l.
270 3619 332 3668 pag.
351 3603 395 3668 25)
422 3606 449 3650 et
466 3602 563 3652 Ritter.
582 3603 729 3653 Erdkunde
748 3603 770 3653 1.
821 3605 854 3666 X,
875 3605 897 3656 1.
918 3621 943 3668 p.
957 3607 1007 3656 422
1026 3619 1083 3668 seq.
1103 3610 1130 3654 et
1147 3604 1291 3668 praecipue
1306 3605 1368 3654 Rit-

232 3671 316 3738 prus
331 3673 637 3737 seqacouratiusnunc
653 3673 773 3737 dispute-
820 3677 871 3726 ter.
895 3673 1043 3724 Erdkunde
1068 3673 1092 3724 I.
1117 3689 1180 3738 pag.
1207 3671 1257 3723 803
1283 3688 1364 3740 seqq.

231 3743 272 3792 vit
291 3741 410 3792 Bunsen.
434 3740 454 3792 l.
472 3740 489 3790 l.
509 3757 536 3806 p.
558 3741 608 3792 325
631 3757 688 3807 seq.
708 3740 769 3792 coll.
819 3743 859 3792 Ac
878 3743 1049 3807 praeterhac
1069 3743 1173 3794 consuli
1191 3757 1298 3808 quoque
1316 3759 1366 3806 po-

232 3811 316 3876 μ.363
328 3811 532 3873 ed.Germ.,ubi
543 3827 691 3868 mensuras,
703 3827 770 3876 quse
820 3816 912 3862 terunt
934 3813 1060 3864 Poooolre
1084 3813 1234 3878 (Descript.
1261 3813 1292 3862 oi
1316 3812 1365 3862 the

231 3881 328 3931 sumsit
339 3881 462 3945 Perriug,
480 3880 621 3932 indicavit.
650 3882 709 3942 Quo
724 3896 770 3931 au·
819 3882 896 3931 East.
915 3889 967 3933 etc.
986 3883 1009 3932 I.
1026 3897 1053 3947 p.
1068 3881 1122 3947 64),
1140 3883 1255 3933 Browne
1273 3881 1364 3938 (Non—

232 3954 307 4000 ctore
337 3949 453 4000 altitudo
476 3949 704 4014 perpendicularis
729 3955 771 4000 ost
820 3966 890 4000 voau
901 3966 1006 4017 voyage
1018 3951 1086 4000 dans
1102 3951 1223 4002 labante
1236 3955 1263 4000 st
1280 3951 1366 4002 basso

232 4025 339 4068 centum
359 4035 407 4068 sex
426 4019 523 4084 pedum
538 4020 677 4086 anglice,
695 4021 769 4070 basis
821 4022 923 4085 Egypt.
941 4021 965 4072 1.
985 4039 1010 4087 p.
1031 4023 1108 4086 251),
1126 4021 1228 4072 Rennel
1246 4019 1364 4086 (Gaogr.

231 4087 464 4152 cuiusquelatoris
476 4089 652 4140 ducentorum
663 4095 771 4154 septua-
822 4091 928 4156 Systern
955 4093 985 4140 oi
1001 4091 1133 4142 Herodot.
1158 4107 1184 4156 p.
1204 4091 1279 4154 504),
1306 4091 1366 4152 alii,

231 4156 307 4220 ginta
316 4158 427 4220 pedum:
440 4157 511 4223 qnod
521 4165 663 4224 utrumque
675 4161 708 4209 sb
718 4161 771 4209 Ile·
822 4159 918 4224 quibus
927 4161 1055 4210 Moeridis
1068 4160 1157 4210 lacum
1170 4161 1198 4209 in
1210 4177 1243 4210 ea
1254 4159 1367 4210 omnino

230 4222 319 4274 rodoti
346 4242 487 4288 mensura,
515 4229 573 4278 sive
600 4230 771 4279 altitudinem
822 4229 940 4293 regione,
954 4231 987 4280 de
1000 4247 1054 4295 qua
1068 4229 1222 4280 Herodotus
1235 4229 1366 4293 loquitur,

230 4294 287 4344 sivo
304 4293 771 4364 longiledinemvooereccepoaov-
822 4300 1015 4364 quaerentibus
1038 4304 1135 4364 sponte
1163 4313 1192 4350 se
1216 4298 1314 4348 obtulit
1341 4301 1367 4350 is
