3096 4930
210 277 272 341 392
638 267 909 332 HERODOTI

209 445 267 520 ἀπ’
287 440 335 519 eiu
352 446 529 537 ἐκήρυξαν,
545 443 602 526 τὰς
613 444 650 514 δὲ
666 445 831 533 διφθέρας
844 439 1058 524 ἐπισάξαντες
1074 441 1129 509 ἐπὶ
1142 435 1220 520 τοὺς
1233 435 1344 522 ῦνονς,

210 550 438 625 ἀπελαύνουσι
449 552 482 631 ἐς
497 546 574 629 τοῦς
590 546 793 638 Ἀρμενίους.
826 543 890 616 ιἰνά
903 542 962 616 τὸν
980 541 1129 632 ποταμὸν
1147 541 1212 632 γὰρ
1226 541 1268 632 δὴ
1281 539 1388 614 οῦκ93

209 652 264 728 oln'
277 660 314 726 τέ
326 658 395 724 ἐστι
409 657 509 724 πλέεν
523 651 639 723 οὐθενὶ
654 650 765 746 τρόπῳ
786 645 852 720 ῦπῦ
872 651 986 738 τάχεος
1005 653 1066 718 τοῦ
1090 652 1256 735 ποταμοῦ·
1290 647 1347 716 6ιὰ

211 759 275 851 γὰρ
287 764 392 828 ταῦτα
412 759 468 826 καὶ
488 754 550 826 οῦκ
565 760 602 826 ἐκ
620 756 730 840 ξύλων
748 759 920 824 ποιεῦνται
933 750 974 822 τῦ
988 761 1105 836 πλοῖα,
1138 747 1212 820 ἀλλ’
1234 753 1271 820 ἐκ
1293 757 1344 820 dt-

212 867 381 954 φθερέων.
405 858 506 930 ἕπεῦν
526 860 563 930 db
576 857 653 942 τοῦς
670 857 769 938 ὅνους
789 858 984 938 ἐλαύνοντες
992 853 1178 928 ιἰπίκωνται
1192 851 1299 926 ὀπίσω
1313 858 1346 935 ἐς

211 966 289 1049 τοῦς
304 964 514 1056 Ἀρμενίους,
536 961 622 1033 ἄλλα
641 962 754 1056 τρόπῳ
780 967 827 1056 τῷ
846 958 936 1055 αὐτῷ
963 965 1138 1030 ποιεῦνται
1163 967 1273 1030 reluta.
1306 957 1347 1028 τῦ

145 1083 204 1146 195
213 1072 275 1160 μὲν
286 1068 328 1159 δὴ
342 1077 441 1140 πλοῖα
451 1063 585 1137 advocet
595 1070 664 1136 ἐστι
677 1070 824 1135 τοιαῦτα.
847 1062 982 1153 Ἐσθῆτι
995 1064 1032 1134 δὲ
1046 1069 1158 1153 τοιῇδε
1172 1065 1344 1152 χρέωνται,

211 1179 336 1244 κιθῶνι
352 1171 650 1264 ποδηνεκίίίινέςο,
667 1171 723 1240 καὶ
734 1171 789 1240 ἐπὶ
802 1173 922 1239 τοῦτον
934 1166 1038 1238 ἄλλον
1052 1173 1198 1257 είρίυεον
1212 1172 1345 1236 κιθῶνα

210 1357 273 1393 τ.κ.
288 1337 382 1389 πᾶσαν
399 1327 591 1404 ῦπειιήρυξαν.
621 1337 754 1404 Exempla
804 1338 896 1389 745ε.
912 1335 1027 1400 10824,
1047 1337 1075 1386 in
1093 1352 1124 1386 eo
1142 1351 1196 1386 uno
1215 1336 1249 1385 ab
1261 1336 1345 1386 Hero

209 1412 290 1462 huius
309 1414 426 1460 tmeseos
443 1409 514 1475 apud
531 1411 659 1460 Nostrum
681 1408 753 1460 haud
805 1409 869 1459 doto
897 1375 1074 1468 dissentidns,
1101 1407 1173 1472 quod
1198 1406 1346 1470 decumis,

210 1481 361 1532 inusitatae
384 1483 494 1529 exstant
514 1479 556 1544 ΙΙ,
576 1478 618 1530 36.
641 1479 684 1530 40.
709 1479 752 1530 70.
805 1493 873 1544 quas
892 1476 1037 1543 Babylonii
1054 1475 1144 1538 alant,
1161 1479 1297 1527 narratur.

210 1552 253 1603 85.
270 1549 313 1601 86.
325 1549 367 1600 87.
384 1549 427 1601 88.
441 1547 489 1612 96,
508 1549 536 1598 in
555 1549 652 1614 quibus
671 1548 755 1599 omui-
839 1545 946 1598 κιθῶνι
951 1495 1117 1611 γποδηνεκέι·
1134 1514 1257 1610 Icve'pa.
1272 1561 1294 1595 τ.
1309 1544 1344 1612 t]

210 1622 261 1672 bue
279 1618 340 1684 pari
358 1618 437 1669 modo
457 1587 575 1669 adristue
593 1619 703 1683 ponitur
721 1618 755 1670 de
804 1618 867 1668 Nou
885 1633 917 1667 ex
943 1619 992 1668 lino
1014 1621 1121 1667 tantum
1143 1595 1313 1666 coniectas
1306 1633 1347 1666 rn-

210 1707 254 1754 re,
282 1703 352 1755 quae
380 1688 506 1738 accidere
530 1687 601 1739 solet
628 1689 671 1738 vel
699 1704 756 1738 cre·
806 1688 892 1738 dicari
920 1691 1011 1738 vestes
1040 1687 1171 1738 observat
1194 1687 1347 1736 Heereuiue

210 1760 285 1812 brius
308 1760 453 1823 repetitur:
481 1757 515 1807 de
540 1773 594 1823 que
611 1759 707 1810 aurieti
724 1759 753 1808 vi
804 1757 888 1808 ldeeu
912 1757 935 1821 Ι,
959 1759 983 1807 2.
1008 1773 1070 1823 pag.
1091 1757 1166 1818 205„
1194 1771 1288 1806 verum
1314 1773 1347 1808 ex

209 1845 295 1894 nuper
308 1827 433 1894 exposuit
446 1827 608 1878 Frankoin:
627 1828 754 1879 Berichte
802 1831 922 1893 μοιτμρίο
947 1841 1064 1893 quoquc.
1107 1826 1185 1888 Quod
1213 1827 1348 1878 vestiendi

210 1901 256 1950 tib.
276 1898 302 1949 d.
321 1897 478 1948 Verbandll.
504 1897 530 1947 d.
556 1897 584 1948 k.
604 1898 753 1950 etobsisoh.
804 1913 903 1963 genus,
922 1913 975 1962 quo
993 1895 1139 1962 Babylonii
1157 1895 1191 1946 ab
1205 1895 1346 1948 Herodoto

211 1967 361 2021 Gesellsch.
391 1967 417 2018 d.
443 1967 527 2018 Wisa.
554 1967 629 2018 1854.
658 1967 753 2034 philol.
806 1967 932 2017 dicuntur
956 1967 999 2017 usi
1027 1981 1102 2028 esse,
1130 1982 1190 2016 cum
1214 1966 1260 2016 vix
1285 1982 1347 2017 oon-

211 2039 277 2088 hist.
302 2036 389 2087 Clase.
413 2037 452 2087 11.
474 2053 501 2100 p.
528 2036 571 2086 84.
615 2038 658 2087 Tu
679 2037 752 2089 conf.
805 2037 896 2087 venire
910 2037 1036 2087 videatur
1051 2036 1154 2102 regioni
1168 2036 1279 2100 aerique
1291 2041 1347 2088 tam

213 2109 296 2158 etiarn
308 2107 442 2156 Herodot.
462 2106 515 2168 111,
528 2106 561 2156 82
580 2110 607 2155 et
623 2107 655 2158 de
673 2108 754 2157 tmesi
805 2105 910 2169 calido,
930 2107 1024 2172 utique
1035 2105 1087 2156 hae
1105 2109 1196 2156 vestes
1207 2105 1283 2156 luxui
1293 2123 1348 2158 ma-

212 2177 297 2228 allata
315 2177 350 2226 ad
367 2175 501 2226 Herodot.
521 2175 605 2234 VIII,
624 2175 667 2226 89.
702 2177 754 2226 His
806 2177 848 2242 gis
866 2191 900 2225 ac
919 2176 1004 2226 fastui
1028 2192 1108 2242 quam
1130 2177 1291 2226 necessitati
1309 2178 1348 2227 in-

212 2247 298 2308 adde,
325 2260 395 2309 quae
420 2244 453 2294 de
469 2244 521 2294 hoo
545 2245 648 2295 aoristo
666 2246 694 2294 in
712 2245 754 2296 hie
806 2247 924 2296 servisse
945 2245 1081 2296 videntur.
1118 2245 1188 2296 Sunt
1211 2262 1276 2297 vero
1301 2263 1348 2297 uo-

210 2317 279 2366 looie
301 2314 465 2364 Herodoteis
489 2329 574 2377 nuper
597 2314 754 2379 disquisivit

211 2384 345 2436 Moller'
338 2399 366 2432 m
393 2383 590 2434 Schneidewin.
616 2382 752 2450 Philolog.

210 2453 509 2518 lx.p.361seq.et
532 2451 752 2533 pptiseimump.

210 2525 261 2575 365
285 2538 341 2587 seq.
377 2523 429 2572 Est
454 2537 518 2572 vero
542 2535 754 2587 αποκηρυττειν

206 2609 259 2659 per
280 2604 431 2656 praeconem
455 2591 488 2675 (ε’.
509 2591 619 2656 publice)
644 2594 753 2645 uendere

209 2663 253 2714 vel
277 2661 407 2713 ceadenda
426 2663 482 2712 occi
502 2661 625 2712 subticere
646 2679 754 2726 praeco-

210 2735 261 2795 ιαἰ,
292 2736 322 2782 ut
347 2736 440 2781 monet
464 2730 675 2797 Wesaelingiue,
707 2735 753 2799 qui

209 2803 354 2853 lectionem
383 2817 433 2850 sua
460 2805 552 2851 aetate
575 2817 592 2852 a
616 2802 752 2854 Gronorio

209 2873 349 2953 vulgatam
371 2861 616 2934 ῦπενεκὴρυξαν·
608 2887 636 2921 m
654 2865 753 2923 ἐπανε-

209 2935 337 3007 κήρυξαν
347 2941 464 3005 (iusuper
474 2941 519 2990 aab
528 2956 655 3003 praecone
663 2944 753 2994 vende-

209 3011 283 3078 bant)
297 3015 431 3062 mutatam
447 3009 581 3062 voluerat.
609 3011 663 3062 Sed
677 3028 753 3077 prae·

210 3087 266 3132 stat
284 3097 301 3161 p
319 3080 717 3160 Sphweigh.repoe1talecti0.

209 3142 306 3268 sih
322 3142 383 3268 tt
396 3164 543 3268 {illm
553 3141 753 3286 ttttltl

210 3288 320 3340 adhue'
312 3305 341 3338 rn
351 3289 428 3353 Tigri
444 3287 502 3338 fieri
516 3287 668 3352 affirment,
691 3307 751 3342 eum

198 3373 313 3408 ,summa
337 3357 373 3407 sit
397 3357 477 3407 huius
507 3358 583 3408 fluvii
608 3328 754 3424 rapiditae,

209 3444 290 3493 quam
308 3428 368 3491 ipso
391 3427 466 3478 fluvii
489 3429 598 3478 nomine
621 3431 751 3496 sagittam

209 3498 349 3548 indicante
368 3496 500 3548 declarari
520 3499 650 3549 scribunt.
688 3501 751 3552 Vid.

208 3569 297 3618 Ritter
322 3567 472 3618 Erdknnde
499 3567 548 3618 IX.
572 3584 597 3632 p.
617 3571 678 3621 517.
700 3571 751 3622 XI.

209 3653 235 3701 p.
255 3639 298 3688 45.
318 3639 362 3687 47.
382 3636 425 3688 66.
446 3635 495 3687 193
515 3636 578 3687 coll.
596 3637 656 3691 634.
693 3641 752 3690 Asi-

208 3721 267 3770 nos,
286 3707 410 3771 quamvis
423 3707 458 3755 ab
476 3707 567 3756 Iesaia
582 3708 656 3769 XXI,
669 3711 684 3758 7
699 3725 751 3759 me·

208 3779 341 3838 moratos,
359 3777 387 3824 in
399 3773 547 3840 sculpturis
565 3777 685 3842 Assyriis
700 3781 751 3828 Ba-

207 3845 361 3910 byloniisve
387 3845 506 3895 nondum
529 3861 559 3896 se
583 3847 686 3897 vidisse
711 3864 751 3898 re-

207 3918 398 3979 praesentatos
416 3918 535 3964 testetur
548 3916 658 3981 Layard
669 3918 750 3969 Nine-

207 3984 260 4034 veh
278 3984 332 4034 and
350 3983 387 4031 its
406 3997 472 4032 rem.
492 3983 528 4033 11.
548 4002 575 4050 p.
593 3987 655 4037 425.

384 4102 448 4153 Car.
469 4103 571 4156 CXCV

239 4177 357 4251 Ἐοθῆτι
369 4181 399 4238 δὲ
418 4185 515 4254 τοιῇδε
531 4188 665 4253 χρέωνται
682 4208 707 4240 κ.
725 4210 748 4242 τ.

208 4254 242 4321 t]
268 4257 391 4308 Becentt.
416 4258 477 4309 edd.
500 4257 638 4324 χρέονται.
674 4263 751 4314 Haec

110 4325 120 4344 “
209 4326 300 4384 omnia
321 4325 377 4380 lete
398 4327 492 4382 retulit
510 4327 609 4382 Strabo
627 4331 703 4384 XVI.
721 4349 749 4400 p.

805 2315 954 2366 bilieeimee
975 2331 1007 2366 ac
1025 2331 1072 2380 per
1095 2331 1201 2366 omnem
1226 2317 1282 2366 lere
1300 2332 1347 2366 an-

805 2385 959 2450 tiquitatem
971 2385 1124 2436 celebratae
1135 2385 1346 2450 Babyloniorum

804 2459 943 2517 texturae,
968 2459 1090 2519 tapetes,
1120 2455 1175 2505 alie
1197 2455 1225 2504 id
1248 2471 1343 2520 genus,

805 2524 839 2574 de
856 2525 954 2588 quibus
973 2525 1058 2586 conf„
1083 2540 1117 2575 ue
1135 2525 1226 2590 plura,
1247 2525 1345 2575 Heere-

804 2595 882 2660 nium,
902 2594 920 2645 l.
942 2594 961 2644 l.
986 2611 1012 2658 p.
1036 2594 1087 2645 206
1110 2610 1185 2659 seqq.
1209 2593 1270 2646 coll.
1293 2596 1345 2646 245

804 2679 862 2728 seq.
899 2665 940 2714 De
956 2663 1062 2714 luxurie
1074 2665 1286 2728 Babyloniorum
1298 2664 1346 2716 ali-

805 2739 872 2798 quot
894 2733 969 2784 locoa
998 2734 1070 2783 infru
1097 2733 1237 2784 afferemus
1262 2735 1297 2784 ad
1322 2736 1346 2796 1,

806 2803 865 2854 lut.
902 2804 963 2853 Hoc
977 2802 1037 2854 loeo
1054 2803 1122 2854 illud
1137 2803 1244 2866 addam,
1259 2805 1347 2855 adhuc

805 2874 833 2922 in
849 2872 999 2938 lapidibus,
1024 2873 1118 2937 quales
1133 2889 1180 2938 per
1197 2874 1346 2940 Babylonis

804 2942 879 2993 urbis
898 2943 990 2992 ruinas
1014 2943 1203 3005 inveniuntur,
1226 2946 1347 3009 conspici

803 3011 970 3077 Babylonios
999 3011 1134 3074 homines,
1164 3013 1266 3077 triplici
1295 3015 1347 3064 hoc

803 3083 965 3133 vestimento
978 3081 1103 3146 pileoque
1121 3083 1147 3131 in
1164 3081 1249 3132 altum
1264 3084 1346 3136 ducto

803 3151 922 3202 indutos.
954 3152 1043 3216 Atque
1062 3152 1128 3216 ipsis
1142 3151 1243 3202 Thebis
1256 3154 1345 3218 Aegy·

803 3223 900 3286 ptieois
919 3221 1079 3272 detexerunt
1104 3237 1190 3286 nuper
1213 3223 1241 3272 in
1262 3223 1346 3289 hypo-

804 3292 861 3358 geis
884 3295 1001 3357 quatuor
1019 3291 1231 3356 Babyloniorum
1250 3293 1346 3358 imagi-

804 3377 865 3424 nes,
885 3362 932 3427 qui
948 3361 1021 3410 haud
1043 3361 1121 3410 alitor
1144 3363 1240 3412 vestiti
1263 3368 1346 3429 atque

804 3432 893 3481 ornati
910 3435 973 3481 sunt
987 3436 1068 3496 atque
1080 3431 1235 3481 Herodotus
1247 3432 1346 3482 descri-

803 3502 852 3551 bit.
889 3501 968 3551 Cont‘.
988 3503 1122 3550 Muenter.
1142 3501 1229 3566 Belig.
1253 3501 1279 3552 d.
1294 3503 1346 3552 Be-

802 3571 895 3633 bylon.
920 3586 982 3635 pag.
1003 3570 1046 3632 97,
1066 3571 1112 3634 qui
1134 3571 1217 3620 etiarn
1235 3571 1344 3622 Daniel.

801 3641 855 3703 111,
866 3642 898 3691 21
912 3645 996 3704 atque
1005 3639 1105 3690 Ezeeh.
1114 3639 1218 3700 XXIII,
1235 3641 1265 3690 15
1275 3641 1346 3692 hauc

800 3711 829 3759 in
845 3725 900 3759 rem
915 3710 992 3760 citat.
1029 3709 1108 3775 Apud
1125 3710 1268 3760 Danielem
1282 3710 1344 3761 huie

801 3779 902 3844 triplici
934 3779 1050 3829 vestium
1082 3781 1174 3844 generi
1209 3779 1345 3831 adduntur

801 3864 909 3916 quoque
926 3849 1056 3910 braccae,
1085 3849 1156 3912 apud
1174 3850 1273 3900 Persas
1292 3852 1346 3900 usi-

802 3923 890 3979 tatae,
915 3917 962 3968 eed
981 3917 1116 3968 solearum
1134 3919 1209 3969 nulla
1227 3918 1258 3969 tit
1274 3935 1345 3970 men-

801 3989 850 4039 tio.
887 3987 965 4038 (lons.
987 3988 1130 4052 Lengerke
1155 4004 1182 4052 p.
1208 3987 1267 4040 186,
1292 3991 1345 4040 He-

801 4057 890 4108 rodoti
903 4056 992 4106 locum
1006 4072 1066 4106 enm
1084 4057 1132 4120 iis,
1149 4073 1220 4122 quae
1233 4075 1266 4109 ex
1279 4060 1344 4109 ima-

802 4127 910 4192 ginibus
922 4143 1007 4191 nuper
1018 4127 1124 4176 effossis
1136 4131 1271 4192 constant,
1281 4145 1343 4179 con-

801 4197 865 4246 tulit
880 4197 989 4260 Layard
1007 4196 1131 4247 Nineveh
1150 4197 1204 4247 and
1222 4199 1258 4248 its
1277 4213 1343 4250 rem.

802 4267 877 4330 Il.p
882 4265 956 4317 ure
975 4281 1031 4331 seq.

836 4325 921 4388 πίλου
930 4331 1175 4402 είρινεονκιθωυα
1185 4326 1344 4409 ἐπευθύνει]
