3032 4916
231 226 291 284 704
664 225 935 320 HERQDO'I'I

145 391 147 396 '
228 412 366 488 χερσαῖα
387 397 442 464 καὶ
467 395 688 467 :deusdona
707 401 763 468 καὶ
783 397 823 468 τὰ
837 398 991 486 πετεινὰ,
1013 389 1108 479 αὖτις
1127 401 1161 478 ἐς
1177 395 1363 488 ἀνθρώπου

228 507 323 591 σῶμα
339 500 518 589 γινόμενον
544 502 719 572 lordono·
748 501 811 592 τὴν
831 503 1032 594 περιήλυσιν
1052 503 1090 571 δὲ
1106 499 1192 592 αὐτῇ
1205 510 1361 589 γίνεσθαι

229 687 293 736 pore
322 669 492 720 exolescente
521 675 604 736 atque
636 671 771 722 dilabente
824 671 933 722 humero
957 676 1050 738 gerat:
1080 671 1153 722 inira
1182 671 1211 720 in
1234 669 1363 736 gradihus

228 741 352 790 discedat
378 741 406 789 in
434 741 507 790 aliud
537 755 650 806 corpus,
684 756 772 806 neque
823 746 928 792 stantes
946 757 1044 792 novem
1064 741 1159 791 iudicii
1177 740 1255 806 quasi
1275 755 1363 790 asses·

228 827 294 861 saue
312 815 451 875 exspectet
468 810 533 860 illud
552 825 638 875 usqne
655 816 770 876 tempus,
822 826 910 872 sorcs;
927 827 1008 877 porro
1024 811 1148 877 cymbam
1164 811 1291 875 imposito
1304 825 1364 874 por-

227 895 280 946 quo
300 896 397 945 corpus
415 882 484 930 bene
500 879 663 930 medicatum
680 881 771 931 condi·
821 896 853 930 co
878 881 921 931 vel
946 881 1153 947 hippopotamo,
1186 895 1239 944 quo
1261 880 1362 930 iudicio

227 957 338 1016 tumque
350 950 512 1000 dissolutum
526 951 570 1000 sit.
608 951 769 1013 Qusmean-
821 953 970 1001 constituta
996 966 1084 1015 poena
1110 949 1293 1016 significetur,
1323 949 1362 998 ui-

227 1022 288 1071 dem
308 1020 342 1070 de
360 1020 386 1071 h.
406 1019 426 1070 l.
444 1021 606 1070 sententiam
624 1021 688 1070 tulit
703 1021 770 1071 Ros·
820 1021 916 1070 mirum
927 1019 1077 1071 maleficum
1092 1021 1240 1083 hominem,
1260 1019 1307 1085 qui
1320 1034 1363 1070 sc·

226 1091 315 1140 sollini
331 1091 451 1140 Menum.
471 1090 543 1140 civil.
563 1091 615 1139 111.
634 1105 698 1156 pag.
716 1089 767 1141 293
818 1093 876 1140 curi
893 1106 1039 1156 percussus
1059 1093 1109 1154 sit,
1132 1105 1204 1141 nuno
1226 1105 1258 1140 ex
1277 1088 1362 1139 Osiri-

226 1177 312 1227 saqq,
336 1160 491 1210 accuratius
510 1160 543 1210 de
567 1160 618 1210 hoc
636 1159 695 1212 loco
713 1160 767 1210 dis·
818 1160 860 1210 dis
878 1161 980 1212 iudicio
998 1161 1113 1212 ahirein
1128 1160 1236 1210 foedum
1249 1157 1360 1210 animal.
1440 1213 1443 1220 ,

227 1237 339 1296 putans,
369 1245 456 1296 nsque
481 1230 561 1280 aliter
585 1230 668 1280 etiam
688 1230 767 1283 ,haec
816 1231 925 1282 Etenim
953 1230 1177 1296 hippopotamus:
1202 1245 1262 1280 osse
1288 1245 1361 1294 sym-

226 1302 365 1365 aocepisse
377 1301 457 1350 video
471 1301 642 1352 Gattererum
652 1301 679 1350 iu
690 1299 767 1350 Com·
795 1331 798 1336 -
816 1300 909 1350 bolum
927 1301 1029 1367 ingrati
1042 1301 1141 1362 animi,
1162 1300 1314 1350 iniustitiae
1326 1315 1359 1350 ac

225 1377 338 1421 mentor.
358 1369 390 1420 de
408 1369 635 1436 Metempsyehosi
658 1371 766 1419 immor·
816 1371 963 1420 violentiae
991 1370 1076 1420 tradit
1100 1368 1242 1435 Horapoll.
1272 1369 1359 1418 hiero-

149 1444 154 1453 '
224 1441 343 1490 talitatis
353 1441 502 1490 animorum
516 1438 638 1506 symbolo
648 1439 683 1489 ad
695 1440 766 1490 hunc
817 1439 907 1506 glyph.
926 1440 949 1503 1,
968 1441 1011 1491 56.
1032 1440 1070 1504 11,
1087 1440 1131 1492 37.
1169 1439 1294 1504 abigitur
1312 1454 1360 1488 au-

225 1510 358 1560 Herodoti
367 1510 475 1560 locum
468 1526 497 1559 m
508 1511 658 1560 comment.
668 1525 725 1560 soc
719 1511 763 1560 et
815 1515 870 1560 tem
894 1525 956 1560 rens
979 1511 1007 1559 in
1029 1477 1145 1561 behtiam
1167 1523 1314 1560 conversus
1341 1525 1358 1558 a

225 1581 348 1646 Gotting.
364 1579 413 1630 IX.
428 1595 454 1644 p.
467 1579 501 1631 43
516 1595 591 1646 seqq.
605 1581 648 1642 46,
667 1580 714 1629 ubi
731 1595 765 1630 ex
815 1580 959 1642 Mercurio,
979 1595 1057 1645 quem
1065 1585 1159 1662 capnt
1177 1579 1303 1630 caninum
1317 1579 1357 1628 in·

223 1649 358 1700 Herodoti
375 1649 465 1699 verbis
483 1649 590 1700 idsatis
604 1617 698 1714 palere
715 1651 764 1713 ait,
815 1649 920 1715 signem
948 1617 1030 1713 iacit,
1065 1641 1154 1716 Ἐρμῃ
1191 1648 1238 1700 1110
1266 1656 1357 1712 ψυχο-

222 1721 412 1786 migrationem
431 1721 580 1770 animorum
596 1734 645 1800 per
663 1720 765 1770 anima·
816 1716 939 1785 πομπςᾶ,
972 1721 1091 1771 Homero
1125 1721 1208 1770 etiam
1245 1718 1356 1784 cognito

223 1791 259 1840 lia
279 1807 339 1841 esse
357 1790 561 1856 hieroglyphum
579 1790 637 1840 sive
659 1791 765 1856 symbo-
816 1789 916 1855 Odyss.
941 1789 1041 1852 xxiv,
1067 1791 1090 1842 1.
1127 1789 1268 1841 Accedunt
1290 1787 1354 1850 alia,

222 1861 277 1910 lum
302 1866 428 1912 aeternae
454 1861 605 1910 durationis
633 1860 692 1910 sive
718 1861 765 1910 im·
816 1874 885 1925 quoe
902 1858 937 1908 ad
954 1861 1067 1910 eandem
1090 1860 1242 1910 doctrinam
1266 1857 1356 1908 decla·

222 1930 398 1981 mortalitatis
412 1931 569 1981 animorum.
590 1929 658 1981 hdr.
673 1931 763 1981 Beck:
815 1929 926 1979 rendam
945 1930 1093 1994 pertinent,
1112 1945 1162 1980 nce
1177 1929 1259 1980 maris
1278 1929 1356 1979 deest

222 1999 323 2052 Anleit.
343 2017 366 2051 a.
387 2001 552 2066 Weltgssch.
577 2000 601 2051 1.
621 2016 683 2065 pag.
703 2001 763 2063 1511,

222 2071 355 2121 Rosellini
372 2072 388 2121 l.
401 2070 430 2133 1.,
450 2071 615 2120 Willrinson.
634 2071 762 2120 Manners

222 2147 275 2192 etc.
296 2157 350 2192 sec.
369 2157 422 2192 ser.
441 2141 479 2190 11.
498 2157 561 2206 pag.
582 2139 632 2189 410
649 2154 723 2206 seqq.
736 2145 763 2190 et

221 2211 390 2275 potissimum
398 2209 498 2261 Itoeth:
512 2209 608 2261 Gesch.
621 2209 760 2262 dahendl.

221 2279 379 2343 Philosoph.
407 2281 430 2330 I.
455 2293 518 2345 pag.
538 2279 587 2329 177
606 2293 691 2345 seqq..
716 2279 761 2345 qui

220 2349 416 2415 Aegyptiorum
435 2349 586 2398 doctrinam
609 2349 643 2398 de
660 2349 761 2400 animo-

221 2433 279 2468 rum
303 2418 508 2469 immortalitate
536 2418 662 2482 vitaeque
690 2419 761 2470 futu·

220 2503 267 2538 rae
293 2492 368 2538 statu
391 2493 419 2538 et
441 2487 597 2537 conditione
626 2491 758 2552 exposuit.

220 2557 300 2622 Apud
317 2559 459 2608 American
481 2556 623 2622 indigenas
645 2557 760 2609 similem

220 2627 278 2678 iere
291 2627 443 2692 opinionem
459 2625 606 2676 invaluisse
625 2627 658 2677 de
669 2628 759 2678 anima

220 2702 275 2747 tam
282 2713 330 2762 per
340 2697 429 2748 sidera
440 2711 519 2762 qnam
526 2695 759 2761 peranimaliami-

220 2774 316 2832 granta
327 2772 489 2829 monstrant,
501 2781 571 2832 qnae
583 2767 675 2816 attulit
686 2769 713 2819 J
726 2769 758 2820 G.

219 2837 345 2888 Mueller:
364 2837 460 2890 (leuch.
475 2837 500 2886 d.
515 2836 630 2887 Amerio.
640 2837 757 2903 Urrelig.

219 2924 245 2974 p.
259 2908 293 2959 63
306 2923 382 2974 seqq.
393 2907 464 2970 Alia,
480 2921 548 2972 quae
559 2906 610 2956 huc
624 2913 757 2972 spectant,

218 2980 245 3028 in
260 2979 382 3028 Excursu
399 2977 434 3028 ad
451 2977 476 3027 h.
491 2975 508 3027 l.
524 2977 712 3029 tractavimus.

785 1997 989 2064 significatio,
1002 2015 1052 2050 uec
1062 2015 1201 2066 aquarum,
1217 2015 1267 2049 nec
1277 1997 1356 2063 hydri

814 2070 873 2120 siro
891 2070 1024 2142 serpentis
1042 2070 1176 2136 aquatici,
1197 2085 1247 2120 nec
1264 2070 1355 2118 svium

814 2129 944 2204 denique,
962 2155 1032 2204 qnae
1052 2145 1170 2206 quotuor
1181 2155 1292 2190 numero
1311 2154 1355 2189 su-

814 2225 895 2274 perne
913 2210 1019 2275 positae
1031 2215 1107 2272 sunt,
1125 2211 1248 2276 virgineo
1263 2209 1354 2273 capite

814 2283 927 2329 ornatae
956 2285 983 2330 at
1012 2281 1083 2330 vitta
1108 2279 1210 2330 sacerd
1214 2277 1272 2330 :lah
1295 2280 1356 2328 sive

812 2347 956 2400 calantica.
994 2349 1142 2415 inquibus
1160 2349 1277 2415 singulis
1293 2347 1355 2399 illu·

811 2417 930 2468 strandis
948 2435 1057 2484 operam
1075 2419 1221 2470 collocavit
1239 2419 1359 2470 Crenae-

811 2504 856 2538 rus
874 2503 936 2554 pag.
951 2489 1098 2552 sea-352,
1115 2490 1162 2540 ubi
1179 2490 1207 2538 iu
1220 2487 1274 2540 fine
1286 2489 1353 2538 haec

811 2558 933 2623 scripsit:
955 2560 1044 2622 „Utut
1064 2565 1121 2621 est,
1144 2559 1196 2610 hoc
1219 2559 1352 2626 reliquum

811 2633 853 2679 est
876 2643 910 2678 ac
933 2635 1049 2680 certum:
1074 2629 1195 2680 tabulam
1218 2628 1287 2679 hanc
1304 2645 1353 2679 uo-

810 2704 894 2748 strom
913 2701 938 2749 r'rr
955 2703 1045 2751 morini
1061 2699 1163 2750 londria
1180 2699 1245 2748 οὶιιιι
1264 2713 1352 2762 reper-

810 2775 859 2817 tum
877 2770 1003 2834 imaginem
1020 2773 1111 2822 sistere
1133 2770 1161 2820 in
1176 2784 1283 2848 eaque
1287 2783 1351 2818 con-

810 2837 878 2901 spici
898 2843 924 2888 et
941 2841 1058 2903 χερσαῖα
1080 2833 1128 2917 aql
1152 2831 1187 2888 τὰ
1207 2829 1351 2888 θαλάσσια

808 2904 864 2966 ζῶα
881 2911 908 2958 et
926 2924 991 2960 vero
1009 2899 1122 2958 πετεινὰ
1140 2923 1259 2974 quoque,
1279 2921 1350 2972 quae

809 2977 989 3029 Herodotus'
981 2995 1009 3028 m
1025 2993 1132 3028 animae
1141 2977 1350 3044 migrationibus

252 3038 338 3097 ἐπεὰν
352 3041 383 3097 δὲ
396 3045 533 3113 περιέλθῃ
549 3039 642 3095 πάντα
652 3039 686 3096 τὰ
696 3062 758 3112 χιιι
809 3048 969 3098 memorat.“
1011 3048 1086 3098 Idem
1110 3050 1153 3100 Or.
1177 3063 1249 3098 nunc
1273 3047 1349 3098 hisce

218 3119 285 3166 corio
303 3132 328 3166 ιι.
342 3133 365 3166 τ.
385 3116 420 3183 h]
437 3119 478 3166 De
496 3131 576 3166 sensu
589 3115 683 3166 homm
698 3133 757 3166 ver·
808 3115 1350 3182 sddivultInghiramiMonnmentiEtru-

216 3187 313 3237 borum
338 3187 393 3236 vid.
418 3202 501 3251 supra
518 3186 668 3251 disputata.
703 3187 757 3236 Hic
807 3186 865 3236 schi
883 3186 918 3236 ad
942 3188 997 3237 tab.
1023 3189 1055 3238 77
1079 3187 1151 3254 degli
1173 3187 1282 3252 specchi
1299 3188 1349 3236 mi-

217 3256 361 3307 sdmonere
379 3257 462 3307 liceat
480 3256 639 3321 imaginum,
659 3256 757 3321 quibus
806 3255 867 3306 stioi
886 3272 948 3322 pag.
969 3256 1029 3308 668.
1065 3258 1107 3308 Τιι
1119 3256 1174 3308 vid.
1187 3257 1268 3306 etiam
1281 3256 1349 3306 Wil-

216 3325 284 3376 haec
305 3327 456 3376 animarum
479 3327 606 3392 migratio
635 3325 671 3375 ad
695 3341 756 3376 ocu·
806 3325 915 3378 lrinson.
933 3327 1060 3377 Mannsrs
1084 3333 1136 3378 etc.
1160 3343 1215 3378 sec.
1236 3343 1288 3378 ser.
1307 3327 1346 3378 11.

215 3395 302 3446 lorum
327 3411 423 3447 sensus
447 3395 573 3446 traducta
601 3402 629 3446 et
651 3411 757 3462 reprae-
807 3411 869 3460 pag.
895 3395 946 3447 416
972 3411 1039 3462 seq,
1069 3395 1200 3449 Rossllini
1224 3397 1346 3448 Monam.

199 3470 325 3542 ‚scutata
341 3465 503 3516 invenitur
496 3481 523 3514 m
538 3470 578 3515 tot
594 3465 756 3532 anaglyphis
806 3465 879 3515 civil.
898 3465 951 3516 111.
971 3483 1034 3550 pag.
1052 3467 1104 3518 153
1123 3483 1259 3588 sqq&-

201 3541 448 3586 monumentorum
461 3535 665 3616 Aegyptiorum.
693 3535 756 3586 Plu·
841 3527 1162 3600 ιὴνιιιριήιυσινᾶ
1186 3527 1348 3604 αὐτῇγίνε-

215 3607 284 3656 rima
307 3605 401 3656 laudat
423 3605 518 3655 Oreus.
544 3605 572 3653 iu
589 3603 752 3656 commenti.
805 3602 875 3654 σθαι
893 3595 923 3653 ἐν
948 3604 1125 3686 τρισχιλίοισι
1142 3600 1225 3672 ἔτεσι]
1242 3587 1347 3659 'illosne

214 3675 335 3726 Ilerodd.
355 3691 418 3741 pag.
438 3675 489 3726 3311
512 3689 569 3738 seq.
592 3673 684 3739 ibique
705 3691 753 3740 po-
803 3675 961 3725 Herodotea
983 3674 1061 3726 affert
1084 3666 1196 3739 ἤλυσιν·
1225 3671 1345 3740 ἔφοδον,

215 3747 348 3795 tissimum
365 3743 483 3796 Iomard.
508 3745 535 3792 in
557 3743 752 3809 Descriptus
803 3743 932 3806 πορείαν.
952 3744 994 3796 ef.
1013 3746 1094 3795 etiam
1110 3747 1194 3796 Koen.
1212 3745 1344 3811 adGreg.

214 3815 285 3880 l‘Eg.
304 3815 359 3866 vol.
382 3815 411 3864 11
429 3813 585 3878 Antiqq.p.
607 3813 656 3863 165
675 3829 751 3879 seqq.
803 3813 924 3864 Corinth.
942 3831 1005 3880 pag.
1025 3815 1085 3866 526.
1120 3815 1187 3866 Ad·
1180 3829 1267 3880 :psam
1287 3831 1345 3866 rem

213 3885 301 3934 Unam
324 3884 493 3950 potissimum
515 3881 609 3932 laudat
637 3883 751 3947 iconem,
802 3889 955 3947 teneamus,
980 3900 1050 3950 quae
1071 3883 1193 3949 pluribus
1216 3884 1345 3950 leguntur·

213 3969 324 4018 eamque
341 3954 438 4004 lineari
453 3957 678 4017 arteexpressam
694 3954 750 4016 ipse
802 3955 925 4018 exposita
943 3954 1014 4020 apud
1033 3956 1127 4005 Oreus.
1153 3953 1171 4006 l.
1196 3954 1215 4006 l.
1234 3971 1259 4019 p.
1280 3953 1342 4008 3¹24.

212 4023 555 4088 subiecitpprotractame
572 4023 675 4087 cryptis
685 4023 755 4072 The·
805 4022 855 4074 327
873 4039 969 4089 seqq.‚=
982 4024 1069 4075 videri
1095 4024 1216 4091 singulos
1236 4029 1342 4074 meatus

212 4091 316 4142 barum.
352 4093 385 4141 In
402 4093 454 4142 hac
468 4093 649 4156 conspicimus
667 4091 753 4142 Osiri
803 4107 850 4156 per
867 4093 1022 4144 animalium
1045 4110 1159 4159 corpora
1179 4095 1342 4159 pertinuisse

212 4159 285 4222 dem,
313 4167 478 4212 mortuorum
497 4161 644 4212 iudicem*
637 4178 665 4210 ru
684 4161 751 4210 solio
802 4177 849 4226 per
863 4161 1029 4214 mrlleaunos
1043 4163 1127 4227 (Plat
1138 4164 1244 4229 deltep.
1255 4165 1288 4221 X.
1298 4165 1352 4218 ll.-

211 4197 364 4290 sodehtem3
389 4231 414 4281 ci
439 4230 574 4281 admotum
593 4245 683 4292 reum,
705 4231 751 4296 qui
800 4247 864 4296 pag.
883 4231 943 4282 615.
966 4233 1082 4284 Phasdr.
1106 4249 1169 4300 pag.
1194 4233 1244 4286 249
1263 4235 1340 4300 etc..)

211 4298 304 4350 iudicii
335 4299 377 4350 sni
400 4303 530 4350 tesseram
558 4267 729 4350 bilancerh'
722 4315 750 4349 m
801 4299 891 4366 Atque
914 4302 1041 4366 qnoniam
1065 4304 1195 4370 perpauci
1219 4307 1338 4356 tantum-
