3086 4952
571 219 745 303 cL1001.
769 233 829 286 ιοι.
854 229 913 286 roe.

1247 216 1309 284 225

176 398 376 488 marcevol,
398 397 623 487 Στρούχατες,
648 393 846 486 Ἀριζαντοὶ,
867 395 1023 480 Βούδιοι,
1049 394 1174 484 Μάγοι.
1212 400 1313 485 seusa

175 502 239 592 ple
261 498 303 590 δὴ
318 500 452 590 Μήδων
474 503 542 571 ἐστὶ
560 499 690 572 τοσάδε.
733 499 890 589 Δηϊόιιεω
916 498 954 568 dl
976 513 1053 580 παῖς
1073 507 1201 587 γίνεται
1218 510 1379 592 (Dera-102

174 604 288 696 όρτης,
312 599 366 689 ὃς,
393 605 650 697 τελευτήσαντος
668 603 841 694 Δηϊόκεω,
868 602 1130 692 βασιλεύσαντος
1158 613 1233 696 τρία
1256 607 1311 675 καὶ

174 807 349 859 nominantur
371 822 386 858 e
410 807 497 858 Medis
516 810 570 860 iam
589 811 617 860 in
634 824 717 860 uuum

175 877 303 944 populum
336 879 484 930 contractis
515 879 615 944 Busae,
650 895 718 946 quos

176 947 285 999 eosdem
304 946 424 1012 appellet
442 963 474 998 ex
490 947 542 1000 hoc
560 949 620 1000 loco
633 951 719 1002 Hero·

176 1019 256 1068 doteo
275 1018 427 1082 Stephanus
442 1020 619 1084 Byzantinus,
639 1035 718 1086 quoe-

176 1103 229 1154 que
247 1087 356 1152 Caspiei
373 1088 454 1138 maris
474 1105 535 1139 orae
556 1090 718 1141 meridiana·

175 1159 215 1210 lea
234 1173 329 1208 versus
347 1159 374 1208 in
392 1158 484 1210 Media
501 1159 641 1210 habitasse
657 1161 717 1212 vult

176 1227 338 1280 Laroherus.
371 1228 543 1280 Paraetaceni
556 1229 719 1281 habitabant

176 1299 204 1348 in
222 1297 385 1364 regionibus,
399 1313 470 1364 qnae
487 1299 521 1349 ab
538 1301 599 1365 ipsa
607 1301 719 1352 Perside

176 1369 387 1434 septentrionem
400 1383 494 1419 verens
508 1370 630 1435 tendunt,
644 1387 718 1422 mon-

176 1439 303 1504 tibusque
320 1437 383 1500 illis,
403 1440 449 1504 qui
466 1439 583 1490 Mediam
607 1447 634 1492 et
652 1442 717 1492 Cas-

176 1523 268 1558 saeam
288 1524 304 1558 a
325 1507 438 1558 Perside
455 1509 601 1576 seiungunt
617 1512 716 1577 ipsum-

176 1595 227 1644 que
261 1583 349 1628 terrae
379 1577 458 1628 huius
485 1573 717 1646 (Hupaacueqcril

176 1664 274 1698 nomen
291 1647 330 1698 nil
352 1646 428 1698 alind
450 1649 503 1698 nisi
527 1655 626 1700 terram
645 1667 719 1702 mon·

177 1724 269 1769 tanam
298 1717 460 1786 (Bergland)
496 1719 649 1786 significare
686 1737 718 1771 ex

175 1789 294 1840 Zendioa
303 1787 397 1852 lingua
406 1803 477 1838 nune
488 1788 637 1841 declarant.
654 1791 718 1842 Vid.

176 1859 267 1911 Strab.
285 1857 359 1908 XVI.
382 1873 408 1924 p.
432 1857 499 1910 1019
514 1859 543 1910 C.
564 1865 592 1910 et
608 1861 716 1912 Arrian.

175 1929 281 1992 Exped.
299 1926 375 1978 Alex.
387 1927 439 1990 111,
461 1927 500 1980 19.
520 1933 544 1994 ξ.
559 1933 583 1980 2.
601 1931 717 1982 Haeren.

177 1997 263 2048 idean
281 1997 303 2058 Ι,
323 1998 347 2047 1.
371 2013 435 2063 pag.
455 1997 515 2050 303.
543 2001 661 2052 Eosdem
679 2006 719 2051 at-

179 2081 233 2132 que
260 2067 415 2118 Parieanios
443 2068 581 2120 existimat
606 2071 720 2122 Rennel.

136 2171 152 2194 ,
181 2135 280 2200 Geogr.
299 2135 362 2186 Her.
378 2153 403 2202 p.
423 2139 483 2188 501.
502 2139 669 2192 Hodiernum
678 2157 719 2192 re-

183 2205 270 2268 gionis
288 2219 380 2256 nomen
399 2207 496 2258 dicitur
513 2225 573 2260 esse
584 2211 718 2264 Bouraud·

174 2275 252 2338 jerd,
277 2279 307 2325 ut
332 2293 364 2326 ex
382 2278 527 2330 Hammero
543 2279 638 2332 laudat
658 2283 718 2332 Vun

180 2345 226 2396 der
244 2344 314 2411 Chys
338 2347 374 2396 ad
401 2348 507 2399 Arrian.
533 2349 551 2400 1.
579 2351 598 2401 1.
623 2368 650 2418 p.
674 2352 716 2404 73.

177 2415 339 2466 accuratius
352 2417 385 2467 de
396 2417 437 2467 his
451 2418 600 2484 disputavit
613 2423 718 2472 Lassen

176 2501 200 2538 ε.
216 2503 242 2536 v.
262 2487 447 2538 Paraetacene
465 2488 492 2537 in
505 2490 591 2541 Erech
608 2507 635 2541 n.
652 2493 718 2544 Gru-

176 2555 307 2620 berAllg.
327 2557 474 2622 Enoyelop.
487 2559 559 2610 Seet.
579 2561 635 2612 111.
655 2561 718 2613 Vol.

175 2627 228 2677 XI.
247 2643 273 2691 p.
292 2626 344 2676 325
362 2643 438 2694 seqq.
463 2627 526 2681 coll.
545 2631 634 2681 Rittsr
651 2631 719 2682 Erd-

176 2695 268 2746 irunde
286 2697 364 2747 VIII.
379 2713 405 2762 p.
417 2695 477 2749 389.
496 2701 570 2761 Quos
589 2701 613 2750 si
631 2702 719 2767 sequi-

175 2781 250 2828 mur,
264 2767 508 2818 Paraetacenorurn
526 2771 629 2834 posteri
647 2787 718 2821 nune

175 2841 310 2887 vocantur
333 2837 483 2898 Bakhum,
502 2843 558 2889 tarn
581 2841 654 2906 agris
673 2857 718 2891 eo-

175 2907 264 2958 lendia
286 2922 368 2972 quam
389 2909 492 2972 rapinis
515 2909 651 2961 faciundis
675 2911 719 2962 de-

176 2977 239 3027 diti.

210 3062 358 3113 Suuehales
376 3062 657 3117 collocatrLareherus
671 3067 719 3130 ita,

174 3137 207 3183 ut
226 3133 394 3183 occidentem
412 3149 505 3184 versus
523 3136 720 3187 ricinoshubu·

175 3203 249 3252 erint
258 3203 394 3252 Matienus
407 3218 441 3254 ac
453 3205 602 3270 Damaeoe,
614 3212 720 3272 septen-

175 3273 293 3322 trionem
321 3287 415 3322 versus
440 3273 560 3340 Sapires,
590 3277 719 3328 orientem

176 3357 274 3392 versus
292 3343 502 3395 Paraetacenos.

213 3447 334 3498 Ameana
359 3461 441 3512 prope
473 3447 605 3514 Choaspis
631 3450 720 3502 tontes

177 3515 258 3567 sedes
284 3516 419 3580 tenuisse,
440 3517 503 3568 inde
524 3535 540 3568 a
562 3519 656 3570 Budiis
680 3537 721 3571 se·

176 3585 362 3652 pteutrionem
379 3601 474 3637 versus
487 3589 564 3650 sitas,
579 3588 649 3638 idem
666 3606 720 3640 mo·

176 3659 226 3706 net
241 3654 401 3707 Lareherus.
420 3657 530 3720 Badias,
550 3673 663 3723 quorum
681 3676 721 3710 se-

140 3779 143 3784 ,
177 3725 227 3776 des
247 3740 301 3776 non
319 3725 386 3776 satis
406 3731 497 3778 certae
515 3727 579 3790 siut,
594 3727 720 3780 incoluis-

178 3811 209 3845 se
229 3793 275 3844 ilie
293 3795 447 3860 suspicatur
470 3797 593 3862 regiones
614 3803 720 3864 septen-

177 3864 295 3914 trionem
317 3879 411 3915 rersus
433 3881 450 3916 a
474 3867 562 3932 Megia
587 3867 670 3931 sitas,
694 3874 720 3919 et

178 3933 348 3984 occidentem
366 3951 461 3986 versus
480 3951 497 3986 a
514 3935 645 4002 Choaspis
663 3938 721 3988 ion-

178 4003 263 4057 tibus.
281 4003 404 4055 Ritterds
423 4005 581 4065 (Erdlrunde
599 4006 637 4057 11.
656 4023 719 4074 pag.

178 4071 394 4126 saecolum.
419 4074 492 4140 902.)
516 4073 575 4124 vult
597 4077 721 4129 sacerdo·

179 4141 263 4194 talem
286 4149 392 4210 genum
414 4160 473 4196 esse
495 4159 549 4194 nou
571 4145 659 4196 minus
680 4152 721 4198 at·

181 4223 233 4277 que
250 4213 357 4281 Magos,
374 4211 505 4280 simulque
523 4213 605 4264 refert
622 4214 674 4268 hoe
685 4217 721 4268 ad

181 4279 312 4335 Buddhue
328 4281 429 4335 cultum
449 4297 496 4349 pro
508 4297 581 4334 more
596 4299 654 4350 suo,
668 4299 720 4352 quo

226 4383 391 4430 HERODOT·
415 4385 436 4428 1.

769 803 936 856 incunabula
952 819 1040 855 rerum
1055 805 1208 857 divinarum
1226 811 1254 858 et
1265 806 1312 858 hu-

769 889 909 924 manarum
928 889 961 924 ex
977 875 1054 925 Indis
1072 876 1186 927 derivat.

803 943 898 1009 Mapos
933 945 979 994 vix
1013 945 1123 996 dubium
1155 947 1312 1012 primariam

769 1013 854 1064 luisse
877 1017 984 1078 gentem
1002 1015 1155 1078 Medorum,
1181 1017 1225 1066 cni
1246 1033 1311 1082 prae

769 1083 866 1133 ceteris
886 1083 983 1146 honor,
1002 1099 1068 1134 cura
1085 1100 1223 1136 sacrorum
1237 1091 1264 1136 et
1275 1086 1313 1136 le-

768 1169 832 1218 gum
845 1152 997 1203 divinarum
1007 1155 1147 1218 permissa.
1165 1156 1226 1204 Hoc
1241 1157 1312 1206 euim

769 1223 879 1272 minime
897 1222 1029 1286 alienum,
1048 1223 1120 1288 quod
1135 1239 1205 1290 quae
1224 1229 1313 1274 tanto-

768 1309 833 1358 pere
852 1297 915 1358 post
938 1293 1065 1344 inclaruit
1084 1309 1165 1358 gens,
1193 1294 1312 1344 tribuum

767 1363 875 1413 illarum
900 1378 954 1413 una
977 1363 1101 1429 primitus
1126 1363 1189 1415 fuit.
1231 1365 1310 1415 Cani.

767 1435 885 1484 Haeren.
909 1433 992 1484 Ideen
1018 1433 1036 1484 l.
1065 1433 1083 1484 l.
1110 1449 1137 1499 p.
1162 1434 1224 1485 409.
1249 1435 1311 1484 451.

766 1501 909 1569 Lengerke
932 1503 967 1552 ad
988 1503 1097 1554 Daniel.
1125 1519 1153 1569 p.
1176 1505 1211 1554 44
1235 1519 1312 1569 seqq.

767 1573 842 1624 Beck
864 1572 966 1624 Auleit.
993 1590 1017 1624 a.
1040 1573 1207 1638 Weltgeaoh.
1237 1575 1261 1626 I.
1284 1590 1311 1638 p.

768 1643 830 1694 646.
868 1642 1053 1693 Orientalibus
1071 1644 1247 1708 scriptoribus
1265 1644 1313 1708 qui

770 1711 897 1762 dieantur
921 1713 1013 1778 Maph,
1038 1728 1055 1762 a
1072 1713 1162 1778 Magia
1186 1729 1241 1763 non
1261 1713 1312 1762 dii-

770 1783 840 1831 ferre
868 1780 947 1830 valde
974 1785 1016 1832 est
1039 1782 1190 1846 probabile.
1233 1782 1312 1844 Quod

770 1850 942 1901 orientalium
964 1850 1103 1901 literarum
1127 1850 1208 1915 periti
1232 1867 1313 1916 expo·

769 1925 849 1971 nunt:
874 1937 997 1985 serapeum,
1021 1921 1136 1970 eubulum
1152 1921 1215 1986 (pro
1235 1918 1311 1984 Male)

769 1990 813 2041 vel
833 1990 915 2040 etiam
933 1997 1018 2055 caput.
1055 1990 1134 2040 Geni.
1154 1990 1249 2040 Virum
1266 1991 1313 2040 do·
1422 1997 1432 2010 ¹

769 2066 843 2111 otum
868 2060 896 2109 in
917 2061 1032 2110 Hermes
1046 2060 1151 2122 XXXI,
1176 2061 1187 2110 1
1209 2058 1310 2126 (1828).

769 2147 796 2196 p.
815 2130 858 2182 90.
878 2135 936 2182 not.
971 2130 1147 2192 flammatus,
1171 2145 1251 2195 quem
1269 2145 1312 2182 su·

768 2216 819 2266 pra
849 2198 888 2265 (1,
915 2199 959 2265 911)
988 2200 1105 2250 vidimus
1127 2201 1256 2251 Deioeem
1284 2205 1313 2251 et

768 2269 966 2321 Dsehemsehid
983 2285 1065 2319 unum
1080 2269 1246 2334 eundemque
1265 2271 1312 2320 ha-

769 2341 850 2404 bere,
875 2340 904 2389 iu
922 2340 996 2390 hisee
1021 2340 1145 2390 tribubus
1161 2339 1312 2402 Medorum,

769 2425 838 2477 quas
851 2409 1007 2460 Herodotus
1020 2416 1152 2472 recenset,
1171 2425 1225 2460 non
1242 2410 1312 2462 alius

769 2480 908 2546 agnoseit,
944 2495 1024 2546 qnam
1059 2495 1128 2546 quae
1160 2480 1210 2529 snb
1247 2495 1312 2545 rege

768 2549 964 2601 Deehemsehid
981 2550 1066 2600 fuisse
1088 2554 1234 2599 narrantur
1255 2555 1312 2599 tum

768 2621 798 2670 iu
819 2619 896 2670 libris
915 2621 1058 2670 Persarum
1082 2619 1168 2670 sacris
1198 2619 1312 2683 (Zende-

769 2689 875 2756 vesta),
905 2695 962 2740 tum
984 2690 1012 2740 in
1035 2689 1154 2739 earmina
1178 2688 1236 2750 illo,
1268 2690 1312 2740 eni

769 2775 867 2810 nomeu
896 2759 1092 2810 Sebahnameh.
1140 2758 1311 2820 Sacerdotes,

768 2831 855 2894 primo
877 2826 938 2879 loco
957 2827 1110 2893 ponendos,
1131 2843 1191 2878 esse
1210 2827 1312 2892 Mapoa,

770 2899 816 2965 qui
832 2897 913 2948 iidem
931 2899 1013 2948 etiem
1032 2897 1111 2946 Badii
1131 2895 1161 2956 (i.
1181 2911 1205 2945 e.
1227 2897 1313 2946 culto·

770 2966 826 3032 res)
838 2967 968 3033 appellati
986 2967 1100 3025 fuerint3
1122 2963 1219 3028 quibus
1231 2966 1313 3016 utris-

770 3054 823 3104 que
840 3037 1002 3103 respondere
1021 3051 1082 3096 eos,
1099 3035 1146 3100 qui
1156 3035 1271 3086 Athama
1286 3040 1313 3086 et

770 3108 901 3159 Kaluriau
919 3109 947 3157 in
970 3106 1023 3157 illia
1048 3105 1125 3156 libris
1142 3107 1311 3166 vocitentur3

770 3178 914 3228 Ariaantos
933 3177 987 3227 dici
1016 3177 1103 3240 Viapic
1121 3175 1206 3228 Ereae
1224 3181 1252 3228 et
1269 3177 1313 3226 Fi-

769 3252 858 3299 san'aa
883 3248 913 3310 (i.
943 3263 967 3297 e.
991 3244 1136 3311 artifices),
1166 3245 1313 3297 Stcnchatea

770 3333 830 3368 ease
841 3316 989 3379 Oetes-asch,
1008 3315 1116 3366 tertiam
1128 3315 1241 3378 tribum,
1259 3315 1313 3365 Ba-

769 3383 1313 3516 :ultlfthtiltu:utiliqil·

771 3527 830 3576 dem
853 3526 881 3574 iu
900 3523 1018 3573 earmina
1036 3521 1236 3583 Schahnameb,
1265 3520 1313 3570 sed

770 3597 798 3644 in
817 3593 989 3644 Zeudaveste
1011 3590 1066 3640 diei
1085 3589 1312 3657 Pcrrodckeschan,

771 3666 789 3715 i.
815 3680 839 3715 e.
864 3663 937 3712 viros
967 3661 1036 3726 legis
1058 3658 1226 3724 primitivae:
1256 3659 1312 3708 vid.

771 3733 880 3784 Wiener
893 3731 989 3783 Jahrb.
1001 3730 1049 3780 IX.
1066 3744 1093 3793 p.
1108 3728 1149 3779 li.
1167 3729 1206 3779 12.
1237 3729 1313 3791 Quae

771 3819 851 3870 quam
870 3807 971 3852 temere
991 3799 1082 3864 posita
1100 3798 1169 3863 sint,
1194 3799 1314 3850 ostendit

770 3871 892 3938 Hupfeld
914 3872 943 3920 in
964 3867 1097 3922 Exercitt.
1122 3867 1223 3921 Herod.
1248 3869 1313 3935 Spe-

772 3945 833 3994 eim.
852 3943 891 3993 11.
910 3956 973 4007 pag.
993 3939 1027 3992 35
1045 3953 1102 4004 seq.

971 4113 1036 4164 Osa.
1055 4111 1116 4164 cn.

806 4207 1023 4282 τελευτήσαντος
1057 4205 1199 4280 aquinae,
1236 4211 1315 4282 βασι-

771 4277 923 4345 iesleuvroc
933 4283 998 4352 τρία
1009 4281 1056 4336 aul
1068 4275 1245 4349 nunciaverat
1255 4279 1316 4333 ἔτεα

1073 4369 1111 4428 15
