3058 4928
227 264 289 326 622
662 261 930 324 HERODOTI

180 451 220 514 89
229 467 307 529 ρας,
332 439 388 507 καὶ
409 443 522 507 ἔπειτα
542 433 601 506 ἀπ’
629 427 678 506 ιδν
699 441 832 506 ἔδωκαν
852 431 1098 524 ἀποφέρεσθαι.
1157 431 1220 516 Τὰς
1244 433 1284 504 δέ
1300 463 1361 522 γυ-

225 558 343 622 ναῖκας
360 547 429 610 των
444 543 638 629 ἐπιφανέων
654 536 808 630 ἀνδρῶν,
829 535 932 608 έπεδν
949 537 1191 627 τελευτήσωσι,
1212 535 1254 608 οὐ
1274 565 1360 628 παρ-

225 653 345 715 αυτίκα
366 649 499 714 διδοῦσι
517 642 725 732 ταριχεύειν,
750 640 830 712 οὐδὲ
845 638 920 712 ὅσαι
939 636 982 710 δν
1003 633 1064 712 des
1089 637 1236 720 εὐειδέες
1256 641 1361 731 κάρτα

225 751 281 818 καὶ
298 748 401 836 λόγου
416 753 561 826 πλεῦνος
577 761 754 834 γυναῖκες·
806 742 881 814 ἀλλ’
907 743 1011 816 ἐπεὰν
1035 739 1219 834 τριταίαιῆ
1242 772 1359 835 τεταρ-

224 867 314 922 ταίαι
331 855 512 938 γένωνται,
536 847 625 918 οὕτω
648 853 874 936 παραδιδοῦσι
893 864 978 918 τοῖσι
1001 847 1224 937 ταριχεύουσι.
1262 854 1360 918 τοῦτο

225 956 263 1024 δὲ
279 957 429 1026 ποιέουσι
446 950 534 1022 οὕτω
553 958 654 1022 τοῦδε
677 957 818 1045 εἵνεκεν,
833 957 889 1022 ἵνα
907 949 953 1040 μή
968 972 1028 1040 σφι
1045 955 1079 1022 οί
1094 953 1285 1042 ταριχευταὶ
1303 959 1358 1040 μί«

224 1078 370 1145 σγωνται
387 1062 462 1150 τῇσι
478 1060 622 1144 γυναιξί.
681 1047 880 1146 λαμφθῆναι
908 1055 973 1143 γάρ
991 1055 1066 1124 τινά
1090 1080 1173 1142 φασι
1196 1054 1357 1143 μισγόμε-

223 1189 286 1231 νον
310 1167 421 1254 νεκρῷ
438 1159 621 1253 προσφάτῳ
644 1157 820 1247 γυναικὸς,
849 1174 1004 1230 κατείποι
1025 1158 1063 1227 δὲ
1082 1155 1141 1228 τδν
1166 1153 1357 1247 ὁμότεχνον.

224 1473 371 1594 Οάωχδ.ιδ.
395 1471 587 1524 Araneilruude
605 1471 628 1522 1.
648 1487 712 1536 pag.
731 1470 764 1522 97

223 1560 238 1594 e
260 1585 266 1598 .
299 1559 348 1594 er.
535 1573 546 1588 .·

377 1713 442 1765 Car.
463 1713 612 1765 LXXXIX.

259 1815 307 1867 i'vu
320 1810 360 1883 μή
368 1831 418 1884 σφι
429 1813 459 1868 oi
469 1811 630 1883 ταριχευταὶ
644 1813 764 1880 μίσγων-

223 1888 279 1954 ται]
299 1889 375 1938 Haec
390 1889 414 1938 si
427 1895 536 1953 reputes
554 1886 710 1952 turpissima
722 1889 765 1934 ts-

223 1959 404 2009 richeutarum
420 1959 556 2020 facinora,
582 1957 627 2006 vix
652 1955 765 2006 honora-

223 2033 311 2078 torum
334 2027 470 2078 homiuum
489 2027 576 2077 ordini
599 2041 645 2076 eos
664 2023 764 2074 adscri-

222 2099 285 2161 has,
310 2099 434 2162 quamvis
453 2097 589 2158 Diodorus
611 2095 639 2156 1,
658 2094 690 2144 91
716 2107 763 2144 eos

222 2168 296 2218 omui
313 2168 413 2218 honore
437 2167 566 2232 cultuque
591 2165 717 2230 dignatos
736 2166 764 2212 et

222 2235 408 2287 sacerdotibus
425 2236 572 2286 familiares
590 2233 698 2299 prodat.
730 2233 763 2282 Iu

221 2307 312 2356 omnis
337 2306 393 2355 slis
417 2305 476 2356 abit
501 2301 763 2355 Pseudo-Manethc

221 2377 275 2438 vl,
295 2375 346 2426 459
369 2390 444 2440 seqq.
473 2375 600 2424 miserum
627 2373 762 2422 hominum

218 2459 307 2510 genus
321 2443 478 2496 describens
492 2443 666 2494 taricheatas.
686 2442 763 2504 Quae

221 2513 418 2579 quodammodo
437 2513 576 2564 conciliari
589 2527 669 2578 posse
684 2515 763 2575 putat

221 2585 338 2634 Crenaer
353 2581 527 2647 (Commentt.
540 2582 661 2633 Herodd.
675 2597 700 2645 p.
717 2579 762 2642 13)

220 2652 288 2703 haee
305 2654 440 2704 scribens:
468 2653 615 2716 „videntur
632 2653 702 2702 enim
722 2655 763 2700 ta-

220 2722 359 2774 richeutse
377 2723 507 2788 adscripti
529 2723 613 2772 luisse
628 2720 764 2786 pastopho-

220 2796 271 2856 rr's,
295 2793 321 2844 h.
340 2809 364 2845 e.
382 2793 466 2843 infimi
489 2792 591 2843 ordinis
616 2790 764 2842 secerdoti-

220 2863 284 2923 bus;
311 2863 345 2913 de
365 2864 407 2913 his
431 2863 467 2914 ci.
485 2877 555 2929 quae
578 2861 716 2927 posuimus
735 2861 763 2909 in

221 2933 373 3000 Mytholog.
398 2934 422 2983 Ι.
446 2949 473 2997 p.
494 2931 546 2984 278
570 2930 619 2998 [ΙΙ.
638 2947 665 2996 p.
683 2933 700 2981 8
718 2929 761 2980 ed.

221 3001 296 3068 tert]
311 3007 338 3052 et
348 3003 448 3054 adhibe
459 3004 576 3068 Zoegeur
588 3003 622 3052 de
634 2999 761 3050 obelisco.

221 3089 248 3138 p.
270 3075 357 3123 255.“
399 3073 484 3123 Aliter
507 3072 605 3122 statuit
626 3069 762 3120 Amadeus

220 3143 328 3206 Peyron
346 3143 458 3207 (Pepyr.
478 3143 573 3194 Graec.
589 3157 615 3206 p.
630 3139 663 3190 83
680 3136 762 3203 seq.),

221 3211 268 3275 qni
286 3217 316 3260 ut
334 3211 499 3275 Cholchytas
522 3211 669 3276 superioris
694 3207 764 3258 ordi·

221 3281 264 3330 nis
283 3279 437 3330 secerdotes
462 3281 547 3332 inisse
571 3280 705 3344 longeque
723 3283 764 3326 ta-

221 3349 351 3399 richeutis
363 3351 534 3414 praestitisse
552 3349 704 3410 existimat,
723 3347 764 3396 itu

221 3418 431 3469 taricheatarum
440 3419 542 3470 nomini
553 3418 706 3468 indecoram
714 3415 763 3466 ali·

221 3503 302 3554 quem
320 3493 412 3540 notam
429 3490 546 3539 inustam
565 3487 664 3550 luisse,
681 3501 762 3551 quem

221 3559 304 3608 ceteri
322 3573 340 3608 a
361 3574 391 3608 se
406 3557 513 3610 emoliri
535 3557 702 3618 studuerint,
729 3571 762 3606 ex

220 3629 288 3693 ipsis
311 3629 422 3678 Graecis
444 3628 554 3693 papyris
578 3627 693 3691 intelligi
716 3624 763 3674 sd-

221 3703 324 3748 monet:
344 3713 427 3762 quare
447 3698 480 3746 de
496 3696 654 3746 tariclreutis
673 3712 706 3746 ea
724 3695 763 3744 ‹ll-

221 3773 267 3816 cta
284 3766 385 3827 credit,
410 3783 480 3832 quae
498 3763 761 3816 Pseudo-Munetho

219 3835 237 3888 l.
257 3835 277 3886 l.
294 3835 421 3900 protulit,
439 3835 641 3899 Diodorumque
658 3834 762 3884 iudicat

219 3907 320 3954 rectius
340 3921 386 3966 ea,
405 3921 474 3970 quse
492 3905 524 3954 de
543 3903 704 3954 taricheutis
719 3917 762 3952 eo-

219 3989 331 4038 rumque
358 3974 459 4024 honore
486 3974 596 4034 scribit,
623 3973 657 4024 de
683 3971 762 4022 choi-

219 4044 308 4106 chytis
324 4043 486 4108 scripturum
504 4043 598 4093 tuisse.
628 4042 760 4108 Equidem

218 4112 282 4176 quid
301 4113 431 4172 sentium,
450 4113 503 4162 iarn
521 4127 603 4176 supra
621 4111 655 4160 ad
671 4112 709 4173 11,
726 4109 761 4161 86

218 4179 364 4230 declarari.
414 4184 564 4231 (irenaerus
597 4181 660 4230 clim
693 4179 759 4230 haee

218 4249 413 4314 adscripscrat:
446 4251 504 4313 „In
528 4265 630 4315 papyro
654 4250 759 4300 Graeco

217 4319 253 4368 ad
280 4318 389 4370 Thebas
417 4319 567 4384 Aegyptias
597 4319 758 4382 pertinente,

177 1261 275 1346 90¹*03
291 1261 323 1334 d’
343 1259 387 1334 civ
404 1259 425 1354 ἦ
442 1260 556 1333 αὐτῶν
572 1269 769 1350 Αἰγυπτίων
784 1258 804 1351 ἦ
822 1265 943 1346 ξείνων
959 1257 1082 1352 ὁμοίως
1099 1257 1166 1332 ὑπὸ
1184 1267 1358 1352 ιιροιιοδεί-

818 1487 895 1536 quem
919 1485 1005 1536 nuper
1029 1486 1044 1520 e
1068 1471 1155 1522 Musei
1181 1471 1357 1523 Teuriuensis

815 1539 951 1591 thesauris
968 1541 1038 1590 eruit
1056 1545 1138 1606 atque
1156 1541 1183 1590 in
1195 1540 1282 1591 lucem
1299 1555 1359 1606 pro·

769 1611 771 1618 '
816 1611 879 1660 tulit
893 1611 1000 1677 Peyron
1019 1609 1145 1675 (Taurini
1160 1610 1247 1676 1826),
1264 1609 1358 1677 legun-

815 1686 861 1730 tur
883 1680 964 1730 haee:
994 1673 1025 1730 οί
1046 1671 1096 1736 τὰς
1122 1679 1297 1744 λειτουργίας
1326 1671 1357 1730 έν

815 1753 878 1807 ταῖς
892 1747 1016 1812 νειρίοιις
1029 1741 1230 1814 παρεχόμενοι,
1255 1742 1358 1800 satori-

815 1833 896 1883 μενοι
914 1812 945 1868 di
963 1811 1115 1884 Χοίχίται.
1143 1819 1221 1870 Unde
1239 1825 1356 1882 constat,

815 1889 936 1939 homines
963 1888 1081 1940 tortasse
1109 1889 1265 1940 secerdotes
1290 1889 1357 1940 inie-

815 1960 895 2009 rioris
913 1957 1030 2021 ordinis,
1055 1959 1102 2024 qui
1122 1959 1150 2008 in
1168 1959 1357 2024 ueoropolibus

816 2044 863 2090 ee,
881 2043 951 2094 quse
969 2028 1004 2078 sd
1022 2032 1143 2078 mortuos
1159 2028 1293 2092 iacerent,
1311 2044 1357 2078 eu-

815 2106 915 2160 rarent,
929 2097 1016 2148 dictos
1029 2111 1089 2149 esse
1101 2097 1257 2164 lelclytus.
1286 2099 1357 2160 Quo-

814 2183 873 2218 rum
894 2167 1002 2218 omniuo
1027 2167 1123 2218 crebra
1145 2165 1175 2216 lit
1200 2168 1303 2218 mentio
1329 2169 1357 2216 in

815 2238 925 2302 papyris
937 2237 1111 2288 Thebaicis.“
1134 2238 1210 2287 Haeo
1223 2239 1244 2288 G
1251 2255 1284 2301 τ,
1300 2239 1358 2302 qni·

814 2307 926 2358 buseum
949 2306 1021 2358 coni.
1050 2307 1189 2356 Letroune
1208 2307 1304 2358 Jouru.
1329 2308 1355 2357 d.

814 2377 878 2428 Sar.
897 2376 974 2428 1828.
988 2392 1014 2441 p.
1031 2377 1079 2427 102
1092 2391 1160 2442 seq„
1179 2377 1312 2427 Francius
1328 2378 1357 2426 iu

814 2446 895 2510 Corp.
910 2447 1050 2511 Inscriptt.
1065 2447 1111 2497 Gr.
1123 2446 1177 2496 111.
1191 2462 1218 2510 p.
1231 2445 1284 2497 30ss
1296 2462 1354 2512 seq.

814 2521 841 2566 et
858 2515 989 2566 Rosellini
1007 2515 1025 2566 l.
1045 2515 1063 2568 l.
1083 2531 1146 2580 pag.
1166 2515 1218 2566 354
1236 2531 1295 2582 seq.
1318 2513 1356 2566 εἴ·

815 2599 895 2634 νεκεν
917 2601 931 2635 e
954 2585 1040 2634 tribus
1065 2585 1141 2635 libris
1167 2583 1226 2650 (pro
1250 2581 1356 2648 εἵνεκα)

813 2656 866 2704 iam
886 2654 1036 2720 Schweigh.
1062 2659 1090 2704 et
1107 2655 1194 2706 Gaisf.
1214 2654 1355 2706 dederunt.

847 2727 979 2774 κατείπαι
998 2717 1029 2773 δὲ
1048 2715 1099 2773 τὸν
1116 2715 1280 2791 ὁμότεχνον]
1304 2725 1357 2775 Re·

814 2795 883 2844 tinrsi
907 2809 967 2844 cum
992 2793 1053 2844 edd.
1073 2799 1187 2846 receutt.
1205 2797 1353 2854 κατεῖπαις

811 2864 934 2928 plerique
956 2863 1035 2914 codd.
1059 2866 1217 2927 κατειπεῖν,
1243 2863 1276 2914 δε
1300 2879 1354 2928 quo

812 2933 868 2982 vid.
886 2939 957 2984 nott.
975 2933 1054 2996 adl,
1073 2933 1116 2986 til.
1157 2933 1199 2984 De
1217 2933 1354 2999 signifiea-

813 3003 887 3054 tione
904 3003 980 3054 verbi
1000 3004 1132 3070 (deferre,
1153 3003 1280 3066 indicare)
1299 3019 1355 3054 mo-

813 3073 858 3122 nui
882 3073 918 3124 ed
935 3072 1074 3124 Plutarch.
1093 3071 1190 3139 Pyrrh.
1208 3087 1273 3139 pag.
1294 3074 1354 3124 155.

1012 3245 1078 3296 Csr.
1098 3245 1155 3296 XC.
1226 3295 1242 3308 ,

841 3335 893 3405 Ὃς
912 3344 940 3396 δ’
954 3335 990 3397 ἂν
1009 3335 1029 3411 ἢ
1044 3337 1312 3412 attenuentur
1327 3362 1353 3396 ιι.

813 3433 836 3466 τ.
854 3415 891 3482 1.]
920 3417 1020 3482 suigil
1043 3416 1136 3468 eadem
1158 3417 1265 3482 Ioseph.
1292 3433 1355 3468 con-

813 3487 1057 3552 tradpiou.11,i.
1071 3502 1097 3552 p.
1111 3487 1162 3537 475
1182 3493 1209 3537 et
1227 3486 1355 3552 disquisi-

814 3556 854 3606 vit
878 3557 970 3622 Zcega
998 3557 1032 3606 de
1058 3555 1184 3608 obelisco.
1212 3572 1274 3621 pag.
1303 3556 1355 3607 294

814 3641 888 3691 seqq.
925 3627 1026 3691 Legem
1042 3625 1112 3676 enim
1128 3625 1228 3676 hancce
1247 3641 1307 3676 eum
1326 3626 1355 3674 in

813 3695 892 3746 linem
915 3696 1038 3746 sanxisse
1062 3694 1120 3744 vult
1137 3695 1288 3760 Aegyptios
1311 3709 1355 3744 sa-

812 3765 931 3828 pientes,
961 3769 992 3815 ut
1018 3763 1164 3814 electiores
1194 3769 1286 3814 esseut
1317 3762 1355 3813 ad

813 3833 922 3886 durium
939 3833 1163 3898 frequentandum
1180 3840 1208 3883 et
1220 3833 1314 3884 hortos
1328 3834 1355 3882 ei

813 3903 968 3954 adiacentes
991 3902 1118 3954 colendos
1142 3919 1192 3954 nec
1209 3902 1292 3953 ullum
1310 3901 1354 3953 vel

812 3973 974 4023 aflectibus
1000 3971 1044 4022 vel
1068 3989 1085 4022 a
1102 3971 1188 4024 beluis
1207 3971 1355 4038 periculum

812 4041 1029 4092 reformidarent.
1065 4042 1154 4108 Atque
1172 4043 1300 4094 Indorum
1318 4043 1353 4092 si-

811 4109 897 4160 milem
918 4125 978 4160 esse
1000 4113 1217 4175 persuasionem,
1242 4117 1273 4162 ut
1290 4112 1354 4162 bea·

810 4185 853 4228 tos
871 4179 992 4244 inprimis
1014 4181 1183 4244 existiment,
1203 4182 1250 4245 qui
1268 4181 1353 4231 saeris

809 4249 912 4313 Gangis
940 4249 1065 4298 fluetibus
1095 4251 1212 4300 immersi
1243 4251 1352 4314 luerint,

809 4331 887 4368 nemo
916 4317 972 4369 iere
1000 4317 1096 4368 nescit.
1142 4318 1205 4371 Vid.
1233 4319 1351 4370 Heeren.
