3096 4930
628 301 755 366 OLIO.
779 303 804 364 I.
827 311 888 366 193.

185 479 312 570 τρόπον
325 475 556 567 θεραπεύουσι
571 475 612 547 τύ
626 505 662 546 τε
676 474 777 564 ἄλλα,
809 479 865 548 καὶ
882 487 1069 566 φοινίκων,
1089 479 1168 564 πούς
1187 488 1326 572 ἔρσενας

177 582 336 671 Ἕλληνες
346 583 514 664 καλέουσι,
529 579 658 651 τούτων
669 578 729 650 τὸν
737 579 866 670 καρπὸν
880 587 1072 672 περιδέουσι
1085 591 1160 678 τῇσι
1174 593 1323 675 βαλανη-

189 687 323 776 φόροισι
337 691 407 756 τῶν
421 691 603 773 φοινίκων,
622 690 678 754 ἵνα
697 693 844 775 πεπαίνῃ
857 689 897 755 τέ
907 709 967 775 σφι
986 682 1004 756 ὁ
1017 684 1086 777 ψὴν
1099 685 1162 778 crin
1174 689 1324 778 βάλανον

190 791 361 874 ἐσδύνων,
388 790 444 858 καὶ
469 786 514 877 μὴ
540 785 688 878 ἀπορρέῃ
707 784 725 858 ὁ
746 786 872 878 καρπὸς
892 784 910 858 ὁ
933 795 995 859 πού
1017 797 1180 877 φοίνικος.
1215 797 1324 881 ψῆνας

189 975 298 1026 pressas
315 958 400 1023 (eteris
415 965 563 1022 pepresster·
580 957 652 1022 Teiy)
670 973 733 1008 con·
782 955 848 1006 flore
860 955 978 1020 spadicis
993 957 1060 1018 uati,
1073 955 1196 1006 femellae
1207 956 1326 1008 fructum

176 1032 246 1094 fici,
267 1027 542 1087 uomineSebmctach,
562 1029 589 1077 in
608 1027 732 1092 Aegypto
783 1026 940 1087 subeuntes,
960 1040 1019 1074 enm
1031 1029 1176 1075 maturent.
1205 1025 1327 1077 SedHe-

110 1151 111 1154 ,
189 1100 348 1152 observavit
363 1098 412 1150 Vir
430 1097 544 1148 illustris
562 1097 595 1148 de
606 1097 734 1148 Minutoli
783 1096 881 1146 rodoto
898 1095 1059 1145 adversatur
1077 1093 1280 1158 Theophrastus
1298 1096 1326 1145 in

190 1171 361 1238 (Nachtrtige
380 1183 414 1217 aa
431 1183 454 1217 s.
467 1167 549 1218 Reice
567 1184 594 1232 p.
608 1166 639 1217 91
661 1165 732 1232 seq.)
782 1165 880 1215 histor.
894 1163 1047 1230 plantarum
1060 1162 1099 1223 II,
1114 1161 1139 1210 9.
1156 1165 1183 1225 5.
1198 1163 1222 1212 5.
1235 1177 1263 1226 p.
1277 1163 1327 1216 113

190 1244 383 1304 accurateque,
403 1241 434 1288 ut
452 1236 558 1299 omnia,
579 1235 732 1302 descripsit,
784 1235 920 1298 scribens,
945 1233 1025 1282 flores
1048 1229 1121 1281 solos
1147 1230 1328 1282 mascularum

190 1311 283 1362 allatis
300 1323 408 1375 quoque
421 1307 463 1356 bis
482 1311 604 1356 veteram
620 1307 734 1371 scripto·
784 1304 934 1370 palmarum
948 1302 1018 1351 idem
1032 1298 1140 1350 efficere
1152 1299 1181 1349 in
1192 1299 1326 1364 femineis,

190 1398 248 1432 rum
268 1379 345 1430 locis.
387 1377 463 1427 Idem
488 1380 570 1442 porro
589 1383 692 1438 monet,
719 1391 734 1426 o
785 1373 858 1440 quod
881 1389 898 1424 a
920 1369 1051 1423 culicibus
1074 1368 1136 1418 istis
1159 1367 1272 1418 ficorum
1290 1369 1329 1420 fe·

191 1449 342 1518 palmarum
360 1463 457 1508 succo,
480 1446 527 1512 qui
546 1445 626 1511 plane
643 1450 674 1496 ut
689 1445 734 1496 be·
785 1459 875 1493 rarum
894 1443 922 1490 in
940 1439 999 1490 ficis
1015 1438 1164 1488 mansuetis
1181 1437 1327 1490 efficiatur.

190 1522 266 1574 tulao
290 1520 379 1569 siccus
404 1516 476 1583 apud
501 1519 654 1578 nostrates,
690 1514 734 1565 vel
785 1513 868 1564 Cuius
886 1508 1016 1560 iudicium
1040 1506 1128 1556 secuti
1151 1507 1204 1556 viri
1221 1509 1327 1572 gravis·

190 1588 333 1643 incidendo
360 1585 404 1638 vel
433 1585 595 1636 terebrando
623 1585 733 1635 arbores
784 1581 859 1642 simi,
881 1577 1072 1630 Salmasinsin
1082 1575 1168 1627 Solimi
1183 1575 1248 1627 hist.
1262 1593 1327 1644 pag.

191 1659 374 1728 percipiatur,
402 1659 454 1707 νιάι·
479 1655 615 1720 quoddam
642 1654 734 1719 parari
784 1651 844 1711 938,
863 1649 879 1697 2
897 1648 929 1698 Δ.
946 1647 977 1710 Β,
997 1651 1024 1696 et
1040 1644 1168 1696 Budaeus
1187 1660 1204 1696 a
1221 1645 1326 1712 stapel,

192 1747 291 1798 genus,
315 1728 359 1779 cui
377 1741 474 1778 nomen
493 1723 585 1790 Lakby
603 1740 625 1774 s.
644 1723 733 1782 Sabin.
785 1721 880 1770 doctus
907 1714 1090 1780 Theophrasti
1118 1715 1267 1780 interpres,
1299 1717 1328 1766 in

191 1800 370 1865 Frequentius
383 1798 733 1846 tamentumesuccotum
784 1785 952 1837 Herodotum
973 1783 1153 1846 invehuntur,
1180 1785 1227 1849 qai
1254 1773 1349 1850 quod'

90 1859 95 1868 ⁸
193 1888 208 1923 e
227 1869 357 1921 fructibus
376 1866 507 1931 optimum
525 1867 632 1914 acetum
650 1859 734 1911 aliud·
783 1857 812 1906 in
825 1853 1029 1919 caprificatione
1046 1867 1112 1903 usus
1128 1853 1326 1917 introduxerat,

193 1957 246 2007 que
276 1937 368 1988 vinum
403 1935 528 1986 adustum
564 1928 732 1998 (Brantrveia)
783 1925 811 1974 id
828 1923 1013 1989 imprudenter
1029 1923 1066 1972 ad
1084 1921 1189 1987 palmas
1208 1927 1329 1973 transtu-

195 2007 277 2062 efdci.
309 2006 387 2068 Quod
401 2019 454 2071 quo
471 2003 550 2053 modo
567 2001 625 2052 lieri
641 2001 732 2062 queat,
783 1993 855 2044 lerit.
891 1993 946 2060 Sed
962 1991 1116 2054 Herodoto,
1133 1997 1165 2042 nt
1182 1993 1249 2042 testi
1266 2007 1329 2043 ocu-

194 2081 236 2130 vir
265 2076 461 2128 eruditissimus
494 2071 583 2122 lucide
612 2066 731 2131 exponit.
783 2062 854 2124 lato,
885 2061 945 2126 plus
966 2061 1139 2112 tribuendum
1162 2075 1222 2112 esse
1246 2077 1328 2126 quarn

194 2151 252 2202 Nec
264 2147 373 2207 mirum,
391 2145 509 2194 rinume
524 2139 621 2204 palmis
639 2136 733 2185 etiam-
784 2131 973 2196 Theophrasto
992 2147 1025 2182 ex
1041 2129 1157 2180 aliorum
1171 2131 1328 2182 narratione

195 2235 267 2270 nunc
288 2217 317 2266 in
334 2211 499 2279 Babyloniae
522 2207 621 2258 veteris
647 2205 734 2269 regio·

195 2290 274 2340 nibus
291 2285 395 2351 parari,
413 2281 440 2332 id
451 2278 522 2345 quod
534 2280 651 2326 testatur
663 2275 734 2324 Hee

195 2375 252 2410 ren.
278 2356 297 2406 l.
316 2369 397 2418 supra
421 2348 494 2399 laud.
518 2361 581 2411 pag.
607 2343 657 2396 146
675 2347 733 2394 not.

196 2429 251 2479 Mel
272 2425 420 2491 palmarum
438 2417 521 2467 refert
543 2415 614 2466 idem
631 2414 734 2463 Heere-

194 2499 255 2548 nius
267 2491 443 2562 probabiliter
456 2485 490 2535 ad
506 2483 665 2536 saccharum
678 2482 734 2548 pal-

194 2569 307 2620 marium
330 2555 563 2625 (Patrensaclrer),
586 2553 633 2618 qui
657 2568 672 2602 e
694 2567 734 2603 re·

195 2637 267 2690 canti
288 2630 437 2698 palmarum
468 2639 551 2674 succo
574 2621 735 2673 condoletur

194 2707 325 2769 hodieque
348 2699 383 2748 ab
401 2694 536 2746 Arabihns
560 2707 642 2757 saepe
659 2691 736 2742 adbi-

193 2779 297 2828 beatur.
333 2767 402 2819 Add.
423 2763 551 2815 Minutoli
568 2762 587 2814 1.
606 2762 624 2812 l.
644 2791 679 2801 -
702 2761 735 2810 In

195 2859 268 2909 seqq.
287 2855 335 2906 pro
355 2831 463 2886 συκέων
480 2837 595 2884 receutt.
612 2832 672 2882 edd.
691 2831 736 2881 de-

195 2915 291 2966 derunt
313 2903 448 2968 συνεὲων,
476 2903 535 2953 siue
558 2902 734 2953 necessitate.

195 2983 273 3035 conf.
294 2977 411 3030 Bredor.
429 2989 456 3040 p.
476 2973 536 3024 219.

229 3043 263 3102 τύ
281 3064 308 3098 τε
327 3038 410 3109 ἄλλα,
436 3038 484 3092 καὶ
503 3037 645 3106 φοινίκων
669 3029 737 3096 τούς

195 3115 309 3185 ἔρσενας
328 3133 353 3166 π.
370 3131 393 3164 π.
408 3111 445 3179 1.]
464 3112 506 3163 Λᾶ
518 3102 552 3160 τὰ
562 3099 632 3159 oilla
647 3111 738 3158 mente

195 3189 384 3256 repetendum:
414 3173 623 3246 θεραπεύωσι,
652 3181 685 3228 ut
705 3191 739 3228 ea

196 3251 348 3312 sit‘Nostri
370 3253 520 3306 sententia:
551 3265 630 3312 „non
651 3245 738 3298 solum

196 3333 224 3382 in
251 3328 361 3394 reliquis
384 3323 489 3390 palmas
512 3319 606 3371 colunt
627 3317 739 3368 ficorum

197 3417 270 3452 more
290 3399 322 3462 (i.
343 3414 366 3446 c.
386 3409 417 3445 eo
436 3407 524 3455 more,
544 3405 597 3454 quo
616 3388 643 3436 in
657 3387 739 3438 Grae-

197 3473 241 3522 cia
258 3470 302 3520 fici
323 3465 376 3518 coli
399 3462 517 3525 solent),
540 3473 633 3510 verum
656 3457 739 3506 etiam

198 3543 315 3592 fructum
346 3549 438 3586 earnm
470 3530 635 3596 palmarum,
672 3541 740 3590 quas
792 3539 809 3588 p

199 3609 297 3664 Graeci
315 3603 451 3657 masculas
473 3603 588 3658 vocant,
608 3594 743 3646 circumli-

199 3685 266 3746 gant
284 3674 443 3744 glandiferis
461 3667 589 3736 palmis.“
614 3667 652 3716 Ut
670 3665 742 3714 enim

199 3753 227 3800 in
244 3746 359 3800 Graecia
377 3742 481 3807 ψῆνες,
500 3753 569 3804 quae
586 3737 614 3786 in
631 3736 695 3785 feris
714 3733 743 3783 fi.

200 3821 239 3872 cis
248 3819 358 3879 sinunt,
369 3810 586 3864 immittebantur
598 3805 656 3855 ficis
670 3820 743 3855 man-

200 3889 301 3950 suetis,
325 3901 378 3951 quo
396 3883 501 3934 fructus
521 3878 743 3936 maturescerent,

201 3974 288 4023 neque
312 3958 339 4004 in
367 3959 466 4004 terram
494 3947 663 4006 deciderent,
692 3944 744 3993 boc

201 4028 280 4079 modo
301 4025 384 4076 etiam
401 4023 429 4072 in
446 4018 543 4084 palmis
557 4033 573 4066 a
585 4013 744 4079 Babyloniis

201 4097 259 4148 fieri
284 4095 385 4146 Noster
413 4089 522 4150 scribit,
554 4101 614 4135 cum
644 4083 745 4148 palme-

202 4183 261 4218 rnm
271 4163 453 4215 muscularum
466 4160 594 4217 fructum,
608 4154 635 4204 h.
648 4169 671 4203 e.
685 4167 746 4216 spa-

203 4237 288 4287 dicam
306 4250 366 4284 cnm
385 4233 449 4282 flore
468 4227 633 4285 abscissum,
653 4221 746 4272 eodem

203 4307 296 4366 morlo,
323 4319 376 4369 quo
408 4313 518 4365 grossos
544 4293 603 4344 licis
633 4291 747 4355 alligent

203 4375 310 4443 palmae
335 4371 483 4433 foeminae,
511 4381 564 4435 quo
594 4362 694 4414 cuhces
719 4375 748 4412 ru
799 4358 872 4410 (llum
900 4368 1023 4406 invento:
1058 4364 1076 4401 α

784 2201 927 2266 pendenti,
946 2199 1084 2266 persuasit
1102 2199 1155 2250 Iul.
1173 2201 1329 2251 Pontedera

785 2273 813 2321 in
825 2269 973 2336 Antholog.
992 2285 1014 2320 e.
1029 2269 1062 2319 de
1079 2269 1139 2320 flor.
1158 2273 1248 2320 natur.
1266 2268 1329 2333 (Pa-

784 2346 841 2391 tav.
863 2339 941 2405 1729)
965 2340 1009 2402 11,
1030 2339 1079 2400 32,
1109 2339 1156 2389 ubi
1179 2338 1277 2404 palmis
1300 2339 1329 2388 in

785 2411 890 2461 oriente
901 2409 1059 2470 fructiferis,
1071 2423 1105 2457 ne
1117 2407 1251 2472 palmulae
1266 2413 1329 2458 ante

785 2479 971 2530 maturitatem
991 2479 1133 2540 amittant,
1152 2492 1201 2544 per
1218 2477 1268 2528 hos
1286 2493 1329 2527 ca-

784 2551 845 2602 lices
857 2565 880 2598 s.
891 2546 987 2613 ψῆνας
999 2547 1121 2599 succurri
1133 2551 1238 2598 narrat.
1254 2547 1331 2598 Idem

786 2617 905 2669 affirmat
922 2617 1050 2669 Minutoli
1067 2615 1085 2668 1.
1105 2616 1124 2667 1.
1143 2633 1169 2682 p.
1190 2617 1223 2667 87
1242 2631 1329 2681 seqq,

786 2689 833 2754 qui
866 2688 899 2738 de
930 2687 1136 2752 capriticatione
1169 2685 1329 2750 palmarum,

787 2757 874 2824 qualis
894 2771 966 2807 nunc
988 2758 1017 2806 in
1037 2757 1162 2820 Aegypto
1180 2754 1224 2817 fit,
1251 2769 1331 2805 accu-

785 2832 846 2878 rate
864 2827 998 2890 exposuit.
1027 2824 1097 2876 Add.
1111 2821 1330 2874 Winckelmaan.

787 2897 822 2948 ad
834 2895 973 2947 Plutarch.
986 2895 1089 2944 Erotic.
1101 2908 1128 2956 p.
1144 2891 1204 2954 129,
1221 2896 1248 2941 et
1261 2901 1332 2956 quae

787 2981 820 3018 ex
844 2963 1072 3016 commentatione
1095 2959 1245 3011 Schwaraii
1267 2960 1331 3009 affe·

788 3039 883 3087 rantur
899 3035 928 3084 in
940 3033 1043 3083 Comm.
1058 3030 1190 3082 Societat.
1201 3029 1331 3094 philolog.

788 3106 863 3170 Lips.
883 3104 906 3165 I,
926 3103 951 3153 l.
970 3117 1034 3167 pag.
1054 3100 1087 3152 16
1104 3101 1181 3164 seqq.
1217 3100 1261 3151 dr.
1281 3113 1332 3149 nos

788 3172 918 3226 amandat
936 3170 971 3222 ad
988 3169 1154 3235 Geopouicc.
1167 3170 1202 3231 Χ,
1221 3171 1238 3221 b
1256 3166 1332 3234 (coll.

788 3246 827 3308 Χ,
845 3242 875 3307 4)
898 3242 964 3306 ibiq.
988 3239 1093 3292 Niclas.
1116 3237 1249 3305 pag.·ftbl
1273 3237 1333 3302 (cu-

789 3317 831 3364 ius
848 3311 939 3363 verbis
956 3311 1011 3361 iam
1030 3325 1113 3374 supra
1129 3323 1195 3359 usus
1214 3305 1287 3370 sum)
1306 3311 1334 3357 et

790 3385 825 3434 ad
848 3381 982 3433 Ammian.
1005 3377 1156 3430 Marcellin.
1176 3378 1280 3438 XXIV,
1307 3375 1333 3426 3.

790 3453 815 3516 ξ.
831 3454 863 3504 12
881 3451 947 3515 ibiq.
967 3448 1150 3512 Lindeubrog.
1165 3451 1192 3496 et
1203 3446 1334 3510 Wagner.

812 3561 818 3574 .
838 3522 881 3572 71.
911 3518 1063 3570 Larchsrus
1080 3517 1133 3566 hac
1152 3517 1186 3566 de
1202 3530 1232 3564 re
1250 3512 1335 3564 Plinii

791 3593 881 3644 locum
908 3589 1093 3652 adscripscrat
1118 3586 1146 3634 in
1168 3584 1243 3636 Hist.
1270 3583 1335 3632 Nat.

792 3663 856 3722 XV,
878 3662 908 3713 19
932 3663 960 3709 et
977 3655 1153 3708 Toumefort.
1176 3654 1205 3702 in
1222 3653 1337 3716 voyage

793 3733 830 3783 du
846 3731 968 3792 Levant,
987 3729 1061 3779 Lett.
1080 3724 1158 3776 VIII.
1176 3739 1203 3787 p.
1223 3720 1284 3774 338.
1301 3749 1337 3759 -

792 3799 946 3852 Articulum
963 3787 978 3846 ὁ
996 3800 1060 3848 ante
1077 3791 1130 3843 rori
1144 3790 1278 3856 φοίνικος
1289 3791 1338 3839 ite·

794 3875 884 3922 ratum
903 3867 1005 3918 omittit
1021 3863 1199 3926 Florentiuus¹
1214 3873 1338 3924 unusque

794 3939 936 3992 Parisinus
948 3953 1010 3988 cum
1021 3933 1174 3992 Athenaeo;
1188 3929 1260 3980 unde
1271 3929 1340 3979 Din-

795 4009 858 4061 dorf
873 4022 980 4074 qnoque
997 4005 1102 4066 omisit,
1127 3999 1243 4052 Dietscb
1260 3997 1338 4048 uncis

795 4077 917 4130 inclusit.
952 4075 1020 4128 Mihi
1038 4075 1108 4125 bene
1129 4070 1241 4122 retineri
1258 4083 1339 4134 posse

795 4149 913 4200 ridetur.

831 4215 928 4281 ψῆνας
952 4205 1004 4279 γὰρ
1027 4203 1064 4276 δὴ
1091 4206 1230 4275 φορέουσι
1253 4197 1283 4256 ἐν
1300 4200 1340 4270 τῷ

1117 4279 1198 4345 Apud
1220 4274 1341 4330 Gaisfor·

797 4284 898 4353 aaqnqi
921 4277 1082 4346 eliquasse

818 4359 825 4370 ·
901 4356 908 4368 ·
983 4354 990 4366 “
1117 4345 1241 4418 ἔρσενες,
1268 4340 1343 4414 quod
