3032 4916
515 319 763 380 noussen.
786 319 829 380 11.
852 333 912 386 ne.
1175 395 1180 402 ,
1219 327 1279 387 705

145 491 183 557 ἐν
202 495 412 579 τρισχιλίοισι
435 494 533 560 ἔτεσι.
568 491 675 586 τούτῳ
696 493 851 588 τῷλόγῳ
872 495 937 564 stol
956 500 990 564 οἳ
1000 489 1168 587 Ἑλλήνων
1181 498 1277 590 ἐχρή-

143 689 222 741 modo
246 691 273 740 in
299 690 451 742 Amentben
474 689 571 754 delati,
599 693 687 742 conti·
737 692 818 744 dubie
835 695 904 745 enirn
929 711 1022 746 verum
1045 697 1116 749 vidit
1133 699 1279 750 Wesselin-

142 765 237 810 uenter
258 761 448 827 obtemperant
464 761 685 812 Osiridi-Pluto-
736 764 797 828 gius
816 764 894 815 adh.
914 765 942 828 1.,
962 781 1022 816 oum
1041 769 1212 836 Pherecydem
1229 769 1278 834 Sp·

142 831 179 893 ni,
199 829 247 880 sed
270 831 378 895 plurimi
400 831 564 882 macularum
582 834 684 898 superi·
716 835 798 882 ἰιίιιιι
816 839 843 884 et
856 835 1027 900 Pythagoram
1040 838 1187 903 significari
1197 839 1275 889 dicit.

143 915 188 950 ore
205 901 233 948 in
245 902 303 950 vita
315 906 517 952 contractarum
527 901 630 967 aliquid
644 917 684 952 re·
735 900 821 968 [Idem
840 904 938 954 statuit
960 906 1089 970 Lepsius:
1115 908 1278 976 Chronolog.

143 969 243 1032 tinent,
277 970 340 1021 hine
362 971 485 1036 plurimis
512 971 684 1037 migrandum
735 973 762 1024 d.
782 975 900 1038 Aegypt.
919 973 942 1023 I.
961 990 988 1038 p.
1008 975 1063 1041 42]
1082 977 1160 1028 Cous.
1185 979 1276 1030 Stura.

142 1044 183 1089 est
211 1055 259 1104 per
283 1041 439 1091 animalium
467 1057 581 1106 corpora
603 1042 684 1106 idque
735 1041 770 1092 ad
792 1043 941 1108 Pherecyd.
959 1044 1056 1110 fragm.
1080 1063 1143 1112 pag.
1165 1049 1276 1099 11-15.
1377 1043 1382 1051 ’

141 1109 225 1159 ternis
243 1108 363 1173 vicibus,
385 1125 456 1175 quae
472 1111 554 1160 trium
571 1111 684 1162 millium
735 1113 775 1162 Ac
785 1110 949 1177 Pherecydis
961 1128 1041 1178 quam
1054 1115 1219 1167 celebratum
1231 1133 1278 1168 no·

142 1193 273 1229 annorum
304 1181 422 1245 spatium
457 1180 683 1246 complectuntur.
735 1197 796 1231 nien
819 1182 904 1232 luerit
921 1183 992 1247 apud
1013 1185 1087 1235 cives
1105 1191 1277 1252 externaque,

142 1249 231 1313 Atque
249 1249 320 1300 hune
339 1249 426 1300 tribus
450 1265 581 1301 annorum
604 1251 685 1300 milli·
735 1266 813 1301 nemo
825 1252 949 1316 ignorat,
968 1253 1020 1302 nisi
1032 1258 1079 1319 qui
1090 1255 1278 1321 philosophiae

141 1319 191 1368 bus
206 1317 401 1370 absolvendum
414 1320 555 1370 circuitum
568 1336 685 1386 pronun·
735 1321 878 1371 historiam
891 1323 1006 1388 ignoret.
1042 1325 1216 1392 Pythagorae
1229 1341 1277 1376 au·

140 1387 368 1440 tiatilorodotus:
382 1405 432 1440 neo
440 1390 493 1441 alio
505 1391 684 1456 spectatPin-
734 1397 790 1440 tem
802 1406 901 1442 nomen
910 1391 995 1442 multo
1008 1394 1092 1444 etiam
1104 1394 1276 1446 celebratius.

141 1458 261 1508 daricnm
273 1451 300 1516 ἐς
318 1455 378 1524 τρὶς
388 1451 544 1524 ἑκατέρωθι
559 1460 682 1527 (Olymp.
734 1460 794 1510 Iam
816 1461 988 1524 Herodotus,
1016 1469 1048 1514 nt
1071 1465 1118 1529 qui
1134 1464 1276 1516 historiam

140 1528 177 1592 11,
190 1529 239 1578 122
252 1527 323 1647 peqi)
334 1534 416 1594 atque
428 1529 682 1596 Platonicumzoso-
734 1545 811 1580 suam
824 1530 969 1581 conficeret
980 1532 1008 1581 in
1023 1533 1125 1600 Magne
1138 1533 1186 1585 illa
1195 1536 1276 1586 Grae·

139 1597 282 1662 χιλιοστον
315 1598 480 1664 πος(1.1.).
522 1601 683 1667 Congrnunt
734 1600 880 1666 cia,quam
890 1603 1276 1671 totamtenebathtbagorae

139 1683 203 1717 vero
223 1668 290 1718 haec
309 1669 362 1718 tria
380 1684 511 1720 annorum
523 1669 683 1722 milliacum
733 1670 1020 1736 Pythagoreorumque
1032 1675 1191 1737 auctoritas,
1211 1689 1277 1725 nou-

141 1736 243 1787 eirculo
265 1737 395 1788 Sothiaeo
417 1753 440 1789 s.
466 1740 615 1790 oanioulari
637 1755 683 1790 vc·
733 1740 788 1790 nisi
810 1745 882 1790 tecte
904 1756 937 1790 ao
960 1740 1113 1792 clanculum
1132 1743 1276 1809 designare

141 1812 228 1856 terum
256 1805 465 1872 Aegyptiorum,
493 1809 540 1874 qui
569 1815 597 1860 et
625 1810 684 1874 ipse
734 1814 843 1874 poterat
866 1809 1119 1876 conphilosophos,
1140 1827 1208 1878 qnos
1226 1814 1277 1863 soi·

140 1875 255 1926 totidem
279 1890 411 1926 annorum
440 1876 568 1928 solarium
593 1879 683 1943 spatio
734 1879 798 1928 ebat
816 1881 988 1944 arrogantius
1007 1881 1125 1933 iactasse
1138 1897 1167 1932 se
1184 1887 1277 1933 aucto·

120 1945 301 1996 absolvitur.
348 1947 408 2008 Quo
437 1947 563 1999 absoluto
597 1950 682 1998 iusto-
733 1962 776 1998 res
795 1947 1017 2014 disciplinarum,
1042 1967 1111 2016 quas
1133 1952 1168 2002 eb
1187 1953 1276 2018 Aegy-

141 2031 200 2066 rum
218 2019 301 2080 atque
318 2015 466 2066 insontium
475 2015 611 2068 hominum
626 2018 683 2068 ani·
732 2017 797 2082 ptiis
825 2017 983 2068 hauserant.
1019 2021 1114 2086 Neque
1137 2022 1196 2087 ipse
1221 2022 1274 2072 ior·

141 2101 202 2135 mae
220 2085 334 2135 redeunt
350 2086 386 2136 ad
405 2101 544 2151 supremos
563 2088 629 2138 deos
643 2086 681 2150 (h.
731 2093 807 2137 tasse
825 2087 956 2138 historiae
979 2093 1058 2153 pater
1081 2091 1213 2156 derogare
1230 2106 1276 2142 vo·

141 2171 164 2205 e.
176 2153 289 2205 lixarum
298 2153 436 2206 stellarum
445 2157 683 2224 praesides)‚·quo-
731 2157 807 2207 lebat
824 2156 928 2222 gloriae
939 2158 998 2208 eius
1010 2160 1075 2222 viri,
1094 2161 1140 2226 qui
1158 2175 1209 2210 sua
1222 2161 1277 2210 vir·

140 2240 200 2274 rum
216 2225 246 2274 in
263 2225 374 2276 chorum
392 2221 574 2297 recipiuntur;
598 2226 682 2292 fitque
734 2231 793 2276 tute
810 2227 975 2293 ingenioque
999 2243 1032 2280 ao
1055 2230 1159 2280 meritis
1184 2235 1276 2280 tanto·

140 2294 186 2345 ille
203 2293 307 2346 reditus
323 2311 372 2360 per
387 2296 493 2346 zodiaci
503 2297 643 2358 ambitum,
663 2297 681 2346 i.
733 2311 795 2361 pere
813 2295 980 2348 inclaruerat
997 2299 1069 2364 apud
1086 2300 1206 2351 Graecos
1215 2299 1277 2349 bar·

141 2379 165 2414 e.
189 2380 237 2430 per
260 2379 370 2430 gregem
396 2365 543 2416 bestiarum
566 2365 683 2416 siderea·
734 2366 877 2432 batosque.
926 2367 1004 2428 Quod
1031 2384 1095 2420 vero
1125 2369 1275 2420 doctrinam

140 2450 211 2496 ιιιιιις
230 2434 363 2500 siquidem
381 2434 418 2484 dii
429 2451 490 2486 oum
507 2435 615 2486 lunares
626 2441 683 2486 tum
734 2435 809 2486 illam
845 2437 1110 2502 metempsychoseos
1145 2443 1275 2505 tanquam

140 2503 293 2569 planetarea
325 2511 407 2572 atque
433 2505 538 2557 solares
567 2507 683 2572 reliqna·
734 2521 812 2556 anam
833 2505 980 2558 tradidisse
998 2509 1107 2559 eosdem
1130 2509 1198 2560 dicit
1222 2509 1276 2560 No-

140 2589 252 2641 rumque
275 2574 415 2626 stellarum
443 2575 556 2626 fixarum
583 2575 683 2642 praest·
734 2581 804 2626 eter:
835 2591 935 2640 magno
959 2584 1118 2644 argumento
1143 2583 1198 2642 est,
1229 2592 1276 2628 eos

140 2644 187 2695 des
218 2650 281 2695 sunt
310 2645 416 2696 siderea
443 2652 580 2708 armentu
618 2661 684 2712 quo·
734 2661 789 2697 nou
803 2645 897 2695 rudem
915 2645 989 2696 illam
1007 2647 1141 2698 duntaxat
1163 2664 1195 2698 ac
1218 2645 1276 2697 vul-

139 2716 683 2851 :tt‘’stritt‘nhtt‘lff'tthre
733 2714 1277 2850 {titftihhthrtztttlht

141 2854 169 2902 in
190 2853 251 2903 loca
273 2853 502 2905 nobilissimorum
526 2855 682 2904 animalium
734 2855 970 2918 eruditioremque.
1006 2853 1178 2918 Pythagoraa
1203 2857 1276 2903 certe

141 2923 199 2972 sive
211 2921 277 2972 solis
290 2921 418 2988 Siriique.
454 2925 526 2973 Hinc
535 2925 684 2973 bestiarum
734 2923 801 2972 nihil
819 2924 872 2972 nisi
885 2921 965 2972 valde
975 2923 1084 2972 doctum
1099 2921 1276 2986 limatumque

142 2991 230 3040 cultus
247 3006 295 3055 per
312 2993 478 3056 Aegyptum,
498 2993 561 3042 hino
579 2993 685 3042 bestiae
735 3007 783 3057 pro
796 3007 845 3041 suo
857 2996 966 3055 poterat
975 2992 1003 3040 in
1016 2991 1132 3042 medinm
1145 2991 1275 3056 prolerre.

142 3061 192 3109 rite
209 3059 336 3109 conditae
354 3067 381 3110 et
404 3063 555 3125 repositae,
579 3067 610 3111 ut
627 3061 685 3126 plu·
735 3061 832 3125 Arguit
850 3065 935 3122 aetas,
955 3075 1010 3125 qua
1026 3060 1145 3111 scholam
1156 3059 1275 3125 apernit;

142 3129 216 3178 ribus
235 3128 430 3180 declaravimus
450 3131 484 3180 ad
511 3131 548 3194 11,
568 3131 601 3182 67
621 3129 683 3180 coll.
735 3130 827 3195 arguit
855 3129 994 3193 ingenium
1023 3130 1138 3180 bominis
1167 3128 1276 3180 aliunde

142 3199 185 3250 65.
222 3199 257 3248 Et
276 3198 392 3248 conferri
417 3215 523 3265 quoqne
548 3204 683 3264 poterunt,
736 3199 886 3263 cognitum
912 3200 1003 3264 arguit
1025 3199 1083 3263 ipse
1108 3198 1275 3260 Herodotus,

143 3283 213 3333 quae
237 3268 270 3318 de
296 3267 347 3318 hoc
372 3268 449 3335 cyclo
473 3275 514 3319 ter
538 3269 610 3319 mille
637 3283 684 3318 an·
736 3283 906 3335 qusmsupra
922 3269 1062 3333 attigimus
1074 3268 1124 3333 (11,
1136 3267 1196 3332 49).
1222 3267 1278 3318 Ubi

142 3353 237 3388 norum
255 3339 380 3402 exposuit
393 3339 527 3390 Gatterer.
547 3338 566 3389 l.
582 3338 600 3388 l.
620 3353 684 3404 pag.
737 3354 797 3389 oum
821 3336 933 3402 Orphici
964 3339 1046 3388 etiam
1078 3339 1209 3404 grandius
1243 3353 1276 3387 ae

144 3409 179 3460 48
197 3423 271 3474 seqq.
370 3397 381 3414 ⁰
736 3407 878 3458 sublimius
905 3406 1056 3471 explicasse
1085 3408 1213 3458 dicuntur
1233 3421 1277 3457 res

176 3469 268 3544 τούτῳ
284 3467 412 3544 τῷλόγῳ
429 3471 483 3526 eloi
501 3468 686 3542 οἳἙὶλήνων
737 3477 891 3544 Osiriaoas,
917 3478 963 3542 qui
986 3477 1094 3528 tandem
1119 3477 1230 3527 humilis
1245 3491 1277 3525 ao

142 3562 169 3595 a.
180 3545 248 3612 r.l..]
259 3545 338 3597 Coni.
350 3561 420 3612 quae
436 3561 520 3611 snpra
534 3546 569 3596 ad
580 3547 686 3597 initium
737 3547 861 3611 vulgaris
880 3546 963 3596 tribui
988 3547 1096 3612 possint
1121 3547 1156 3596 ab
1183 3545 1277 3596 eodem

143 3616 223 3668 buius
245 3631 306 3680 cap.
325 3614 410 3666 allata
435 3621 498 3666 sunt
521 3615 554 3666 de
571 3616 683 3668 Graecis
734 3617 866 3681 scriptore
882 3615 1032 3682 Pherecydi
1043 3616 1166 3680 adeoque
1177 3613 1278 3680 Pytha·

143 3686 214 3737 hano
232 3685 382 3736 doctrinam
401 3685 455 3735 sibi
472 3685 682 3736 assumentibus.
734 3687 855 3752 gorae?“
867 3711 898 3721 -·
918 3683 1024 3736 Plornit
1042 3689 1132 3735 autem
1144 3685 1278 3748 Pherecy-

144 3755 202 3806 iarn
222 3755 354 3806 addamus
373 3771 420 3818 ea,
444 3769 513 3822 quae
530 3755 625 3807 Oreus.
644 3759 684 3805 at·
735 3757 782 3807 des
801 3755 874 3805 eirca
893 3769 993 3804 annum
1012 3757 1063 3806 544
1084 3759 1148 3804 ante
1168 3753 1231 3804 Chr.
1249 3768 1277 3802 n.

144 3825 253 3876 tulitin
279 3825 429 3876 Comment.
455 3826 520 3876 Her.
543 3841 606 3890 pag.
637 3825 685 3875 lus
735 3829 869 3890 natusque
885 3839 945 3874 esse
963 3824 1118 3889 perhibetur
1136 3824 1210 3874 circa
1226 3821 1279 3874 600

145 3910 211 3962 seq:
225 3896 304 3958 „Iam
316 3901 399 3946 uteos
411 3896 544 3958 omittam,
556 3895 602 3960 qui
613 3896 685 3958 priua
735 3900 799 3944 ante
810 3893 873 3944 Chr.
885 3909 928 3954 n.;
947 3894 1132 3959 Pythagoram
1144 3893 1215 3943 eirea
1227 3891 1279 3943 539

145 3981 159 4014 e
183 3966 294 4016 Graeois
319 3965 370 4015 boc
397 3965 534 4016 decretum
562 3980 610 4029 pro
635 3979 684 4014 suo
736 3963 860 4014 floruisse
872 3963 984 4026 volunt,
1003 3962 1127 4028 quamvis
1141 3962 1187 4012 alii
1200 3960 1279 4010 aliter

145 4035 303 4084 venditaoee
322 4034 448 4084 dicuntur
467 4037 548 4100 (quos
569 4049 619 4100 ogo
637 4032 685 4082 Or·
736 4037 861 4082 statuant
879 4034 907 4082 in
926 4047 954 4081 re
969 4049 1022 4083 nou
1034 4045 1144 4097 prorsus
1161 4034 1278 4082 certano

143 4103 230 4165 phicos
251 4119 309 4153 esse
327 4104 469 4170 erbitrer):
493 4104 539 4169 qui
559 4104 686 4168 posteriue
737 4101 864 4161 definite3
888 4100 925 4151 cf.
944 4101 1054 4152 Olinton
1072 4102 1149 4152 Fast.
1171 4099 1277 4151 Hellen.

146 4171 215 4222 idem
234 4173 378 4223 factitasse
391 4174 531 4236 dicuntur,
551 4189 607 4237 sos,
625 4187 686 4222 cum
737 4173 775 4222 11.
794 4185 858 4235 pag.
877 4170 894 4220 a
912 4169 954 4222 ed.
973 4172 1120 4238 Krucger.,
1146 4168 1279 4220 Schultail
1331 4205 1334 4212 .

145 4242 229 4306 probe
248 4243 330 4306 sciat,
354 4248 434 4293 notos
460 4243 550 4293 iacere
573 4243 631 4292 suis
649 4241 686 4290 le·
738 4241 855 4305 Speeim.
881 4239 982 4305 Appar.
1012 4239 1047 4290 ad
1078 4255 1142 4289 ann.
1174 4239 1278 4289 critico.

145 4311 265 4362 ctoribus
276 4327 330 4362 uon
338 4311 398 4362 vult
412 4311 578 4363 Herodotus.
601 4311 685 4361 Cuius
738 4327 765 4376 p.
786 4309 817 4360 31
844 4325 900 4374 seq.
938 4310 1087 4375 Utrumque
1110 4311 1201 4359 autern
1222 4307 1280 4372 phi-

145 4379 246 4430 silentii
259 4379 356 4431 idonea
370 4385 484 4446 apparet
495 4381 574 4432 ratio.
604 4379 686 4430 Haud
738 4377 882 4444 losopbum
900 4394 955 4429 una
968 4393 1028 4430 curn
1042 4377 1155 4429 asseclis
1167 4379 1280 4444 ipsoque

186 4481 353 4528 nnnonon.
377 4483 400 4525 1.
1061 4461 1102 4520 45
