3088 4944
231 257 292 322 tul
666 259 928 320 HERODOTI

167 443 224 504 143
313 435 451 516 Τούτων
463 433 506 524 δὴ
521 425 570 504 civ
586 431 785 505 τῶνΊόνον
801 441 836 505 ci
848 435 1007 524 Μιλήσιοι
1028 433 1093 521 μὲν
1105 425 1191 522 ἦσαν
1204 435 1364 522 inerim

230 545 291 610 τοῦ
311 539 440 630 φόβον,
458 535 576 626 ὅρκιον
595 541 823 629 ποιησόμενοι.
865 556 949 608 τοῖσι
980 539 1017 606 δὲ
1045 535 1160 606 niuniu
1181 537 1364 626 νησιώτῃσι

230 636 274 734 ἦν
293 641 409 715 δεινόν
428 639 546 712 οὐδέν·
572 640 650 713 οὔτε
671 643 735 734 γὰρ
750 652 906 723 Φοίνικες
922 635 1006 732 ἦσάν
1019 669 1068 710 ιο
1083 645 1246 730 Περσέων
1259 642 1361 730 κατή-

231 775 321 834 κοοι,
340 746 418 818 οὗτε
438 741 533 815 οὗτοὶ
553 751 589 815 οἷ
598 751 726 836 Πέρσαι
746 748 920 835 ναυβάται.
949 744 1219 834 Ἀιεσχίσθιγσον
1238 747 1277 815 δὲ
1296 743 1364 815 dxci

231 857 301 923 τῶν
319 849 433 922 ἄλλων
447 847 572 919 Ἰώνων
590 841 682 922 οὗτοι
707 849 775 921 κατ’
796 850 879 921 ιἰλλο
898 851 962 940 μὲν
987 848 1106 929 nith,
1134 847 1298 931 ἆσθενέος
1324 850 1363 919 δὲ

233 955 345 1037 ἐόντος
357 961 418 1025 τοῦ
432 952 554 1036 παντός
566 954 640 1025 τότε
656 952 853 1045 Ἑλληνικοῦ
873 959 1002 1042 γένεος.
1022 959 1136 1046 πολλῷ
1148 954 1187 1022 δὲ
1201 945 1244 1042 ἦν
1256 952 1361 1023 ἀσθε-

232 1063 392 1132 νέστατον
403 1063 473 1128 τῶν
487 1055 619 1128 ἐθνέων
632 1059 669 1130 τό
679 1059 828 1131 Ἰωνικόν
840 1063 894 1128 eni
911 1059 1015 1145 λόγον
1029 1055 1219 1144 ἐλαχίστου·
1234 1055 1284 1126 ότι
1299 1056 1364 1146 γὰρ

232 1161 277 1255 μὴ
295 1161 452 1254 Ἀθῆναι,
474 1153 517 1252 ἦν
536 1159 640 1234 οὐδὲν
659 1164 742 1235 ἄλλο
759 1164 904 1252 πόλισμα
917 1163 1066 1251 λόγιμον.
1100 1166 1135 1229 oi
1147 1165 1210 1249 μέν
1224 1191 1288 1230 νον
1301 1159 1361 1230 ἆλ-

231 1329 312 1396 θραΙ.
352 1330 425 1380 Hinc
452 1329 579 1394 rescripsi
607 1323 771 1396 Ἐρυθραὶ,
822 1335 895 1382 risse
913 1348 967 1381 non
985 1331 1067 1380 aliam
1091 1332 1125 1379 ob
1150 1347 1262 1380 cauum
1279 1345 1363 1395 quen·

231 1401 363 1470 probante
392 1415 499 1465 quoque
521 1400 620 1452 Siebel.
643 1404 680 1453 ad
702 1405 772 1460 Pau·
822 1403 898 1464 dum,
916 1417 1009 1451 rerum
1026 1401 1088 1450 ideo
1102 1402 1184 1465 quod.
1201 1417 1262 1450 enm
1275 1401 1363 1450 omnia

232 1489 291 1524 ran.
309 1471 372 1532 v11,
391 1470 417 1521 3.
437 1473 463 1533 5.
482 1473 507 1520 t.
526 1484 589 1536 pag.
609 1472 668 1522 113.
822 1473 905 1538 stirps
923 1472 1029 1522 Graeca
1050 1477 1115 1520 tune
1139 1472 1268 1536 tempmin
1291 1469 1363 1521 infir-

266 1532 369 1620 Σόμιοι
386 1535 426 1618 ’δὲ
448 1531 495 1588 ἐπ’
524 1533 637 1591 {octor
657 1541 770 1606 μοῦνοι]
823 1559 868 1592 ma
891 1543 985 1604 fuerit,
1012 1541 1098 1591 multo
1126 1546 1217 1591 tumen
1240 1539 1363 1591 infirmis-

231 1601 280 1674 ἔφ’
295 1623 397 1659 ιιιοτοο
415 1609 439 1658 iu
458 1610 571 1674 dicitur,
589 1612 636 1677 qui
655 1615 716 1679 quid
729 1615 774 1676 sn·
823 1613 892 1662 nima
914 1612 1049 1662 exstiterit
1079 1627 1145 1676 gene
1171 1612 1279 1674 Ionica,
1313 1626 1363 1662 nee

231 1683 266 1732 cir
279 1696 329 1744 per
344 1695 373 1730 re
390 1687 415 1730 et
424 1683 496 1744 apud
508 1699 545 1740 re,
562 1685 639 1746 aolus,
659 1687 717 1735 aliis
726 1701 774 1734 ex·
824 1683 916 1748 megui
934 1681 1071 1733 momenti.
1108 1682 1167 1731 lum
1185 1681 1275 1744 rides,
1297 1697 1363 1744 qno-

230 1753 316 1802 ciun's.
357 1749 419 1801 viu.
442 1767 512 1816 quae
535 1753 590 1804 dixi
616 1753 643 1803 iu
667 1754 772 1805 Melett.

231 1821 327 1872 Creuz.
353 1819 405 1872 111.
435 1837 463 1886 p.
487 1825 531 1874 71.
572 1823 615 1872 Ita
643 1841 704 1889 cup.
733 1841 773 1874 ee-

231 1889 324 1958 quenti
351 1879 410 1939 inl
435 1889 548 1955 σφέων
571 1884 701 1954 αὐτῶν,
730 1909 773 1943 en-

233 1959 346 2024 demquc
360 1959 468 2010 dicendi
481 1963 586 2012 ratione
598 1963 696 2010 Noster
707 1977 772 2010 neue

232 2035 274 2080 ert
291 2029 314 2090 1,
326 2031 387 2080 202.
399 2031 459 2080 203.
481 2032 518 2092 11,
536 2032 562 2078 2,
581 2028 639 2078 1λ8.
660 2029 714 2090 111,
729 2031 771 2078 71.

233 2099 286 2160 IV,
307 2099 366 2150 lli.
385 2099 423 2160 V,
441 2097 483 2148 98.
504 2097 573 2159 VII,
594 2097 635 2147 10.
655 2100 681 2161 5.
702 2099 727 2150 1.
745 2099 771 2148 4.

231 2169 311 2232 vm,
329 2169 372 2220 32.
391 2169 440 2230 lx,
460 2169 502 2218 17.
521 2165 563 2216 38.

397 2339 463 2392 Car.
480 2339 607 2390 CXLIII.

265 2431 339 2512 ἦσαν
357 2438 388 2494 ἐν
405 2439 494 2510 σκέπῃ
513 2439 565 2492 τοῦ
580 2434 686 2510 φόβον]
710 2445 729 2495 i.
747 2461 771 2495 e.

230 2519 256 2570 tn
277 2531 306 2566 eo
328 2515 447 2579 foedere,
471 2514 539 2579 qnod
560 2529 613 2564 cum
637 2514 704 2579 Cyro
723 2517 773 2565 ice-

230 2593 302 2642 rnnt.
330 2593 409 2634 metor
437 2591 544 2634 manen
572 2583 710 2648 habebunt,
743 2589 774 2633 ut

230 2653 429 2720 Wcreclingiun
451 2654 661 2719 interpretatur,
686 2669 709 2704 a.
729 2657 775 2704 tuti

232 2732 340 2778 ιτιιιιλο
364 2731 427 2774 neto
444 2729 555 2790 propter
578 2722 644 2773 illud
667 2723 773 2776 foedus.

231 2793 356 2848 Recurrit
391 2793 492 2844 locutio
527 2791 594 2857 v11,
624 2793 685 2845 172.
712 2795 773 2856 215,

231 2879 312 2934 quarn
322 2863 434 2914 caudam
451 2863 572 2914 imitatur
587 2863 774 2914 eetAriatidee

231 2935 255 2988 1.
274 2951 301 3000 p.
320 2933 379 2996 476,
399 2933 465 2988 alii..
484 2933 545 2985 Vid.
565 2933 774 3000 Weeoelingium

230 3005 267 3058 ad
285 3003 311 3056 h.
332 3001 351 3056 l.
385 3004 427 3054 De
445 2996 585 3069 κατήκοος
602 3003 675 3056 coni.
696 3003 731 3054 ud
749 3003 772 3068 1,

232 3075 482 3222 Μόνεογλσλλησογν
504 3135 535 3190 ol
560 3131 618 3192 cinti
642 3140 699 3191 τῶν
725 3131 773 3192 ἄλ-

230 3215 287 3266 λων
307 3205 410 3262 'lovon
430 3223 510 3260 ουτοι
528 3225 553 3260 κ.
573 3227 595 3260 ι.
614 3209 649 3277 λ]
671 3198 772 3262 οὖτοι

230 3283 383 3338 Lurcharue
410 3281 438 3330 in
465 3281 590 3331 versione
608 3279 714 3332 Gallica
738 3283 773 3331 ed

231 3353 353 3406 Milesion
376 3349 484 3413 retulit,
512 3350 558 3416 qui
577 3349 693 3400 induciis
712 3367 772 3402 cum

232 3425 303 3490 Cyro
321 3423 401 3472 iactis
420 3437 449 3471 ee
467 3435 484 3471 e
500 3419 663 3486 reliquorum
677 3421 773 3472 Ionum

232 3495 364 3544 socictate
389 3491 571 3542 seiunxerunt.
612 3491 688 3540 Alter
712 3491 774 3542 Gal-

230 3563 273 3614 lnr
292 3563 425 3628 interpres
443 3561 476 3612 de
493 3561 614 3626 utrisque
631 3559 773 3622 intellexit,

232 3633 266 3684 de
284 3631 399 3683 Mileriin
423 3635 450 3682 ct
474 3631 507 3681 de
532 3629 674 3680 insulanis.
708 3631 774 3681 Lar-

233 3703 341 3754 chorum
354 3707 464 3754 eecntnn
477 3703 519 3752 eut
528 3699 648 3750 Dindori
659 3701 686 3750 in
701 3716 772 3752 vere.

232 3771 342 3824 Latina.
378 3771 445 3822 Mihi
469 3777 560 3821 tamen
581 3770 626 3820 nix
653 3769 773 3833 dubium,

232 3843 298 3910 qniu
317 3841 351 3892 nd
370 3841 449 3891 loueo
469 3840 610 3892 duodecim
632 3840 774 3891 civitatum

233 3913 259 3962 in
287 3911 371 3972 Asin,
405 3911 438 3960 do
469 3911 565 3976 quihus
597 3909 705 3961 omuino
731 3911 774 3962 bic

232 3997 329 4046 nermo,
348 3980 517 4031 referendum
532 3979 576 4044 eit,
595 3979 719 4046 idemque
734 3981 774 4030 vi·

825 1755 905 1804 modo
928 1754 981 1803 sibi
1010 1752 1171 1802 cohaereant
1202 1745 1265 1800 κατ’
1294 1749 1363 1802 ἄλλο

824 1819 887 1888 μὲν
905 1815 992 1872 οὐδὲν
1009 1829 1035 1872 et
1054 1815 1191 1878 ἀσθενέος
1213 1819 1249 1870 δὲ
1267 1815 1364 1880 ἐόντος

824 1909 849 1942 ιι.
868 1909 892 1942 τ.
912 1893 936 1942 λ.
973 1895 1064 1955 Quare
1082 1908 1137 1942 non
1161 1907 1229 1956 opus
1245 1892 1363 1954 videtur,

824 1977 886 2012 curn
904 1962 1033 2011 Heroldio
1050 1963 1070 2013 1.
1087 1962 1106 2012 1.
1123 1962 1248 2012 voculam
1265 1957 1296 2012 di
1308 1980 1365 2013 mu·

824 2035 883 2079 tare
900 2031 928 2078 in
947 2045 975 2079 τε
999 2035 1082 2095 atque
1104 2032 1170 2080 llaec
1189 2033 1272 2082 verba
1296 2033 1364 2082 πολ-

823 2096 863 2156 λῷ
881 2113 910 2147 τε
928 2086 966 2162 ἦν
986 2115 1012 2147 ιι.
1031 2115 1055 2148 τ.
1076 2099 1100 2147 λ.
1126 2117 1187 2150 cnm
1205 2103 1365 2152 anteceden-

822 2167 896 2217 tibus
919 2173 994 2218 arcte
1017 2169 1195 2234 coniungere,
1226 2172 1365 2236 interpun-

823 2237 913 2288 ctione
937 2243 999 2303 port
1022 2234 1119 2301 γένεος
1142 2239 1222 2303 plane
1244 2241 1364 2292 sublata.

823 2338 858 2348 -
875 2306 917 2357 Ad
935 2308 1081 2358 dictionem
1105 2300 1156 2357 ὅτι
1172 2339 1207 2346 -
1219 2300 1264 2370 μὴ
1289 2310 1363 2359 coni.

823 2377 914 2440 1,18.
945 2370 1091 2441 λόγιμον
1113 2391 1146 2426 ex
1174 2375 1200 2426 b.
1224 2375 1243 2426 l.
1268 2375 1364 2426 laudat

824 2447 943 2500 Thomna
963 2449 1037 2510 Meg.
1054 2461 1082 2510 p.
1097 2447 1147 2497 530
1165 2445 1302 2510 explicans
1322 2436 1363 2492 lt-

823 2509 954 2582 λόγιμον,
977 2510 1062 2580 λόγου
1086 2505 1177 2576 ἄξιον.
1219 2513 1316 2564 Pollux
1334 2515 1363 2564 in

824 2589 966 2639 Onomaet.
990 2586 1101 2648 11,122
1124 2586 1192 2635 citet
1214 2577 1295 2642 πόλις
1319 2584 1363 2632 λο-

823 2657 900 2742 niun.

859 2741 885 2776 οι
909 2721 961 2790 μέν
978 2739 1032 2774 ννν
1054 2713 1134 2772 ἄλλοι
1152 2713 1249 2780 Ἴωνες
1271 2717 1319 2771 καὶ
1337 2717 1367 2773 oi

819 2789 967 2864 Ἀθηναῖοι
985 2788 1093 2859 ἔφυγον
1116 2785 1148 2842 τό
1168 2784 1279 2857 οὔνομα
1296 2807 1322 2842 ιι.
1340 2809 1364 2843 τ.

824 2867 859 2930 λ]
879 2863 952 2916 Male
969 2865 997 2913 in
1015 2863 1136 2928 vulgetis
1154 2863 1218 2914 olim
1236 2863 1365 2914 omissum

825 2931 855 2987 oi
878 2940 942 2986 ente
961 2925 1118 2998 Ἀθηναῖοι.
1161 2935 1219 2984 Nou
1243 2949 1304 2984 cum
1326 2949 1367 2984 re.

824 3013 909 3059 oentt.
923 3004 1002 3056 editt.
1021 3003 1110 3053 secuti
1128 3019 1220 3054 eumue
1238 3003 1366 3054 librorum

823 3078 997 3144 probatorum
1010 3074 1210 3125 auctoritatem.
1234 3075 1288 3124 Pro
1301 3064 1367 3122 rori-

824 3162 899 3212 νομα
917 3161 932 3196 ο
948 3143 1153 3196 Schellorshem.
1172 3143 1242 3194 libro
1257 3143 1366 3209 alioque

824 3215 950 3270 Parisino
974 3230 1033 3264 cnm
1060 3218 1173 3263 recenti.
1194 3214 1316 3264 dedimus
1335 3205 1367 3261 τὸ

825 3278 946 3350 οὕνομα.
983 3285 1126 3334 Caeterum
1156 3276 1187 3332 oi
1206 3274 1284 3332 ἄλλοι
1305 3274 1366 3330 ’'lm-

826 3371 872 3413 νες
900 3359 979 3406 erunt
1006 3369 1098 3404 omnen
1123 3353 1216 3414 Ioues,
1246 3351 1365 3415 exceptio

825 3428 874 3488 iio,
894 3425 940 3490 qui
958 3423 1100 3474 duodecim
1115 3422 1176 3472 illae
1195 3423 1222 3470 in
1240 3421 1307 3470 Acie
1322 3435 1365 3469 nr-

823 3497 872 3546 bes
899 3493 1071 3554 incolebant,
1095 3508 1155 3542 cnm
1178 3493 1277 3542 Noster
1303 3504 1365 3538 mox

826 3565 928 3615 scribat
951 3556 982 3612 ui
998 3555 1029 3612 δὲ
1047 3554 1176 3612 δυώδεκα
1199 3551 1294 3616 πόλιες
1314 3546 1365 3607 αὖ·

824 3649 870 3684 ται
892 3649 917 3682 κ.
940 3649 963 3682 r.
986 3633 1010 3682 λ.
1053 3632 1150 3698 Itaque
1179 3629 1367 3696 intelliguntur

826 3705 907 3756 Ioues
930 3703 958 3752 iu
978 3703 1093 3754 Graecia
1116 3701 1269 3752 habitantes
1297 3703 1325 3750 et
1344 3699 1367 3748 ri

826 3775 872 3840 qui
892 3771 939 3824 alii
962 3773 1056 3822 eadem
1080 3771 1188 3823 oriundi
1210 3771 1295 3836 etirpe
1313 3785 1367 3820 nou

825 3845 853 3894 iu
875 3843 958 3894 Aniuc
981 3842 1072 3904 lenia,
1104 3857 1197 3892 verum
1218 3841 1279 3891 aliis
1302 3840 1368 3890 elin-

825 3929 884 3964 rum
907 3911 1046 3976 regionum
1076 3911 1143 3962 loeiu
1171 3910 1248 3961 sedan
1272 3925 1369 3977 posue-

825 3987 897 4034 rant.
911 4012 947 4020 —
963 3981 1005 4031 Ad
1016 3981 1069 4031 loci
1087 3987 1274 4046 argumentum
1293 3980 1367 4031 coni.

234 4052 284 4104 deo
308 4049 427 4102 concinno
450 4055 478 4100 et
501 4049 655 4116 Lhordyum
675 4055 702 4101 ct
720 4051 774 4101 He·
825 4050 1001 4104 Plutarchum
1024 4051 1057 4100 de
1079 4050 1181 4102 Herod.
1207 4051 1319 4117 mnlign.
1339 4065 1365 4114 p.

234 4121 301 4173 rold.
321 4119 452 4172 limondd.
465 4119 586 4169 llcrodd.
603 4121 633 4170 P.
646 4119 669 4170 1.
688 4137 714 4186 p.
729 4121 771 4171 12.
824 4123 876 4175 858
891 4121 922 4172 F.
936 4119 999 4171 coll.
1016 4121 1214 4188 Apophthegm.
1229 4137 1256 4188 p.
1272 4121 1367 4171 17111.

233 4193 292 4243 llnn
311 4191 390 4242 Ionon
407 4189 466 4240 vult
478 4189 633 4240 Herodotus
654 4205 683 4241 ae
701 4207 717 4241 a
735 4206 775 4241 rc·
826 4192 904 4243 Ocni.
919 4191 1002 4241 etiam
1015 4191 1149 4242 Uebelou:
1171 4207 1219 4241 rur
1234 4189 1367 4255 Urgesch.

233 4261 314 4328 liqnin
333 4259 444 4312 Ionibus
468 4257 498 4322 (i.
519 4275 542 4308 e.
562 4259 595 4310 ub
616 4259 727 4310 Ionibus
747 4261 774 4310 in
826 4261 852 4313 d.
873 4263 933 4312 Ion.
954 4261 1071 4311 Stammn
1090 4277 1117 4326 p.
1129 4261 1172 4314 48.
1185 4261 1232 4322 86,
1251 4264 1279 4310 ct
1297 4273 1368 4324 qnae

234 4331 294 4402 ipre
317 4329 432 4386 Graecia
458 4327 658 4398 habitantibus)
687 4331 774 4382 scinu·
826 4337 922 4386 contre
948 4331 1020 4384 bunc
1048 4331 1153 4384 monuit
1182 4330 1365 4383 Schoomaun:

1533 4329 1537 4402 l
