3086 4932
569 289 694 353 OLIO.
717 293 743 351 I.
761 299 806 356 81.
829 297 873 355 dl.
1032 313 1036 324 ·
1230 287 1290 352 177

151 463 344 536 οπεπτώκεε
366 469 435 554 ἔρις
450 461 551 534 ἐοῦσα
573 462 656 556 πρὸς
672 461 843 556 Ἀργείους
862 467 939 558 περὶ
959 464 1072 554 χώρου
1085 466 1291 554 καλεομένου

152 573 293 660 Θυρέης.
321 565 380 648 τὰς
398 565 463 658 γὰρ
477 571 608 658 Θυρέας
626 568 764 657 ταύτας,
787 569 906 650 ἐούσας
926 575 983 660 τῆς
1003 567 1194 658 Ἀργολίδος
1213 574 1288 656 μοί-

152 702 231 764 ρης,
245 670 492 762 ἀποταμόμενοι
515 679 612 761 έσχον
633 678 668 744 οἱ
677 673 948 763 Λακεδαιμόνιοι.
980 665 1023 762 ἦν
1039 667 1076 744 di
1090 674 1146 744 καὶ
1161 668 1181 763 ἡ
1194 675 1289 760 μέχρι

151 874 225 924 tanis
241 882 379 938 praetereo
403 874 542 926 acciderat
560 873 698 926 contentio
748 873 792 926 65.
811 874 846 927 68
864 889 940 942 seqq.
963 875 1086 928 'Curtius
1108 875 1291 942 Peloponnes.

152 961 214 994 cum
245 937 386 1009 Argivis.‘²
417 935 561 1010 Participii
589 929 697 1010 (iodea)
748 945 785 995 11.
811 962 838 1011 p.
863 945 913 998 375
933 961 1008 1011 seqq.
1036 947 1107 998 Roas
1130 947 1231 997 Reison
1254 945 1290 994 im

151 1029 231 1065 usum
256 1029 288 1063 eo
312 1014 413 1076 refero,
437 1014 511 1079 quod
533 1015 616 1064 etiam
636 1018 699 1078 post
748 1015 926 1080 Peloponnes.
951 1015 974 1065 1.
994 1032 1021 1080 p.
1034 1015 1097 1067 159
1119 1031 1194 1082 seqq.
1226 1015 1291 1080 Ipsa

153 1079 300 1204 iiiiii?
310 1082 698 1210 iiiiffiifflicm1¹i⁶id¹⁹⁰⁰
748 1084 1292 1206 11116ἰὲ161261116111

151 1191 699 1360 ..istriis.:s²'uie'uui
749 1171 1292 1357 erraticacarce

152 1363 377 1414 Lacedaemoniis
393 1363 532 1414 contentIo
543 1377 628 1428 eaque
642 1364 698 1412 tere
748 1381 823 1415 ream
841 1365 935 1426 fuisse,
952 1379 1033 1429 quarn
1051 1363 1144 1414 decem
1160 1330 1257 1413 etladiis
1276 1376 1293 1410 a

154 1433 284 1483 contiuua
306 1435 341 1484 de
364 1437 452 1484 terrae
475 1434 615 1498 utriusque
639 1432 698 1483 fini·
748 1435 817 1485 mari
846 1434 968 1485 abluisse
996 1433 1093 1484 scribit
1119 1431 1293 1497 Thucydides

83 1505 85 1510 ’
152 1503 214 1555 bus.
234 1503 401 1553 Pausaniam
424 1503 449 1552 si
469 1504 621 1568 sequimur,
646 1503 697 1568 Cy·
748 1505 796 1568 IV,
812 1506 854 1568 57,
872 1504 954 1554 itaiu
971 1504 1126 1556 accuratius
1141 1499 1293 1554 deliniendo

153 1573 232 1623 nuria
253 1573 376 1637 inprimis
398 1577 470 1623 terra
494 1573 560 1635 luit,
588 1573 621 1622 de
644 1588 697 1637 qua
748 1574 800 1625 hoo
818 1575 877 1640 ipso
895 1573 964 1636 loco,
988 1591 1041 1640 qno
1064 1574 1129 1624 urbs
1152 1575 1293 1624 exstructa

154 1642 218 1692 inde
240 1643 274 1692 ab
299 1643 490 1708 antiquissima
512 1647 602 1692 aetate
625 1647 697 1692 utra·
749 1649 799 1706 est,
818 1645 846 1694 in
865 1643 987 1694 diversas
1006 1649 1099 1708 partes
1117 1644 1194 1694 abire
1211 1642 1293 1691 video

154 1727 206 1776 que
224 1727 291 1777 gens
306 1711 479 1777 disceptabat
492 1712 623 1777 varioque
639 1727 697 1761 suc·
748 1715 822 1764 viros
841 1713 951 1777 doctos,
975 1715 1021 1779 qui
1043 1715 1131 1780 ipsam
1154 1713 1292 1778 reglonem

154 1797 233 1832 cessu
246 1781 379 1832 certabat.
398 1782 444 1833 Sic
461 1787 528 1846 post
539 1781 697 1844 Phidonem,
748 1783 954 1834 accuratissime
970 1783 1198 1849 perquisIverunt.
1229 1783 1293 1832 Ete-

154 1855 299 1916 tyrannum
310 1851 481 1917 Argivorum,
496 1849 584 1901 denuo
596 1865 698 1916 pugna·
749 1855 804 1903 nim
812 1852 922 1902 Curtius
936 1852 955 1904 l.
971 1853 990 1904 l.
1002 1869 1029 1918 p.
1045 1851 1095 1904 381
1115 1851 1177 1903 σο11.
1195 1867 1222 1916 p.
1241 1849 1292 1900 667

153 1926 212 1970 tum
231 1921 345 1988 legimus
364 1920 527 1987 Olympiade
543 1921 603 1983 XV,
621 1921 699 1986 Argi·
750 1939 781 1974 eo
806 1921 935 1984 inclinat,
958 1929 988 1972 ut
1010 1937 1093 1988 prope
1115 1921 1219 1983 locum,
1246 1918 1293 1984 qui

154 2006 258 2056 vosque
269 1991 388 2041 victores
404 1991 564 2042 discessisse
579 2005 699 2056 opugna
749 2007 822 2043 nuuc
848 1992 949 2042 dicitur
976 1989 1065 2042 Sancti
1088 1991 1211 2041 Andreae
1236 1988 1294 2054 (ubi

155 2059 698 2126 adHysiascommissaOIymp.XlIVII,
750 2067 873 2114 veterum
903 2061 1087 2112 aedificiorum
1114 2062 1209 2111 rniuce
1238 2075 1294 2111 cer-

154 2133 181 2180 1.
201 2131 329 2196 Sequitur
347 2131 408 2180 dein
421 2146 513 2196 pugna
526 2129 583 2194 illa,
599 2130 632 2180 de
646 2145 700 2196 qua
749 2137 860 2195 cuntur,
883 2132 981 2196 quibus
1005 2129 1116 2182 solitum
1140 2146 1188 2198 per
1210 2131 1293 2181 Grae·

154 2201 183 2251 b.
210 2199 229 2251 l.
252 2201 421 2262 Herodotus,
452 2201 597 2250 commissa
627 2201 699 2250 cisoa
750 2199 1293 2266 ciamnomeriPalaeocastron)Tbyream

156 2269 313 2335 Olympicd.
330 2270 434 2332 LVIII,
448 2271 525 2320 cuius
543 2270 700 2320 memoriam
750 2273 889 2323 exstitisse
911 2273 1070 2323 arbitretur:
1098 2272 1144 2337 qui
1167 2286 1231 2320 seue
1255 2269 1293 2318 lo-

155 2341 278 2390 carmina
304 2339 479 2390 celebrabant
504 2341 532 2389 in
559 2341 699 2391 Laconum
750 2359 798 2394 cus
816 2357 871 2392 nou
883 2342 1028 2393 admodum
1040 2342 1126 2392 distat
1140 2341 1173 2390 ab
1186 2341 1292 2400 Astros,

155 2409 367 2476 Gymuopaediis
380 2411 489 2461 recitari
503 2408 597 2470 solitam
615 2408 700 2459 utvel
751 2415 775 2463 si
792 2413 868 2463 iuxta
886 2413 968 2462 maris
987 2428 1061 2464 oram
1079 2411 1218 2462 meridiem
1235 2424 1293 2458 ver·

155 2479 220 2530 iude
237 2479 288 2530 hoc
306 2480 393 2545 ipsum
412 2481 512 2530 festum
530 2480 650 2544 Spartae
661 2479 700 2528 in·
751 2497 797 2532 sua
817 2483 990 2548 processeris,
1009 2483 1150 2546 adipsum
1167 2495 1241 2530 mare
1258 2478 1293 2528 si-

156 2550 281 2598 stitutum
300 2550 385 2600 tuisse
407 2549 503 2600 velint.
532 2549 602 2600 Nam
619 2549 699 2598 buius
751 2557 804 2612 tus,
828 2567 911 2618 prope
936 2551 1067 2602 Charadri
1096 2550 1177 2602 ostia.
1214 2546 1293 2610 Quod

156 2623 271 2681 tractus,
289 2619 412 2684 quamvis
436 2618 539 2685 exigui,
561 2619 700 2684 possessio
751 2637 812 2671 cum
831 2621 888 2671 fieri
904 2637 985 2686 posse
1002 2625 1085 2686 neget
1102 2621 1172 2672 Roas
1188 2619 1206 2669 l.
1225 2618 1244 2668 l.
1264 2633 1292 2681 p.

157 2688 270 2738 multum
288 2693 379 2738 tamen
397 2687 484 2738 valuit
500 2689 536 2739 ad
554 2703 596 2738 res
614 2689 701 2738 Laco·
754 2690 812 2754 169,
832 2691 934 2740 mavult
952 2693 1074 2756 cogitare
1093 2691 1126 2742 de
1145 2691 1178 2740 iis
1197 2688 1292 2748 ruinis,

157 2773 221 2807 num
239 2757 384 2808 firmandas
402 2773 547 2823 eorumque
559 2759 700 2824 imperium
752 2775 823 2826 qnae
839 2776 911 2810 nunc
934 2761 1109 2811 inveniuntur
1132 2774 1215 2825 prope
1237 2771 1293 2806 mo·

156 2828 185 2876 iu
197 2826 384 2892 Peloponneso
403 2827 604 2890 stabiliendum,
619 2843 701 2894 quum
751 2829 901 2880 casterium
925 2829 1012 2886 Lake.
1038 2829 1109 2894 quod
1133 2827 1294 2893 septentrio-

157 2896 238 2946 iacile
251 2911 322 2947 nunc
340 2897 432 2948 aditus
450 2903 554 2964 pateret
567 2897 603 2948 ad
616 2899 701 2963 Argo·
751 2916 813 2950 nem
835 2913 930 2948 versus
953 2898 1181 2948 adscendentibus
1204 2911 1221 2945 a
1239 2895 1294 2958 pla·

155 2965 238 3017 Iidem
262 2971 361 3017 terram
392 2968 505 3033 eiusque
531 2968 621 3019 nrbes.
658 2969 700 3018 Tu
729 2969 818 3034 ,nitie
836 2967 955 3018 cernitur
972 2969 1001 3016 iu
1019 2966 1090 3016 valle
1106 2966 1176 3016 Tani
1193 2979 1210 3014 a
1228 2966 1294 3014 Par-

156 3037 213 3086 vicl.
232 3041 340 3101 praeter
358 3053 400 3100 ea,
421 3053 491 3103 quae
504 3037 700 3104 Wesselingius
751 3054 822 3090 none
840 3037 1008 3102 profluentis.
1028 3037 1122 3101 Neque
1141 3035 1221 3085 aliter
1239 3038 1295 3082 sta·

155 3105 459 3172 laudat,Wyttenbacb.
474 3107 699 3159 adPlat.Pbaed.
751 3109 805 3160 tuit
827 3107 919 3158 Leake
942 3105 1056 3158 Travels
1081 3107 1110 3156 in
1137 3107 1230 3157 Mores
1253 3103 1292 3153 11.

156 3192 185 3242 p.
203 3169 264 3238 236,
288 3176 323 3226 ad
346 3175 486 3246 Plutarch.
508 3177 606 3229 Moral.
631 3177 699 3240 1,·2.
751 3196 778 3246 p.
807 3177 859 3228 186
886 3193 972 3243 seqq.,
990 3177 1167 3228 dissentIeute
1189 3175 1293 3236 Curtio,

156 3261 223 3311 pag.
245 3245 321 3296 1176.
340 3247 370 3297 C.
390 3246 424 3296 Ο.
443 3246 565 3298 Mueller.
588 3249 655 3298 Dor.
676 3247 699 3298 1.
752 3250 798 3314 qui
814 3248 864 3298 has
881 3247 1010 3312 reliquias
1029 3247 1065 3296 ad
1082 3249 1232 3298 Romanam
1244 3243 1294 3294 vil-

155 3331 184 3381 p.
203 3315 252 3364 154
267 3331 341 3382 seqq.
362 3315 421 3368 158.
439 3317 481 3368 De
491 3316 701 3382 Gymnopccdiis
751 3319 805 3368 lam
830 3317 931 3367 referre
955 3317 1059 3367 mavult
1078 3334 1104 3381 p.
1130 3316 1190 3368 380.
1224 3315 1295 3366 Utut

156 3383 316 3436 consulatur
352 3385 497 3438 Ruhnken.
529 3385 565 3434 ad
596 3385 702 3436 Timaei
752 3392 803 3448 est,
823 3388 868 3435 via
888 3385 1012 3444 dubium,
1036 3388 1101 3450 quin
1122 3385 1151 3436 in
1174 3384 1221 3434 illa
1238 3384 1295 3447 pla-

155 3455 225 3506 Lex.
247 3453 318 3505 Plat.
340 3471 367 3521 p.
394 3458 436 3507 74.
457 3461 485 3506 et
508 3469 578 3521 quae
597 3455 631 3504 ad
651 3456 703 3504 Ile·
752 3457 828 3516 nitie,
847 3469 918 3518 quae
935 3455 1072 3504 montibus
1096 3455 1130 3504 ab
1149 3467 1249 3504 occasu
1268 3455 1296 3500 et

155 3524 218 3574 rod.
235 3523 284 3588 Vl,
302 3525 345 3576 67.
368 3525 501 3577 dicentur.
529 3523 598 3575 Add.
619 3525 650 3575 Ο.
669 3525 700 3573 F.
753 3523 937 3588 septentrione
960 3522 1067 3572 inclusa
1087 3523 1123 3572 ad
1145 3537 1218 3570 mare
1236 3534 1297 3583 per-

154 3595 306 3645 Hermanu.
324 3595 436 3662 Antiqq.
447 3597 530 3645 Lace.
541 3609 565 3658 p.
579 3593 612 3644 83
625 3609 700 3658 seqq.
753 3593 836 3658 tingit
854 3607 940 3656 eaque
957 3590 1031 3655 loca,
1050 3605 1120 3656 quae
1137 3590 1205 3650 dixi,
1225 3604 1296 3638 corn-

155 3695 193 3704 -
217 3662 320 3728 recrea
342 3665 403 3730 ipsa
428 3665 491 3716 olim
513 3664 645 3729 pertinuit
667 3661 702 3712 ad
753 3661 909 3729 prehendit,
940 3661 1005 3710 olim
1033 3660 1116 3710 suerit
1146 3662 1297 3724 pugnatum

156 3734 306 3798 Cynuriaru
323 3739 423 3785 terram
440 3735 488 3796 (ci.
503 3733 604 3784 Ilerod.
623 3731 701 3795 VIII,
754 3735 825 3784 inter
845 3731 963 3796 Argivos
986 3746 1018 3780 ac
1036 3731 1186 3794 Spartanos
1203 3727 1297 3778 valde-

157 3802 193 3854 73
212 3803 304 3869 ibique
320 3803 403 3870 uott.)
423 3805 504 3854 sitam
527 3804 597 3854 iuter
617 3805 703 3868 Argo·
754 3819 807 3870 que
825 3800 978 3862 dolendum,
989 3799 1061 3864 quod
1071 3799 1098 3849 iu
1115 3798 1168 3849 hac
1184 3797 1296 3863 planitie

155 3873 241 3924 Iidem
257 3878 284 3923 et
302 3875 452 3926 Laconiam
471 3879 498 3924 et
516 3873 550 3924 ab
569 3873 703 3924 Arcadiae
754 3873 829 3924 nulla
851 3869 976 3936 sepulcra
1004 3885 1027 3919 s.
1050 3873 1224 3920 monumenta
1248 3868 1296 3919 ad-

156 3943 298 3994 montibus
317 3943 352 3994 ad
370 3945 453 3994 maris
466 3959 540 3994 oram
557 3959 642 4009 usque
659 3959 704 3993 ex·
755 3945 807 3994 huc
820 3941 928 3992 detecta
946 3938 1056 3989 luerint.
1075 3939 1118 3990 Gi.
1129 3941 1212 3992 etiam
1224 3941 1295 3990 Rosa

155 4019 278 4076 tensam,
301 4013 418 4064 fertilem
441 4029 474 4064 ao
502 4013 571 4064 bene
593 4013 703 4076 cultam,
755 4014 795 4063 in:
809 4011 914 4063 Bldtter
924 4010 968 4060 siir
976 4009 1047 4061 liter.
1057 4008 1294 4074 Unterhaltasas,

157 4083 192 4134 de
221 4099 275 4148 qua
297 4087 418 4134 veterum
446 4083 607 4148 scriptorum
628 4081 705 4133 locos
756 4098 797 4132 nr.
817 4081 876 4132 165.
895 4097 921 4147 p.
941 4079 1001 4132 682.

156 4153 236 4204 dabit
253 4153 386 4220 Forbigar
408 4153 464 4205 alt.
484 4153 581 4218 Geogr.
605 4153 657 4202 111.
677 4167 703 4217 p.
790 4138 827 4231 ἦν
851 4144 882 4200 oi
910 4145 957 4200 sul
984 4139 1002 4215 ἡ
1028 4143 1109 4216 μέχρι
1131 4137 1295 4213 Μαλέανὴ

155 4222 210 4274 9113
229 4238 286 4289 seq.
317 4223 386 4274 add.
412 4223 443 4274 0.
465 4222 499 4272 Ο.
518 4221 634 4274 Mueller
653 4223 705 4272 Ae·
756 4235 831 4285 προς
854 4211 977 4284 ἕσπέρην
1000 4210 1139 4287 Ἀργείου]
1171 4216 1296 4268 Μαλέων

156 4293 258 4358 ginett.
287 4307 313 4357 p.
343 4295 386 4344 16.
415 4291 549 4358 Boblaye:
589 4291 705 4343 Becher·
756 4305 804 4356 pro
828 4287 952 4340 Maianis
974 4291 1073 4355 scripsi
1095 4305 1156 4342 cum
1179 4287 1295 4338 Bredov.

156 4361 225 4413 ebes
248 4375 296 4412 aur
317 4361 357 4412 les
380 4363 472 4413 ruinas
502 4361 535 4412 de
558 4357 652 4413 uorsa
675 4375 704 4426 p.
755 4376 782 4426 p.
803 4357 863 4415 188.
883 4365 955 4428 etp.
974 4359 1048 4421 alsa
1067 4359 1103 4411 ci.
1123 4355 1297 4420 debocpro·

201 4463 369 4508 sueonor.
393 4463 416 4506 1.
1055 4440 1094 4502 12
