3086 4932
655 296 782 360 OLIO.
805 299 829 358 l.
849 308 894 363 82.

1281 297 1340 360 179

205 470 351 554 ἑωυτοῦ,
372 469 457 559 μηδὲ
472 474 677 559 παραμένειν
689 469 958 562 ἀγωνιζομένων,
981 477 1087 542 τῶνδε
1110 479 1257 562 εἵνεκεν,
1283 480 1340 545 ἵνα

154 601 158 608 ·
207 569 251 659 μὴ
264 571 460 662 παρεόντων
472 580 540 643 τεόν
561 581 813 664 στρατοπέδων,
834 572 980 667 ὁρωντες
999 582 1034 646 oi
1050 579 1156 668 ἕτεροι
1177 581 1338 668 ἑσσουμέ-

207 701 287 755 νους
313 673 392 756 τούς
418 681 618 766 σφετέρους,
653 675 864 767 ἐπαμύνοιεν.
917 685 1131 769 Συνθέμευοι
1157 673 1206 752 civ
1234 689 1339 752 ταῦτα

159 777 192 830 4¹
207 773 458 850 ἀπαλλάσσοντο
467 832 476 866 ,
496 781 637 867 λογάδες
655 783 692 852 δὲ
707 785 873 874 ἑκατέρων
891 779 1156 872 ὑπολειφθέντες
1170 789 1335 876 συνέβαλ-

206 889 276 950 λον.
303 887 499 972 μαχομένων
514 886 554 953 δέ
566 905 682 972 σφεων
700 888 755 955 καὶ
770 891 957 974 γινομένων
978 893 1179 976 ἰσοπαλέων,
1190 885 1335 970 Ἰὑπελεί-

205 1011 307 1076 ποντο
326 983 361 1069 ἐξ
382 983 518 1074 άνδρεόν
538 989 720 1070 ἑξακοσίων
733 1007 838 1079 τρεῖς,
858 988 1018 1078 Ἀργείων
1037 993 1098 1079 μέν
1117 988 1286 1084 Ἀλκήνωρ
1300 1022 1336 1064 τε

202 1091 259 1157 καὶ
286 1089 449 1184 Χρόμιος,
478 1098 757 1182 Λακεδαιμονίων
779 1093 816 1162 δὲ
840 1091 1039 1182 Ὀθρυάδης.
1079 1091 1337 1186 ὑπελείφθησαν
1385 1177 1388 1184 ,

202 1191 240 1260 δέ
254 1182 347 1262 οὗτοι
363 1192 485 1274 νυκτός
499 1193 718 1286 ἐπελθούσης.
749 1201 784 1266 oi
798 1195 860 1285 μέν
875 1193 918 1285 δὴ
938 1195 1000 1264 δύο
1013 1201 1082 1264 τεόν
1097 1193 1273 1285 Ἀργείων,
1294 1197 1337 1280 ὡς

203 1298 428 1386 νενικηκότες,
461 1304 562 1370 ἔθεον
583 1295 617 1380 ἒς
637 1298 674 1370 τό
692 1298 829 1389 Ἀργος·
862 1295 880 1370 ό
907 1299 945 1368 δέ
967 1302 1037 1369 τόν
1060 1305 1338 1387 Λακεδαιμονίων

197 1395 404 1492 Ὀθρυάδης,
428 1404 616 1484 σκυλεύσας
634 1401 712 1484 τούς
728 1401 889 1495 Ἀργείων
910 1399 1052 1492 νεκροός
1072 1404 1127 1471 καὶ
1143 1403 1336 1493 προσφορή-

200 1523 259 1586 σας
279 1501 318 1574 τά
338 1503 425 1576 ista
446 1504 527 1597 πρός
547 1503 584 1576 τό
606 1509 733 1578 ἑωυτοῦ
754 1507 997 1600 στρατόπεδον,
1028 1502 1067 1576 έν
1089 1511 1130 1596 τῇ
1151 1507 1242 1590 τάξει
1269 1505 1337 1595 εἶχε

201 1609 337 1679 ἑωυτόν.
366 1604 473 1700 ἡμέρη
488 1612 525 1681 δὲ
541 1615 682 1704 δευτέρη
698 1618 851 1703 παρῆσαν
865 1611 1119 1699 πυνθανόμενοι
1140 1607 1334 1700 άμφότεροι.

199 1714 279 1794 τέως
298 1714 361 1802 μὲν
382 1711 424 1803 δὴ
445 1711 540 1784 αὐτοὶ
565 1715 714 1806 ἑκάτεροι
735 1723 865 1805 ἔφασαν
887 1721 1005 1800 νικᾶν,
1035 1717 1188 1801 λέγοντες
1209 1719 1244 1784 oi
1260 1715 1334 1804 ple,

201 1810 244 1897 τός
258 1819 394 1887 ἑωυτῶν
408 1824 552 1900 πλεῦνες
569 1818 823 1907 περιγεγόνασι,
839 1824 874 1888 ol
887 1819 941 1904 dl,
956 1814 1034 1897 τούς
1048 1817 1110 1906 μέν
1123 1814 1332 1906 άποφαίνου-

198 1947 252 1999 τες
271 1921 499 2011 πεφευγότας,
524 1920 582 1994 τόν
603 1923 639 1992 δὲ
661 1923 825 2013 σφέτερον
844 1927 1096 2011 παραμείναντα
1118 1922 1173 1990 καὶ
1188 1921 1332 1991 σκυλεά-
1393 1930 1395 1934 ’

199 2043 303 2092 σαντα
323 2022 400 2106 τούς
421 2022 562 2098 ἐκείνων
584 2025 734 2118 νεκρούς.
768 2029 861 2109 τέλος
882 2025 918 2095 δὲ
939 2022 977 2095 ἐκ
997 2029 1055 2113 τῆς
1073 2029 1183 2116 ἔριδος
1202 2044 1331 2114 συμπε-

236 2187 405 2252 παραμένειν
426 2180 649 2256 ἀγωνιζομένων]
675 2191 693 2242 i.
714 2207 738 2243 e.

201 2273 266 2320 „aec
275 2269 463 2324 pemranerenr,
483 2261 538 2310 dam
553 2264 591 2312 illi
603 2263 687 2312 relicti
701 2262 738 2312 di-

199 2329 348 2378 mieareat.“
365 2329 443 2392 Quod
458 2331 591 2380 immerito
601 2331 737 2381 Larchero

199 2395 344 2461 displicuit,
358 2400 402 2448 cni
413 2401 570 2451 vertendum
581 2401 737 2451 videbatur:

196 2483 262 2531 „aec
286 2469 433 2520 adsiderem
454 2470 654 2521 dr'rrsicaatibur.“
695 2471 738 2521 Ad

196 2551 305 2586 sensnm
322 2543 408 2600 recte,
431 2539 467 2589 ad
485 2541 568 2592 verba
587 2541 674 2590 minas
693 2555 737 2591 ac-

196 2611 298 2658 curate.
335 2609 425 2660 Vertit
440 2615 531 2660 tamen
546 2610 639 2661 eodem
657 2611 737 2661 modo

195 2677 317 2742 Tonpins
342 2679 485 2740 (Emandd.
514 2682 550 2732 ad
578 2681 652 2731 Saia.
681 2681 735 2731 ΙΙΙ.

194 2761 257 2812 pag.
293 2747 369 2814 328):
404 2750 525 2800 adsidere
556 2750 737 2814 amoenatur,

194 2825 303 2868 τυτκεωιι
328 2820 421 2881 proclii
448 2829 614 2884 exspectare,
647 2823 685 2870 ita
712 2827 739 2870 at

190 2895 297 2950 praesto
315 2891 364 2938 aiat
379 2891 432 2939 εαίε
447 2889 618 2940 laborantibus
636 2905 738 2940 ετιεειιτ-

194 2971 262 3008 rere.
309 2957 380 3008 Nam
405 2955 580 3024 παραμένειν
609 2959 677 3010 alias
708 2959 737 3009 in

193 3027 358 3077 athletarum
382 3029 463 3078 rebus
492 3029 563 3079 idem
590 3045 650 3080 esse
676 3028 737 3078 vult

193 3101 280 3218 tit
297 3096 505 3234 ttttl'tt
523 3090 737 3235 sitisti

416 3205 423 3230 ‚
726 3198 736 3208 .

192 3251 279 3300 gnane
302 3237 445 3302 postmodo
468 3237 605 3288 laboranti
627 3255 735 3290 anecnr-

191 3309 244 3368 rat,
261 3307 371 3372 ipseque
385 3301 506 3372 ἔφεδρος
518 3307 634 3360 dicatur.
650 3339 685 3348 -
700 3309 734 3358 In

191 3389 266 3441 seqq.
292 3375 421 3426 librorum
445 3378 562 3442 plurium
586 3379 734 3429 anctorita-

191 3449 247 3495 tem
270 3447 358 3496 secuti
380 3461 440 3496 cum
465 3447 549 3499 Gaias.
576 3449 733 3514 scripsimus

188 3505 390 3564 ὑπελείποντο
399 3531 448 3581 pro
458 3509 732 3596 τολμόπελίποντο.

221 3575 359 3650 Ἀλκήνωρ
369 3599 397 3634 τε
405 3581 453 3634 καὶ
459 3585 488 3634 X
488 3579 734 3652 ρομιος-Ὀθρυ·

188 3645 273 3718 άδης]
299 3653 342 3704 Ad
359 3661 546 3720 argumentum
570 3658 641 3707 coni.
662 3658 733 3708 Pau-

191 3739 251 3774 san.
270 3725 309 3786 11,
323 3723 366 3775 20.
386 3728 412 3788 §-
430 3727 455 3777 4.
475 3718 661 3791 -Ἀλκήνωρ
677 3725 734 3790 pla·

189 3795 266 3859 rique
284 3794 347 3843 libri
365 3795 510 3860 praebant,
524 3796 649 3861 idemque
661 3811 733 3845 nunc

188 3865 347 3914 restitutum
366 3864 484 3916 Stobaeo
504 3867 570 3929 VII,
588 3867 631 3917 67.
656 3857 733 3930 Χρό-

189 3947 254 3998 μιος
273 3935 308 3986 oh
328 3938 457 3986 accentus
484 3938 617 3986 rationem
639 3933 733 3984 lauda-

188 4007 234 4052 tur
252 4019 268 4053 a
286 4003 381 4055 Lahra.
400 4005 441 4054 De
459 4004 610 4056 Aristarchi
634 4004 732 4055 studiis

188 4088 214 4138 p.
234 4073 295 4125 279.
314 4103 350 4113 -
372 4073 530 4140 Othryadae
552 4074 664 4124 victoris
692 4074 731 4124 ia·

188 4143 265 4192 cinus
291 4143 370 4194 malti
393 4144 522 4210 deinceps
549 4144 730 4206 celebrarant,

187 4227 267 4277 qnam
287 4214 427 4264 Laeonum
443 4219 584 4280 tropaeum
601 4229 651 4264 ano
670 4229 731 4264 san·

187 4281 270 4346 ghrina
299 4283 442 4348 scripsisse
464 4283 618 4350 perhibent.
659 4283 730 4345 Quo·

187 4365 246 4401 rum
259 4350 334 4403 locos
348 4351 459 4418 collegit
468 4353 530 4405 Tib.
541 4351 730 4405 Hamaterhus.

790 2191 824 2240 ad
843 2192 957 2242 Lucian.
975 2190 1176 2255 contemplant.
1193 2191 1239 2241 fin.
1254 2191 1332 2241 Tom.

790 2261 846 2312 111.
866 2278 893 2326 p.
912 2263 962 2312 412
981 2277 1038 2326 seq.
1061 2261 1103 2311 ed.
1122 2261 1182 2326 Bip.
1219 2263 1260 2312 Ex
1278 2263 1332 2311 He·

788 2332 909 2382 rodoteis
930 2331 1021 2381 verbis
1039 2331 1085 2380 vix
1101 2330 1153 2380 hoc
1176 2330 1268 2396 colligi
1285 2347 1332 2395 po-

788 2405 857 2464 test,
878 2400 1045 2466 Othryadem
1060 2405 1201 2465 tropaeum
1213 2401 1332 2451 erexisse

789 2471 912 2536 adeoque
942 2470 1010 2521 illud
1039 2470 1228 2534 inscripsisse,
1259 2470 1331 2536 qnod

787 2541 881 2591 forsan
911 2541 1067 2605 posterioris
1096 2540 1195 2589 aetatis
1225 2540 1332 2590 ferebat

789 2626 860 2674 moa,
884 2611 933 2661 sed
955 2609 1023 2660 illud
1041 2625 1138 2672 unum,
1164 2609 1331 2675 Othryadem

789 2680 910 2730 collectis
933 2680 1051 2730 hostium
1074 2677 1170 2742 armis,
1198 2695 1268 2744 quae
1287 2695 1331 2732 ca·

788 2749 931 2801 daveribns
951 2751 1121 2812 detraxerat,
1149 2749 1185 2798 ad
1203 2765 1267 2800 snos
1291 2765 1331 2799 re·

787 2821 916 2882 vertisse,
944 2819 1064 2870 hostium
1087 2815 1175 2883 spolia
1196 2824 1227 2868 ut
1249 2819 1331 2868 docu-

788 2895 908 2940 mentum
920 2889 1052 2938 victoriae
1065 2893 1221 2952 reportatae
1239 2904 1330 2937 secum

788 2960 928 3010 ferentem.
965 2957 998 3008 In
1022 2973 1076 3022 qua
1092 2957 1248 3006 Herodotea
1269 2973 1330 3006 nar-

788 3029 895 3079 ratione
914 3025 1030 3093 simplici
1052 3027 1146 3091 atique
1164 3041 1214 3075 nec
1232 3027 1330 3090 impro-

787 3098 872 3149 babili
889 3097 1013 3148 nolumns
1027 3095 1094 3147 illud
1111 3111 1244 3160 premere,
1261 3095 1348 3146 veri-⁴

786 3169 873 3220 shnile
891 3185 946 3218 non
971 3182 1044 3231 esse,
1067 3165 1139 3232 quod
1160 3183 1229 3218 unns
1248 3165 1328 3218 homo

785 3243 827 3290 tot
838 3253 979 3289 caesorum
991 3237 1110 3288 hostiam
1122 3237 1255 3288 cadavera
1267 3253 1329 3302 spo-

785 3309 858 3358 liarit
882 3309 1053 3371 omniumque
1081 3323 1158 3357 arma
1184 3311 1266 3357 exuta
1293 3307 1327 3356 ad

784 3393 848 3428 suos
873 3376 1027 3444 contulerit.
1070 3375 1138 3425 Tale
1166 3377 1237 3426 enim
1263 3375 1327 3439 qnid

783 3446 939 3497 Herodotus
960 3446 1005 3493 rix
1029 3443 1165 3509 cogitasse
1190 3445 1327 3508 putandus

783 3521 835 3567 est.
865 3517 902 3565 Et
914 3513 979 3578 qnid
992 3527 1059 3577 opus
1073 3513 1196 3561 omnibns
1209 3513 1328 3561 hostium

784 3600 925 3636 caesorum
942 3581 1043 3632 armis?
1074 3581 1170 3631 Nonne
1187 3577 1328 3630 nonnullo-

784 3671 843 3705 rnm
859 3653 947 3718 spolia
965 3651 1034 3702 satis
1049 3651 1103 3700 iam
1114 3650 1245 3699 victorem
1257 3665 1327 3699 com-

784 3729 936 3774 monstrare
955 3721 1099 3787 poterant?
1137 3719 1193 3769 Nee
1209 3719 1263 3769 alio
1281 3719 1327 3768 dn-

784 3795 823 3846 eit
849 3792 949 3844 Thesei
979 3790 1052 3855 apud
1079 3789 1227 3840 Stobaenm
1259 3789 1277 3839 l.
1306 3788 1325 3841 l.

784 3866 886 3927 oratio,
911 3861 1095 3912 narrationem
1113 3857 1193 3910 eredo
1209 3851 1326 3925 'amplifi-

784 3934 872 3985 cantis
886 3933 955 3983 adeo
966 3935 994 3980 et
1004 3931 1175 3992 exornantis,
1191 3931 1238 3980 uhi
1249 3930 1325 3994 dicit,

785 4004 951 4069 Othryadem
968 4003 1049 4051 anellis
1064 3999 1188 4065 spoliatis
1205 3999 1325 4052 hostium

781 4079 921 4139 tropaeum
940 4071 1066 4121 erexisse.

818 4133 857 4200 ὥς
868 4135 981 4192 ἑωυτῶν
990 4138 1107 4198 πλεῦνες
1117 4129 1323 4205 περιγεγόνασι]

781 4211 899 4270 πλεῦνες
910 4212 1006 4262 Ionum
1019 4225 1093 4262 more
1111 4225 1160 4276 pro
1172 4209 1325 4260 Atticorum

781 4277 906 4346 πλέονες,
926 4296 980 4346 qna
993 4281 1026 4332 da
1039 4295 1069 4331 re
1082 4279 1172 4331 omnia
1187 4293 1258 4328 nnnc
1271 4276 1326 4327 eol-

780 4349 848 4419 lagit
865 4351 982 4403 Bredas.
1001 4365 1029 4417 p.
1049 4348 1100 4402 154
1118 4363 1175 4413 seq.

1051 4429 1114 4492 12*
