3086 4952
599 315 772 378 0L10.1.
796 327 857 381 132.
1232 313 1294 376 275

119 499 154 556 67
164 484 248 556 κατὰ
264 489 366 576 μέρεα
379 485 416 556 τδ
430 486 540 577 ἱρήιον
554 487 659 579 ἑψήσῃ
673 487 713 559 τὰ
726 494 823 580 κρέα,
844 486 1019 570 ὑποπάσας
1033 497 1134 578 ποίην
1148 483 1193 569 ὡς
1206 484 1292 558 ἆτα-

165 591 332 676 λωτάτην,
348 589 488 676 μάλιστα
504 591 541 660 δὲ
554 589 591 661 τδ
605 599 806 680 τρίφυλλον,
825 595 879 662 ἐπὶ
892 591 1013 682 ταύτης
1026 599 1129 682 ἔθηκε
1145 584 1193 662 ὦν
1207 591 1292 662 ariu-

165 721 206 761 τα
220 690 260 760 τὰ
275 694 373 780 τρία·
395 697 571 774 διαθέντος
585 695 623 764 δὲ
643 693 764 780 αὐτοῦ,
785 695 887 784 μάγος
908 693 992 787 ἀνὴρ
1007 693 1197 786 caproneis
1211 699 1291 765 ἐτα-

167 799 250 864 είδιι
272 804 470 886 θεογονίην,
490 802 567 885 οἴην
587 797 628 887 δὴ
648 801 769 869 ἐκεῖνοι
791 803 924 885 λέγουσι
940 800 1025 869 εἶναι
1039 798 1101 889 τὴν
1115 797 1292 888 ἐπαοιδήν·

166 963 240 1014 denti
251 964 349 1013 Persas
368 980 419 1016 nec
436 964 535 1015 altaria
552 967 641 1016 iacere
656 982 706 1016 nec
756 968 804 1028 iis,
823 983 892 1032 quae
910 983 992 1032 supra
1010 971 1177 1030 narraverat,
1195 968 1294 1017 Persas

165 1033 254 1098 ignem
271 1033 298 1082 in
317 1035 403 1084 sacris
422 1036 570 1086 accendere
589 1035 706 1086 tradidc·
756 1037 821 1106 deos
845 1051 878 1086 ex
895 1037 1047 1087 hominibus
1071 1038 1177 1102 genitos
1194 1052 1293 1102 negare

163 1108 221 1168 rat,
254 1102 298 1152 hie
327 1104 360 1154 de
385 1103 504 1155 victimis
531 1106 652 1172 loquitur
677 1105 705 1154 in
756 1102 1023 1170 (ανθροτιοφνέας);
1042 1106 1112 1156 unde
1127 1107 1231 1158 Graeco
1250 1123 1296 1169 po·

162 1178 254 1238 partes
272 1173 388 1222 concisis
402 1189 548 1240 carumque
563 1192 645 1226 carne
661 1175 706 1224 eli-
756 1177 810 1225 tius
828 1190 915 1238 more,
937 1191 991 1225 nou
1009 1176 1120 1225 Persico
1140 1174 1296 1238 θεογονίην

163 1247 241 1304 xata;
269 1242 297 1292 id
320 1243 392 1307 quod
414 1245 472 1294 sine
502 1245 562 1296 foco
589 1247 706 1312 igneque
756 1245 909 1296 admisceri.
946 1246 1023 1308 Quae
1040 1260 1100 1294 cum
1119 1259 1205 1310 prava
1220 1243 1295 1292 vocis

163 1311 221 1362 fieri
239 1313 333 1378 utique
351 1327 405 1363 non
417 1315 514 1379 potuit.
543 1317 633 1378 Quare
650 1317 704 1365 iam
754 1306 975 1380 ἄνθρωποφνὴς
1001 1313 1225 1379 interpretatione
1257 1312 1297 1361 ni-

163 1382 361 1432 Valckcnarius
395 1383 483 1434 locum
518 1385 704 1436 Herodoteum
754 1390 861 1446 tantur,
881 1383 1004 1434 refellere
1022 1399 1076 1434 uon
1096 1383 1204 1434 attinet.
1239 1381 1297 1432 Nec

163 1452 243 1516 plane
261 1452 315 1502 alio
328 1451 407 1503 modo
420 1453 576 1517 constitnit;
595 1455 643 1506 alii
655 1471 703 1520 pro
755 1455 919 1506 Graecorum
934 1454 1075 1519 lhcqqenia
1091 1454 1135 1504 hic
1148 1454 1297 1502 incensum

165 1513 257 1588 ἑψήσῃ
275 1514 309 1570 τὰ
327 1517 396 1586 κρέα
414 1523 578 1575 maluerunt:
598 1519 654 1592 ἔψη
670 1516 706 1574 τδι
754 1525 847 1574 νοοῖτο
865 1529 967 1588 potest,
995 1529 1026 1574 ut
1043 1525 1111 1574 bene
1131 1522 1201 1572 vidit
1217 1521 1297 1570 Wes-

163 1588 231 1654 ape'u
254 1589 281 1656 (a
308 1591 390 1642 verbo
412 1587 471 1643 ἓτιω
494 1625 529 1634 -
550 1595 593 1646 ubi
613 1609 705 1646 carnea
755 1593 885 1658 selingius
909 1594 976 1644 hece
998 1593 1143 1643 adiicicns:
1177 1591 1296 1652 „Persae

163 1663 315 1728 amaverit),
334 1661 394 1711 alii:
417 1657 497 1730 ψήσῃ
517 1657 552 1713 τδι
568 1662 635 1728 κρέα
654 1663 707 1728 (udi
755 1669 786 1714 ut
809 1663 886 1728 plura
908 1664 1032 1729 variique
1053 1662 1160 1727 generis
1185 1659 1296 1707 numina

163 1747 256 1782 carnea
264 1731 361 1782 arcibus
372 1731 537 1800 detraxerit).
552 1733 606 1785 Sed
616 1733 707 1786 omnia
755 1733 967 1799 profitebantur,
985 1733 1110 1782 videntur
1128 1728 1221 1778 eadem
1241 1727 1297 1778 alia

163 1801 230 1851 haec
248 1801 348 1850 absunt
365 1806 422 1852 tum
446 1818 463 1853 a
479 1803 609 1854 librorum
629 1808 705 1854 retu·
756 1809 839 1868 atque
869 1802 923 1853 alia
953 1803 1068 1866 origine,
1104 1797 1156 1847 etsi
1188 1797 1295 1846 minime

163 1875 265 1920 storum
284 1871 424 1938 vestigiis,
448 1877 506 1923 tum
524 1874 560 1924 ab
578 1874 705 1940 ipsch·
756 1873 874 1922 humana
891 1873 1029 1922 statuisse.
1064 1867 1163 1932 Cogite
1181 1865 1296 1916 detinc-

163 1939 253 1990 rodoti
267 1941 411 2004 sententia,
426 1943 705 2009 quiinaltariignem
757 1943 885 1993 eticorum
904 1940 1039 1992 Aeonibus
1064 1940 1091 1985 et
1109 1935 1296 1986 Emanationi-

163 2010 250 2060 luisse
267 2011 375 2062 minime
399 2011 534 2074 deelarat3
560 2029 611 2064 nec
630 2013 706 2079 quisl-
756 2014 806 2062 bus
834 2027 867 2062 ex
889 2007 1025 2060 Zoroastri
1048 2010 1075 2055 et
1100 2004 1295 2056 Chaldaeorum

164 2093 246 2144 quam
263 2080 388 2144 impedit,
406 2097 458 2147 qno
472 2083 560 2134 miuus
577 2083 630 2134 alio
645 2083 704 2134 loco
757 2079 905 2144 Theologia
928 2075 1097 2127 arcessitis.‘¹
1132 2075 1194 2126 Erit
1212 2075 1295 2142 igitur

166 2163 273 2198 caesam
290 2150 428 2201 victimam
451 2157 479 2203 ct
501 2153 530 2203 in
548 2157 640 2219 partes
658 2153 705 2204 mi·
756 2149 894 2214 θεογονίη
912 2161 964 2198 non
983 2160 1028 2208 ca,
1050 2159 1121 2209 qnae
1138 2145 1180 2208 11,
1205 2145 1238 2196 53
1256 2145 1296 2194 di·

166 2219 282 2268 nutatim
310 2225 424 2284 sectam,
458 2222 585 2274 elixatum
619 2224 705 2273 luisse
755 2222 837 2279 uitur,
867 2216 912 2266 sed
941 2216 970 2264 in
998 2215 1154 2264 universum
1180 2214 1214 2265 de
1242 2215 1294 2264 diis

114 2344 120 2358 ¹
166 2287 316 2340 credamus.
362 2291 438 2342 Haec
466 2298 508 2343 est
532 2293 705 2358 Wessclingii
755 2287 874 2338 narratio
897 2283 982 2350 deque
1001 2300 1093 2334 eorum
1116 2284 1232 2350 origine,
1254 2285 1294 2333 in·

165 2359 314 2421 tementis,
334 2359 492 2412 confirmata
510 2363 557 2426 iis,
584 2379 652 2430 quae
671 2361 704 2410 de
754 2354 874 2406 cantatio
897 2354 924 2404 in
948 2355 1033 2404 sacris
1058 2353 1179 2404 adhiberi
1201 2353 1292 2404 solita.

163 2427 273 2493 Scythis
300 2427 414 2495 legimus
443 2431 496 2496 IV,
521 2433 554 2483 59
582 2443 704 2499 quaeque
753 2423 902 2473 Deolsrant
930 2423 981 2474 hoc
1012 2424 1097 2474 verba
1124 2423 1247 2474 consulto
1277 2437 1294 2472 a

161 2499 305 2549 Persarum
339 2501 458 2551 moribus
490 2501 569 2568 plane
608 2512 703 2550 conve·
752 2493 853 2544 Nostro
872 2493 990 2545 Graecos
1009 2509 1065 2544 sem
1085 2509 1113 2542 er
1130 2494 1293 2560 respiciente

162 2568 248 2619 niunt.
285 2569 341 2620 Nec
363 2569 443 2621 aliter
461 2571 549 2622 locum
572 2566 702 2618 intellexit
752 2562 871 2613 adiecta:
899 2560 966 2628 οἴην
992 2555 1029 2628 δὴ
1087 2566 1159 2612 εῖνοι
1183 2563 1294 2628 λέγουσι

162 2638 319 2689 Brittoniua
338 2637 357 2688 l.
376 2639 395 2690 l.
415 2641 453 2704 11,
472 2641 514 2691 43.
542 2636 619 2687 Adde
638 2648 702 2698 quo·
753 2624 826 2680 εἷναι
837 2625 890 2698 τὴν
901 2626 1054 2698 ἐπαοιδήν,
1076 2633 1148 2683 nuda
1164 2631 1294 2698 intelligi-

162 2723 215 2772 que
234 2707 355 2760 Kleuher
373 2709 392 2760 l.
412 2709 430 2761 l.
450 2725 512 2775 pag.
533 2705 574 2758 lt.
592 2731 626 2743 -·
643 2703 702 2754 Tri·
752 2717 827 2764 mus,
860 2702 1046 2770 theogeniam,
1077 2719 1158 2769 quam
1189 2703 1294 2754 Graeco

117 2835 120 2842 Α
162 2777 269 2840 solium,
290 2793 343 2843 quo
360 2779 388 2828 in
405 2779 478 2829 hisce
495 2781 558 2825 sunt
576 2772 632 2834 usi,
651 2773 703 2822 trs·
752 2771 831 2821 modo
853 2771 967 2838 loquens
988 2773 1089 2824 Noster
1112 2773 1194 2836 dixit,
1225 2769 1294 2822 nihil

163 2847 369 2912 quentissimum
394 2848 446 2898 illle
476 2845 504 2894 iu
534 2843 699 2908 regionibus.
753 2841 827 2891 alind
850 2842 935 2893 fuisse
958 2842 1012 2892 nisi
1035 2841 1245 2906 appellationem
1270 2855 1292 2890 s.

162 2916 225 2967 Vid.
250 2918 372 2968 Brisson.
402 2915 439 2966 11.
471 2915 495 2974 §-
526 2911 574 2963 137
609 2916 637 2962 et
663 2911 699 2964 cf.
752 2911 974 2972 incantationem,
988 2917 1107 2972 cantum,
1126 2911 1293 2976 quiaMago

163 2985 239 3036 Snid.
263 2977 382 3052 Μηδικὴ
410 2975 477 3044 πόα,
508 2970 525 3044 ἡ
549 2979 702 3046 τρίφοίίος
752 2981 901 3044 accinitur,
921 2983 983 3032 dnm
998 2996 1042 3030 res
1058 2995 1136 3030 sacra
1155 2979 1295 3044 peragitur

162 3051 306 3121 λεγομένη.
344 3053 385 3103 Cr.
407 3049 484 3100 addit
505 3051 618 3102 Barheri
641 3057 700 3102 not.
752 3065 838 3116 eoque
861 3059 943 3102 cantu
968 3049 1101 3102 contineri
1127 3051 1160 3100 de
1184 3049 1294 3099 deorum

163 3126 191 3174 in
210 3125 266 3175 The
290 3121 397 3173 classic.
423 3121 515 3170 Ionrn.
535 3121 569 3173 V.
592 3138 619 3188 p.
638 3121 700 3173 243.
752 3119 858 3185 origiue
872 3126 899 3170 et
918 3125 1016 3170 natura
1034 3119 1193 3171 orationem.
1222 3119 1295 3181 Qua-

163 3197 228 3257 244,
253 3193 299 3242 ubi
316 3189 349 3238 dc
366 3189 417 3240 hac
440 3189 534 3255 planta
557 3206 637 3242 sacra
654 3191 701 3240 tri·
752 3189 1091 3256 listheogoniaquomodo
1110 3205 1170 3240 cum
1180 3187 1294 3239 Hesiodi

162 3263 309 3322 nitatisquo
327 3259 458 3324 symbolo.
484 3260 538 3311 Sed
551 3262 638 3328 magis
649 3261 701 3312 huc
752 3259 899 3324 theogonia
917 3261 1044 3311 contendi
1063 3261 1194 3324 potuerit,
1219 3258 1295 3324 eqni-

162 3333 266 3382 t'aciunt
287 3329 437 3396 Boettigeri
464 3336 535 3382 nott.
562 3332 590 3381 in
612 3330 701 3382 Amal·
753 3329 894 3380 demhaud
904 3331 1038 3396 perspicio
1048 3329 1186 3394 proboque
1196 3329 1295 3380 Schoe-

162 3401 223 3450 tlraa
241 3397 264 3448 1.
283 3413 309 3463 p.
328 3399 376 3450 107
395 3405 453 3451 not.
753 3413 853 3460 manu,
872 3401 918 3464 qui
931 3401 959 3448 in
968 3401 1115 3450 Dissertat.
1129 3397 1294 3462 deTheogo·

752 3469 799 3518 uia
821 3469 960 3518 Hesiodea
982 3470 1009 3518 in
1032 3469 1117 3518 sacris
1140 3483 1194 3517 non
1217 3465 1294 3515 adhi-

194 3496 282 3564 ιοηιε
312 3532 348 3540 -
374 3493 408 3550 τὰ
439 3499 518 3568 soie]
550 3503 702 3554 Articulum
753 3538 811 3588 brt.
832 3537 1036 3603 (empireus.
1062 3535 1151 3602 rsus.)
1175 3551 1201 3599 p.
1227 3537 1252 3585 ⁵.
1273 3534 1293 3598 ,t

158 3562 193 3620 τὰ
220 3571 368 3623 aReiskio
397 3570 503 3622 illatum
531 3574 702 3638 retinuimus,

158 3641 258 3724 qnippe
296 3640 331 3691 ad
375 3644 539 3694 sententiam
578 3659 703 3694 necessa·

160 3725 239 3762 num.

753 3623 829 3672 seqq.
860 3608 1055 3674 Gocttlingium
1074 3605 1129 3655 tale
1151 3603 1215 3670 quid
1238 3588 1296 3666 cpi-

753 3682 863 3727 nantem
875 3673 1176 3743 inProlegg.Hesiodd.
1186 3689 1212 3737 p.
1220 3672 1294 3723 XLI.

754 3747 822 3796 satis
842 3747 983 3798 refutavit.
1017 3745 1058 3796 Ad
1072 3744 1127 3794 vim
1142 3743 1217 3793 vocis
1229 3735 1295 3790 ἐπα-

193 3807 347 3870 διαθίντος
369 3805 401 3862 δὲ
424 3803 527 3879 αὐτοῦ]
552 3814 570 3864 i.
590 3829 613 3864 e.
639 3829 703 3879 ηιιοι
755 3807 820 3880 οιδή
844 3819 948 3868 consul.
970 3815 1093 3867 Nitasch.
1116 3813 1144 3862 in
1163 3811 1293 3863 Corollar.

157 3883 201 3934 ati
225 3885 281 3946 ipre
309 3881 540 3947 (sacrificaturus)
572 3883 701 3946 disposuit,
754 3886 873 3936 secundo
889 3889 925 3938 ad
941 3885 1061 3937 hobecls.
1075 3881 1207 3948 Aglaoph.
1227 3879 1294 3946 (Kil.

157 3967 244 4016 ιιαιγιιι
256 3951 411 4016 (sacerdos)
431 3953 538 4002 adstans
550 3952 704 4018 theogonium
756 3953 848 4014 1839.)
865 3971 928 4021 pag.
943 3955 982 4005 VI
1000 3971 1056 4019 seq.
1092 3952 1159 4002 Inde
1175 3953 1296 4018 cogitare

158 4023 260 4080 eremit,
281 4025 376 4088 qualem
394 4024 432 4072 illi
445 4025 632 4073 incartationem
647 4039 704 4074 cese
754 4025 798 4074 hic
815 4024 880 4075 licet
896 4027 929 4076 de
941 4026 1089 4076 carminum
1102 4022 1224 4072 formulis
1237 4022 1295 4071 aive

159 4091 253 4144 dicunt.
303 4091 346 4142 Cf.
375 4092 466 4142 Strab.
495 4091 554 4142 XV.
584 4108 610 4157 p.
642 4091 702 4144 753.
753 4094 892 4159 precibus,
913 4095 1007 4160 quales
1025 4091 1296 4160 plerumquebrevio·

159 4161 193 4210 de
206 4161 295 4226 Magia
313 4159 533 4212 sacrificantibus
550 4161 704 4212 consimilia
754 4179 798 4215 res
818 4163 894 4214 libris
912 4165 1035 4216 Zendicis
1052 4163 1237 4225 continentur,
1262 4175 1296 4210 ac

160 4229 332 4281 scribentem.
356 4231 513 4281 Herodotea
526 4231 613 4296 carpit
623 4233 703 4296 Hyde
755 4233 787 4283 dc
798 4233 831 4282 iis
843 4236 998 4300 praecipue,
1015 4233 1112 4300 quibus
1129 4247 1225 4282 nomen
1237 4233 1296 4280 lae-

160 4299 194 4350 de
218 4299 295 4366 relig.
321 4301 413 4351 Perse.
435 4315 495 4366 cap.
518 4299 543 4351 3.
568 4315 631 4366 pag.
660 4299 702 4362 uu,
754 4301 850 4353 eahae:
870 4303 926 4356 vid.
944 4301 1107 4356 Rhodahl.
1126 4301 1251 4366 pag.510
1269 4301 1297 4347 ct

160 4383 222 4420 cum
249 4369 406 4422 Herc-lotus
436 4369 575 4422 conuaria
602 4369 704 4421 scribat
754 4371 827 4424 conf.
847 4372 966 4424 Kleulrer
983 4373 1001 4423 l.
1019 4371 1037 4424 l.
1057 4385 1121 4436 pag.
1141 4367 1183 4420 18.

1024 4449 1089 4513 18*
