3008 4924
528 283 775 344 BUTERPE.
798 285 841 344 ῙῙ.
865 293 925 349 136.
1232 287 1291 346 7'41

157 455 254 550 adop
272 451 348 544 μήτ’
373 458 411 525 ἐν
431 453 522 550 ἄλλῳ
539 459 676 546 μηθενὶ,
697 455 775 546 μήτ’
800 456 902 529 ἄλλον
921 461 1050 549 μηδένα
1074 461 1144 529 ταῖν
1165 461 1296 530 ἑωυτοῦ

116 557 424 648 Ιίθάπογενόμενον
448 559 567 644 θάψαι.
596 557 859 650 ’Ῥπερβαλίσθαι
886 562 923 631 dt
943 564 1151 653 βουλόμενον
1175 569 1296 634 τοῦτον

157 661 217 732 τὸν
237 666 376 753 βασιλέα
397 661 474 744 τούς
494 665 658 755 πρότερον
681 667 809 734 ἑωυτοῦ
829 673 986 753 βασιλέας
1006 671 1208 757 γενομένους
1230 674 1292 738 Αί-

157 765 305 854 μιίπτον,
326 764 543 857 μνημόσυνον
565 774 738 859 πυραμίδα
760 772 935 853 λιπέσθαι,
961 774 998 839 ἐκ
1017 778 1175 839 πλίνθων
1196 769 1292 860 ποιή-

157 892 279 958 σαντα,
303 873 341 940 ἐν
361 878 401 960 τῇ
422 871 596 962 γράμματα
618 876 654 942 ἐν
668 880 756 964 λίθῳ
771 875 1041 961 ἐγκεκολαμμένα
1060 874 1140 943 τάδε
1155 875 1295 960 λέγοντά

158 979 235 1044 ἔστι·
274 983 351 1044 ΜΗ
374 983 446 1044 ΜΕ
466 984 809 1046 ΚΑΤΟΝΟΣΘΗιΣ
826 985 953 1046 ΠΡΟΣ
980 986 1073 1045 ΤΑΣ
1095 985 1298 1046 ΛΙΘΙΝΑΣ

158 1087 449 1148 ΠΤΡΑΜΙΛΑΣ.
484 1087 673 1149 ΠΡΟΕΧΩ
699 1087 731 1148 Γ
729 1087 792 1148 ΑΡ
809 1087 1005 1148 ΑΤΤΕΩΝ
1031 1088 1293 1162 ΤΟΣΟΤΤΟΝ,

152 1177 291 1250 (οΣοΝ
311 1177 346 1250 Ὁ
368 1191 491 1251 ΖΕΥΣ
516 1191 614 1252 ΤΩΝ
635 1191 800 1252 ΑΛΛΩΝ
824 1191 965 1252 ΘΕΩΝ.
1002 1190 1184 1252 ΚΟΝΊῺι
1206 1189 1238 1250 Γ
1236 1192 1300 1250 ΑΡ

153 1281 545 1354 ’ΤΠΟΤῬΠΤΟΝΤΕΣ
567 1296 631 1354 ΕΣ
648 1294 860 1370 ΛῙΜΝΗΝ,
884 1281 920 1353 Ὁ
952 1293 998 1354 TI
1021 1293 1293 1355 ΠΡΟΣΧΟΙΤΟ

163 1397 255 1458 ror
272 1397 437 1458 aanor
461 1395 535 1458 και
551 1397 746 1473 uoluam,
774 1397 924 1458 roano
940 1396 1293 1473 ΣνΛΛΕνονΤιιΣ,

157 1500 404 1561 ΠΛΙΝΘΟῬΣ
425 1501 648 1578 ΕῘΡΤΣΑΝ,
676 1501 759 1562 ΚΑΙ
780 1501 852 1560 ΜΕ
877 1501 1043 1561 ΤΡΟΠΩι
1073 1499 1293 1561 ΤΟΙΟΤΤΩι

158 1599 279 1673 ΕΞΕΠ
282 1603 430 1664 ΟΙΗΣΑ
435 1605 476 1664 Ν.
504 1602 624 1667 τοῦτον
638 1596 700 1686 μὲν
712 1601 858 1665 τοσαῦτα
873 1593 1110 1679 ἀποδέξασθαι.

159 1763 328 1813 lastinianus
348 1762 469 1828 (Novell.
494 1764 576 1827 CXV,
595 1765 622 1830 5)
646 1765 701 1816 edi·

158 1833 242 1895 xerit,
268 1848 302 1882 ne
327 1833 370 1882 eui
393 1833 509 1898 amplius
531 1833 626 1884 lieeret
645 1851 701 1885 eor-

157 1919 225 1968 pora
243 1903 432 1952 defunctorum
452 1903 536 1952 debiti
549 1906 639 1968 gratia
657 1905 701 1955 de·

157 1973 244 2023 tinere
254 1976 302 2022 aut
314 1971 533 2037 impedimentum
549 1975 639 2024 faeere
657 1991 701 2025 eo-

157 2059 215 2092 rum
234 2041 398 2106 sepulturae.
436 2042 513 2094 Cous.
533 2044 625 2109 Zoega
642 2044 661 2095 l.
680 2045 698 2094 l.

157 2129 220 2178 pag.
245 2111 306 2163 292.
325 2143 359 2152 -
377 2112 419 2162 Ad
443 2127 536 2162 voeem
563 2104 699 2177 ἀπογενό-

157 2196 245 2245 μενον
263 2181 431 2245 (defunctam,
453 2182 581 2248 mortuam)
607 2184 699 2234 confer

157 2253 195 2314 11,
214 2251 257 2302 85.
279 2251 327 2314 IV,
346 2254 362 2301 4
381 2255 408 2302 et
425 2267 494 2316 quae
514 2251 569 2302 alia
585 2252 699 2302 laudant

157 2321 321 2372 Valckenar.
347 2327 374 2370 et
392 2321 554 2386 Wesseling.
579 2322 658 2372 adh.
678 2323 697 2374 l.

191 2384 220 2440 ἐκ
236 2388 369 2439 πλίνθων
380 2388 550 2458 ποιήσαντα]
563 2392 608 2443 Sin
621 2393 698 2454 dixit,

157 2460 227 2526 quod
240 2465 294 2510 tres
308 2461 474 2526 pyramides,
490 2477 603 2526 quarum
617 2467 699 2514 autea

157 2531 257 2581 mentio
279 2531 354 2581 iaeta
372 2537 428 2592 est,
449 2547 483 2580 ex
501 2531 591 2596 lapide
611 2533 698 2583 ealea-

157 2602 197 2651 rio
214 2605 292 2651 erant
309 2606 478 2664 exstructae,
498 2600 569 2652 hano
587 2618 651 2653 vero
667 2619 699 2652 ex

157 2687 239 2736 opere
248 2671 371 2721 latericio
383 2672 440 2723 fieri
455 2672 537 2722 iussit
548 2687 603 2734 rex,
621 2673 700 2737 quale

157 2757 224 2806 opus
241 2741 269 2788 in
288 2741 403 2804 publicis
421 2757 508 2806 aeque
533 2757 566 2791 ao
584 2743 698 2806 privetis

155 2810 287 2860 aediliciis
305 2810 449 2860 admodum
468 2811 593 2874 frequens
616 2812 701 2860 luisse

156 2895 204 2942 per
229 2879 381 2942 Aegyptum
405 2880 473 2930 satis
497 2884 606 2928 constat
623 2881 701 2944 ipsis·

157 2963 209 3010 que
225 2947 268 3006 iis,
288 2963 358 3012 quae
376 2948 464 2998 adhue
482 2953 635 3011 supersunt,
655 2965 701 2998 an-

157 3016 293 3081 tiquitatis
317 3017 439 3081 reliqniis
464 3017 532 3066 satis
556 3017 700 3081 probatur;

156 3087 229 3136 coni.
241 3083 319 3135 modo
329 3086 494 3134 Wilkinson.
509 3087 636 3136 Manners
647 3092 699 3138 ete.

158 3155 198 3206 11.
223 3171 285 3220 pag.
315 3155 358 3219 uu,
384 3154 516 3205 Rosellini
546 3156 620 3205 Mon.
646 3157 700 3208 civ.

156 3225 194 3276 Il.
211 3240 274 3289 pag.
294 3224 355 3276 246.
392 3225 468 3288 Opus
487 3223 638 3274 latericium
653 3225 701 3275 hu-

156 3295 198 3345 ius
211 3294 359 3359 pyramidis
376 3294 457 3358 idque
468 3294 593 3344 eximium
611 3295 700 3346 adhuc

155 3367 195 3414 ita
214 3369 352 3428 superest,
370 3369 401 3414 ut
419 3363 520 3414 lateres
538 3365 607 3414 bone
627 3381 700 3415 eom·

157 3435 231 3500 poeti
248 3437 293 3483 vix
312 3450 361 3484 suo
378 3434 439 3484 loeo
457 3433 522 3483 moti
539 3433 697 3495 videantur3

156 3504 297 3555 materiam
315 3519 379 3555 vero
405 3504 433 3553 hi
456 3504 589 3568 praebent
607 3505 699 3567 telem,

156 3589 226 3640 quae
244 3591 276 3624 ex
288 3589 359 3639 aqua
376 3574 510 3638 paludosa
524 3572 620 3625 laouve
635 3591 700 3640 quo-

156 3645 218 3694 dam
237 3645 320 3694 dueta
339 3645 425 3694 videri
446 3648 543 3708 queat:
566 3649 598 3693 nt
622 3659 697 3706 sane,

155 3729 224 3780 quae
235 3715 383 3780 'inscriptio
399 3713 534 3776 declarat,
554 3729 619 3764 vera
638 3731 698 3765 esse

155 3788 296 3849 appareat.
333 3783 437 3848 Lepide
447 3781 514 3833 haee
524 3785 642 3848 pyramis
652 3801 698 3834 ae-

752 1771 841 1832 prete,
865 1769 895 1814 ut
917 1765 972 1814 iam
997 1763 1100 1814 Graeco
1124 1764 1236 1814 Graecis
1254 1764 1293 1814 le-

753 1836 873 1887 ctoribus
898 1833 1010 1884 reddere
1037 1838 1129 1897 posset
1152 1829 1231 1893 (reida
1251 1828 1292 1882 λέ-

750 1903 866 1971 μοντα);
885 1919 946 1953 nam
967 1903 1079 1954 Graecis
1095 1904 1181 1953 literis
1199 1904 1294 1954 inseri-

751 1976 870 2041 ptionem
889 1973 990 2023 factam
1009 1989 1085 2036 esse,
1109 1974 1210 2023 nemini
1233 1989 1293 2037 pro-

751 2046 824 2095 lecto
843 2045 870 2093 in
883 2044 1113 2106 mentemveniet,
1147 2043 1189 2094 cf.
1210 2043 1292 2094 etiarn

750 2116 788 2178 II,
809 2114 857 2164 141
877 2113 923 2163 fin.

784 2179 823 2247 μή
840 2197 873 2248 με
891 2179 1075 2249 κατονοσθῇς
1092 2172 1180 2246 πρὸς
1194 2171 1243 2238 τὰς
1253 2180 1292 2230 λι-

750 2251 838 2309 θίνας
856 2249 1028 2317 πυραμίδας]
1050 2254 1069 2304 i.
1091 2268 1115 2302 e.
1137 2267 1168 2301 ne
1184 2267 1292 2301 mecon-

750 2333 844 2373 ίαιιαοτ
864 2339 886 2374 a.
902 2323 1050 2385 vilipendas,
1063 2337 1214 2385 comparans
1227 2320 1291 2386 (mo)

749 2409 802 2442 αμα
829 2393 938 2455 lapideis
956 2393 1139 2458 pyramidibus.
1172 2382 1291 2439 κατονό-

750 2460 856 2512 σασθαι
881 2467 1020 2527 exponunt
1038 2453 1219 2524 ἔκφανλίσαι,
1242 2455 1291 2508 κοι-

748 2529 966 2596 ταμὲμψασθαι,
993 2539 1024 2582 ut
1047 2533 1085 2594 II,
1113 2531 1170 2582 172.
1195 2561 1231 2570 -
1251 2532 1292 2580 De

751 2617 802 2653 usu
828 2601 1039 2668 praepositionis
1064 2597 1137 2664 πρὸς
1168 2601 1223 2650 vid.
1248 2601 1292 2649 Fi·

751 2673 838 2722 seher.
858 2672 893 2722 ad
908 2672 1017 2722 Weller.
1033 2672 1085 2734 111,
1107 2672 1134 2721 b.
1148 2687 1211 2736 pag.
1230 2672 1291 2720 257.

786 2733 878 2806 κόντη)
895 2733 948 2804 γὰρ
962 2731 1177 2795 ὑποτύπτοντες
1194 2731 1221 2795 ἐς
1233 2737 1292 2800 λίμ-

753 2809 816 2875 νην]
836 2811 855 2860 1.
877 2827 900 2858 e.
921 2818 992 2860 conlo
1013 2811 1037 2858 in
1054 2810 1170 2871 paludem
1188 2810 1293 2857 immisso

752 2888 895 2944 egerentes,
916 2878 1147 2944 praedadlraaredal
1163 2879 1217 2926 lati.
1248 2876 1293 2924 lta

753 2949 780 2997 lr.
799 2948 818 2998 l.
837 2949 920 2998 vertit
936 2946 1100 3014 Valckenar.
1112 2945 1148 2993 ad
1160 2945 1212 3005 111,
1233 2943 1291 3005 130,

751 3018 798 3066 ubi
820 3017 1055 3068 Hemsterhusium
1079 3015 1146 3064 nitet
1174 3015 1209 3063 ad
1227 3013 1292 3091 ‘Ari-

751 3087 875 3150 stophan.
895 3088 947 3136 Aa.
973 3085 1040 3137 1145
1064 3084 1097 3133 de
1116 3083 1198 3132 verbo
1219 3097 1291 3130 νπο-

749 3147 866 3204 τύπτειν
883 3158 1070 3220 exponentem.
1108 3152 1186 3202 Conf.
1210 3153 1292 3202 etiam

750 3225 851 3275 Herod.
870 3225 918 3286 VI,
944 3223 1003 3275 lltl.
1038 3224 1070 3272 In
1097 3238 1172 3288 seqq.
1195 3223 1292 3274 retinui

750 3286 930 3358 πρόσχοιτο.
967 3293 1030 3344 Vid.
1057 3297 1126 3342 nott.
1151 3293 1186 3342 ad
1214 3295 1237 3355 1,
1265 3296 1290 3344 2.

750 3391 785 3400 -
807 3362 909 3427 λίμνην
933 3363 966 3413 de
1000 3363 1062 3413 lacu
1088 3362 1216 3413 Moeridis
1242 3362 1291 3426 (11,

751 3432 823 3496 149.)
842 3432 958 3497 intelligi
975 3433 1119 3494 volunta,
1148 3434 1194 3497 qui
1221 3433 1292 3482 hauc

749 3505 836 3569 ipsam
854 3504 1020 3568 pyramidem
1041 3518 1125 3568 prope
1144 3502 1178 3552 El
1194 3502 1292 3552 Lahun

749 3573 897 3634 collocant;
924 3589 1011 3638 aequo
1029 3575 1087 3622 iure
1105 3572 1186 3622 etism
1206 3571 1292 3621 Aehe-

748 3645 849 3694 rusiam
873 3642 1013 3708 paludem,
1041 3642 1073 3692 de
1098 3658 1152 3707 qua
1178 3641 1290 3692 Diodor.

749 3715 772 3776 1,
791 3713 834 3777 96,
855 3729 871 3762 a
890 3713 1007 3776 Memphi
1020 3729 1075 3762 non
1092 3711 1236 3762 admodum
1252 3727 1291 3760 re·

749 3788 849 3834 motam
868 3781 1021 3848 intelligere
1040 3782 1106 3832 lieet
1118 3785 1167 3832 aut
1177 3780 1292 3831 alterum

97 3873 100 3879 ·
155 3869 207 3919 que
226 3859 300 3904 teoto
318 3859 377 3904 erat
395 3855 562 3904 extrinsecus
587 3869 620 3904 ao
639 3855 699 3904 reli·
746 3854 846 3916 laeum,
862 3855 938 3903 euius
947 3853 1067 3915 vestigia
1076 3852 1111 3900 ad
1122 3852 1213 3900 urinas
1227 3855 1293 3900 tem·

156 3939 225 3989 quae
236 3923 284 3988 (el.
297 3925 335 3986 11,
349 3925 406 3974 125.
420 3923 469 3973 1⁸26
479 3921 561 3988 eto.);
580 3924 607 3972 in
625 3923 697 3974 hune

154 3993 272 4058 lapidem
293 3984 335 4057 (lv
353 3992 439 4059 λίθῳ)
458 3993 610 4057 insculptae
622 3999 700 4043 erant

156 4062 266 4126 literae,
296 4056 456 4127 γράμματα,
483 4067 515 4112 ut
536 4063 637 4113 Noster
660 4064 697 4112 lo-

157 4133 262 4196 quitur,
282 4133 355 4183 haud
369 4133 426 4183 seio
446 4149 481 4182 an
501 4133 609 4195 eadem,
630 4149 699 4198 quae

158 4215 240 4266 supra
256 4203 293 4263 11,
320 4203 368 4252 1⁶25
386 4207 468 4252 vocat
485 4195 633 4266 γράμματα
651 4197 698 4250 Αί-

156 4267 274 4333 γύπτια,
295 4272 341 4320 ubi
359 4272 414 4321 vid.
429 4277 510 4334 nott,
527 4288 640 4336 quorum
659 4273 698 4321 in·

156 4341 377 4405 terpretationem
396 4342 436 4390 ita
454 4343 560 4406 aceepit
570 4341 604 4392 ab
617 4342 699 4391 inter-

748 3923 800 3989 pli,
823 3923 895 3988 quod
918 3922 1035 3973 Vulcani
1062 3922 1148 3972 luisse
1170 3921 1293 3984 perhibe-

749 4000 806 4056 tur,
826 3993 936 4057 reperiri
954 3992 1049 4042 scribit
1062 3989 1149 4042 Raoul
1160 3990 1294 4041 Roehetto

749 4064 769 4116 l.
787 4063 806 4113 l.
826 4079 889 4126 pap.
910 4063 972 4112 410.

783 4131 928 4188 πλίνθους
949 4128 1075 4195 είρνσαν]
1100 4130 1118 4178 i.
1147 4145 1170 4180 e.
1197 4132 1293 4180 lateres

750 4205 886 4252 drroemnl.
903 4201 991 4266 Supra
1002 4201 1024 4258 Ι,
1038 4201 1088 4251 llil
1099 4199 1205 4249 dixerat
1214 4197 1293 4248 πλίν-

750 4271 825 4328 θονς
843 4266 941 4321 ἕλκειν.
963 4301 998 4310 —
1015 4272 1057 4320 De
1070 4270 1154 4320 verbo
1168 4259 1294 4319 ἐκποιεῐν

750 4342 823 4393 coni.
842 4345 911 4392 nott.
931 4341 967 4390 ad
984 4340 1022 4402 Il,
1041 4341 1100 4391 125.
1136 4341 1216 4390 Hane
1228 4353 1292 4389 vero
