3096 4930
212 309 274 373 las
646 303 915 367 HERODOTI

211 459 373 573 seddim)
399 487 533 552 uotiuis
557 479 667 568 λόγων
688 481 879 567 λεγομένων
905 473 963 548 dds
991 505 1047 567 μοι
1070 471 1088 548 ὁ
1115 476 1349 558 πιθανώτατος

145 599 512 775 215εἶρηῖᾅὲσσαγέται
538 685 576 756 dl
604 682 731 774 ἐσθῆτά
749 710 784 753 τε
806 678 926 773 ὁμοίην
946 687 986 772 τῇ
1007 690 1166 777 Σκυθικῇ
1188 687 1349 776 φορέουσι

254 887 365 942 πολλῶν
393 879 486 952 λόγων
515 880 673 951 λεγομένων
706 871 756 935 ὅδε
807 885 927 936 atrocius
950 900 1021 935 nune
1044 885 1201 949 additurus,
1232 901 1286 952 que
1314 885 1349 936 ad

214 977 264 1029 μοι
286 951 301 1010 ὁ
325 950 527 1014 πιθανώτατος
551 951 672 1019 εἴρηται]
703 955 757 1005 Ex·
807 955 957 1006 vindictam
980 970 1061 1020 quam
1083 955 1206 1021 perhibet
1230 955 1350 1005 divinam

213 1035 288 1084 stant
306 1030 401 1094 utique
417 1027 513 1093 plures
532 1026 703 1076 narrationes
723 1024 756 1073 de
807 1025 980 1076 attenderent
1003 1024 1125 1076 homiues
1155 1027 1265 1090 suisque
1291 1023 1350 1074 fini·

213 1101 278 1167 Cyri
300 1104 401 1158 morte;
426 1111 506 1162 quem
527 1096 620 1160 quiete
638 1094 756 1144 inlecto
808 1095 858 1144 hus
878 1111 907 1146 se
928 1098 1052 1146 tenerent
1070 1095 1199 1158 modesti,
1226 1094 1265 1144 nil
1281 1095 1351 1146 ulte·

214 1169 365 1223 decessisse
385 1165 536 1232 Xenophon
559 1164 668 1225 scribit,
696 1163 758 1213 Cte·
808 1165 863 1214 rius
882 1169 1050 1230 appetentes.
1086 1167 1180 1229 Aque
1199 1181 1253 1214 uon
1269 1163 1350 1215 valde

214 1242 269 1292 sias
291 1240 320 1288 in
343 1236 441 1288 castris
464 1251 479 1286 e
501 1235 612 1284 vulnere
636 1233 757 1284 saucium
809 1233 925 1285 discedit
949 1233 1077 1284 Osiandri
1103 1250 1129 1284 r.
1154 1233 1181 1286 d.
1204 1235 1349 1298 sententia,

213 1313 309 1362 narrat
326 1311 473 1368 mortuum,
499 1303 636 1356 Diodorus
654 1303 757 1353 inscie
809 1303 865 1354 illic
889 1320 906 1354 a
929 1320 971 1354 me
989 1303 1111 1354 laudata.
1148 1303 1229 1354 Melit
1246 1303 1292 1354 ille
1310 1303 1350 1354 fa-

214 1384 324 1444 captum
352 1377 479 1440 crucique
504 1373 630 1436 affixum,
664 1379 691 1422 et
718 1373 759 1422 sie
808 1373 899 1423 hulam
928 1373 961 1423 de
989 1373 1054 1439 Cyri
1084 1373 1159 1423 exitu
1187 1375 1287 1424 reterre
1315 1374 1350 1424 ed

215 1449 263 1500 alii
286 1447 380 1508 aliter,
404 1459 472 1510 quos
497 1447 620 1496 recenset
638 1443 703 1493 Bos.
723 1439 759 1490 ad
809 1442 900 1493 odium
921 1441 1010 1506 istud,
1036 1443 1064 1492 iu
1091 1443 1163 1508 quod
1185 1443 1294 1508 tyranni
1317 1459 1350 1494 ac

215 1516 323 1570 Cornel.
351 1516 451 1580 Nepet.
478 1512 512 1564 de
535 1529 610 1579 regg.
635 1510 658 1560 I.
682 1515 708 1576 ς.
732 1513 758 1574 2,
809 1528 952 1578 regnorum
977 1511 1131 1564 conditores
1155 1513 1236 1564 iaoile
1262 1513 1350 1564 ineur-

215 1588 280 1640 add.
305 1601 359 1634 van
381 1585 513 1635 Staveren
541 1583 576 1632 ad
600 1577 679 1632 eirnd.
705 1579 758 1630 loe.

215 1657 284 1709 Add.
300 1653 489 1705 Hemsterhns.
509 1652 544 1703 ad
561 1649 677 1702 Lucisui
702 1647 759 1714 (qui

214 1725 385 1778 Herodotum
403 1722 535 1788 sequitur)
562 1719 712 1784 contempl.
732 1718 758 1780 ἃ.

220 1796 259 1846 13.
282 1811 309 1860 p.
329 1793 380 1845 393
399 1809 474 1858 seqq.
498 1792 531 1843 Τ.
556 1790 610 1841 111.
629 1787 679 1840 ὀᾶ.
696 1789 757 1854 Bip.

215 1863 385 1916 Herodotum
413 1876 521 1927 quoque
551 1859 674 1925 sequitur
695 1859 759 1908 Hie·

215 1949 343 2000 renymus
355 1933 519 1984 Commeutt.
530 1931 560 1980 in
569 1928 682 1980 zachar.
695 1927 718 1991 1,
734 1927 758 1979 l.

217 2003 261 2068 (T.
277 2004 326 2055 VI.
350 2019 378 2067 p.
396 2001 448 2052 778
466 2001 508 2050 ed.
527 1998 670 2058 Vsllsrsi.)
695 1996 757 2049 coll.

216 2073 379 2124 Cemmeutt.
397 2072 424 2120 in
442 2069 550 2121 Daniel.
564 2070 590 2120 6.
611 2067 658 2132 (Τ.
677 2066 711 2116 V.
729 2083 756 2132 p.

216 2141 279 2208 665)
297 2145 324 2190 et
341 2141 370 2191 11
391 2141 438 2205 (Τ.
452 2141 485 2192 V.
503 2155 530 2204 p.
542 2138 616 2199 762).
646 2137 683 2186 lit
701 2135 759 2200 plu-

215 2225 259 2262 res
275 2209 373 2271 luisse,
395 2209 441 2274 qui
454 2208 488 2258 de
499 2209 562 2273 Cyri
579 2205 650 2256 bello
664 2204 758 2256 adver·

215 2295 262 2331 sus
280 2280 453 2344 Massagetas
475 2276 631 2338 retulerint,
659 2274 758 2326 Strabo

215 2363 323 2415 quoque
340 2353 447 2410 narrat,
467 2362 581 2412 quorum
598 2359 759 2410 quemquam

214 2433 280 2468 vera
297 2431 490 2484 usquequaque
515 2413 669 2481 prodidisse
687 2414 758 2464 idem

215 2491 307 2553 negat.
326 2489 416 2552 Atque
428 2491 543 2552 augetur
555 2482 704 2534 difficultas
716 2499 758 2546 eo,

214 2557 287 2624 quod
296 2557 427 2606 Arrianus
439 2555 554 2620 (Exped.
566 2553 643 2604 Alex.
653 2554 701 2613 vl,
713 2553 757 2620 76)

215 2631 243 2677 et
260 2625 358 2676 Strabo
377 2623 447 2688 (XV.
466 2641 493 2690 p.
517 2623 569 2674 730
591 2639 613 2672 s.
633 2621 759 2687 ρ.1662)

213 2695 278 2760 Gyri
296 2691 498 2744 monumentum
515 2692 682 2758 Pasargadis
705 2707 759 2742 me·

214 2769 322 2815 morant
332 2764 473 2829 ipsiusque
481 2763 546 2829 Cyri
558 2761 675 2812 cadaver
684 2761 758 2812 laute

215 2839 297 2900 atque
317 2834 429 2900 opipare
450 2833 588 2884 conditum
611 2831 759 2882 Alexandri

214 2904 309 2970 Magni
327 2909 419 2954 aetate
436 2904 465 2953 in
485 2919 516 2953 ee
539 2903 680 2952 inventum
697 2916 758 2950 nar-

213 2979 285 3025 rant.
325 2974 397 3037 Quid
418 2973 541 3038 equidem
565 2972 696 3032 sentiam,
723 2969 757 3019 ad

215 3043 323 3093 Ctesias
351 3044 476 3108 fragmm.
503 3057 567 3107 pag.
595 3041 643 3091 lll
670 3039 758 3090 decla-

214 3114 283 3162 ravi.
319 3113 409 3177 Magis
431 3113 502 3160 enim
520 3111 611 3175 placet
628 3109 758 3160 Gtesiaua

214 3183 350 3242 narratio,
368 3185 462 3245 utpote
474 3179 637 3246 simplicior,
656 3195 705 3229 nec
719 3179 758 3228 la-

214 3249 286 3299 bulis
304 3249 359 3299 ullo
373 3249 451 3299 modo
471 3255 567 3300 ornata
583 3255 631 3298 aut
643 3263 758 3313 exagge-

215 3323 286 3369 rata.
325 3319 493 3369 Herodotum
518 3317 677 3369 crediderim
699 3333 758 3367 eam

216 3388 332 3454 elegisse
355 3389 552 3450 narrationem,
578 3403 647 3454 quae
670 3387 757 3452 magis

216 3465 275 3508 erat
293 3458 462 3509 coniermsta
478 3459 514 3509 ad
526 3459 690 3509 Graecorum
703 3457 759 3506 ani-

216 3545 288 3592 mos,
307 3529 404 3593 quibus
422 3529 452 3578 in
469 3533 526 3576 tum
544 3527 624 3577 foede
637 3543 669 3576 ac
684 3527 759 3590 turpi

215 3599 288 3663 regis
306 3599 403 3648 summi
426 3599 500 3648 exitu
519 3601 583 3646 ante
602 3595 694 3646 oculos
711 3611 758 3661 pe·

215 3673 343 3718 nerentur
365 3669 438 3717 vitae
465 3667 600 3716 humanae
622 3665 758 3714 vicissitu-

215 3738 293 3788 dines
311 3737 444 3802 simulque
463 3737 581 3801 ipsarum
602 3749 691 3785 rerum
709 3734 757 3784 hu-

216 3821 356 3856 mansrum
380 3806 515 3873 fragilitas
540 3809 622 3868 atque
647 3803 757 3853 iufirmi-

215 3881 273 3938 tas,
297 3875 326 3925 iu
349 3877 382 3926 iis
405 3876 473 3926 adeo
498 3876 660 3940 conspicua,
686 3888 755 3938 qnos

216 3959 334 3996 summos
353 3961 386 3994 ao
397 3946 514 3995 maxime
530 3946 700 4009 praestantes
718 3959 758 3993 rs-

214 4015 296 4080 liquis
313 4014 396 4079 vulgo
419 4029 569 4064 censemus.
603 4015 680 4063 Haec
697 4027 758 4062 nar·

215 4085 286 4134 ratio
309 4097 395 4148 aeque
415 4083 541 4149 congruit
564 4097 625 4134 eum
647 4081 700 4131 line
718 4085 758 4132 at-

216 4167 268 4220 que
289 4151 403 4201 coneilio
421 4153 575 4217 scriptoria,
600 4152 646 4216 qui
669 4151 756 4202 simile

215 4222 348 4270 humanas
371 4221 530 4286 tragilitatis
553 4220 703 4286 exemplum
727 4221 757 4270 in

216 4290 309 4340 Croesi
322 4291 387 4340 fatis
401 4291 454 4340 iam
471 4305 553 4356 supra
569 4295 757 4356 proposuerat,

215 4359 330 4414 alterum
353 4359 473 4412 eiusdem
499 4361 606 4428 generis
634 4359 757 4425 adeoque

809 1587 880 1643 rant,
897 1587 929 1632 ut
941 1581 986 1632 vel
998 1585 1183 1646 postmortem
1195 1581 1267 1632 mala
1278 1583 1351 1633 sarna

810 1652 1036 1721 contaminentur,
1083 1651 1141 1702 Nec
1169 1651 1349 1716 Dahlnranno‚

809 1736 880 1786 quae
898 1721 1055 1772 Herodotus
1073 1721 1108 1770 ds
1126 1721 1191 1786 cyri
1209 1721 1262 1772 fine
1284 1723 1350 1772 seri-

809 1791 865 1852 bit,
891 1807 956 1842 vers
974 1806 1084 1856 prorsus
1109 1796 1157 1840 aut
1180 1791 1281 1842 fabulis
1304 1793 1350 1843 sd-

809 1860 901 1910 mixtis
923 1875 1013 1910 vacua
1034 1859 1161 1911 videntur
1185 1859 1272 1926 (coni.
1293 1863 1350 1913 eius

808 1930 911 1980 Herod.
924 1945 987 1996 pag.
1003 1928 1088 1994 tls),
1107 1945 1195 1996 usque
1206 1932 1350 1984 Dunclrero

808 1999 985 2066 (Geschichte
1008 1998 1035 2049 d.
1054 1999 1170 2051 Alterth.
1190 2001 1228 2053 11.
1250 2017 1276 2066 p.
1300 2003 1352 2054 576

808 2068 910 2134 seqq),
929 2068 1112 2120 Herodoteam
1123 2071 1306 2122 narrationem
1316 2073 1352 2122 ad

808 2139 904 2204 poesin
920 2137 1065 2191 reiicienti.
1100 2139 1259 2191 Schlossere
1276 2140 1352 2205 (Uni-

808 2207 991 2274 versalgeseh.
1004 2207 1028 2260 1.
1043 2208 1066 2258 1.
1082 2211 1171 2274 petit
1185 2213 1274 2275 seqq.)
1291 2211 1353 2262 Cte-

809 2277 886 2328 siaua
904 2278 1023 2327 narratio
1041 2277 1220 2341 praeferenda
1235 2279 1351 2342 videtur,

808 2347 1004 2412 Xenophontea
1013 2347 1101 2412 Angla
1112 2349 1172 2398 siro
1182 2350 1263 2400 docto
1272 2351 1351 2400 Vsus

809 2415 946 2480 (Nineveh
975 2416 1029 2466 aud
1050 2417 1203 2482 Persepolis
1230 2433 1294 2483 pag.
1316 2419 1350 2469 66

809 2485 896 2552 seq).
942 2485 1126 2536 Herodoteam
1167 2488 1349 2538 narrationem

809 2571 869 2605 cum
883 2556 928 2618 iis,
948 2570 1017 2620 quae
1029 2555 1112 2605 hehet
1122 2555 1270 2618 Mirehond‚
1286 2573 1349 2607 cou-

808 2623 920 2676 tendere
938 2623 1043 2674 studuit
1058 2624 1154 2674 Schott
1171 2625 1212 2674 iu:
1237 2627 1348 2688 Ermum,

808 2695 908 2744 Archiv
921 2694 941 2744 i.
953 2693 1098 2745 Russlund.
1114 2691 1191 2745 1841.
1206 2695 1243 2745 11.
1257 2711 1284 2760 p.
1297 2695 1349 2748 366

808 2779 865 2828 seq.
894 2765 969 2826 Quae
985 2779 1049 2814 vero
1065 2762 1193 2813 Arrianus
1206 2769 1233 2814 et
1251 2765 1349 2816 Strabo

808 2833 826 2882 l.
845 2831 863 2883 l.
889 2833 922 2884 de
945 2833 1010 2898 Cyri
1034 2838 1207 2884 monumento
1229 2835 1350 2898 tradunt,

809 2918 841 2953 ea
863 2904 982 2954 virorum
1007 2901 1148 2952 doctorum
1177 2919 1191 2953 s
1217 2905 1352 2956 sententia

808 2973 848 3022 sie
866 2971 934 3023 satis
952 2973 1119 3022 conveniunt
1137 2988 1197 3022 cnm
1214 2989 1246 3024 eo
1258 2991 1352 3025 mouu-
1455 2989 1459 2997 ·

808 3047 912 3106 mento,
941 3041 1014 3107 quod
1036 3041 1256 3107 Pasargadsrum
1279 3050 1353 3095 vete·

808 3127 866 3161 rurn
881 3113 910 3161 iu
922 3111 982 3162 loeo
994 3123 1079 3175 prope
1094 3111 1219 3176 Murgab,
1236 3117 1268 3162 ut
1280 3129 1352 3164 nunc

808 3185 920 3243 vocant,
954 3179 1042 3230 adhue
1069 3182 1189 3231 cernitur
1217 3183 1352 3248 vulgoque

808 3253 945 3315 cognitum
977 3254 1020 3300 est
1051 3250 1161 3300 nomine
1192 3251 1316 3302 Mesched
1344 3257 1354 3304 ἰ

809 3321 905 3370 Μοᾱεν
929 3321 939 3368 s'
960 3317 1086 3368 Saleimars
1109 3319 1142 3384 (i.
1162 3336 1186 3370 a.
1212 3326 1353 3385 seprdcram

807 3393 895 3440 matris
913 3387 1073 3454 Salomonis).
1104 3389 1239 3440 Aoeurute
1252 3391 1352 3441 deacri-

809 3459 864 3524 psit
888 3457 1045 3518 amariori,
1067 3459 1123 3508 Ker
1140 3459 1261 3522 Perteri,
1286 3461 1352 3510 alio-

808 3543 867 3578 rum
895 3527 1043 3578 itinerariis
1071 3527 1175 3578 Ritter:
1203 3528 1351 3579 Erdkunde

808 3597 890 3648 Vlll.
915 3613 941 3662 p.
963 3595 1016 3647 949
1035 3611 1111 3662 seqq.
1152 3597 1215 3646 Acri
1234 3599 1350 3648 incisum

807 3667 859 3717 hoe
875 3667 940 3732 Cyri
957 3665 1111 3730 sepulerum
1125 3666 1233 3718 exhibet
1252 3669 1351 3718 Texier

807 3737 943 3801 Descript.
964 3735 997 3785 de
1015 3735 1176 3799 l'Armenie‚
1194 3740 1277 3789 Perse
1297 3744 1349 3790 etc.

806 3805 909 3866 Ρ1.81;
929 3805 1015 3869 lapidi
1032 3821 1088 3857 non
1105 3808 1193 3856 minus
1210 3806 1351 3873 splendide

806 3875 920 3925 incisum
943 3873 1061 3924 Flandin
1079 3876 1193 3942 voyage
1216 3893 1250 3928 en
1267 3879 1350 3928 Perse

807 3943 850 3996 Pl.
868 3945 912 3996 85.
935 3943 1079 3996 las-197.

983 4116 1049 4168 Csl’.
1069 4115 1174 4188 coxy.

842 4217 1025 4282 Messapiam
1043 4212 1075 4268 δὲ
1090 4247 1125 4258 -
1141 4214 1289 4282 φορέουσι]
1308 4219 1351 4268 De

807 4287 1022 4354 Massagetarum
1062 4288 1233 4340 vestimentis
1276 4287 1348 4338 coni.

808 4357 898 4409 Strah.
923 4358 971 4409 XI.
997 4373 1024 4423 p.
1048 4356 1109 4408 513.
1141 4373 1163 4407 s.
1189 4373 1216 4423 p.
1242 4356 1291 4408 781
1315 4357 1348 4419 Β,
