3088 4922
576 289 827 352 HUTHRPH.
850 291 893 350 11.
916 299 960 354 14.
1276 283 1338 347 459

200 463 315 534 ἄλλων
328 459 525 553 ἀνθρώπων
540 457 699 532 ἁπάντων
710 464 767 532 καὶ
779 468 848 534 τῶν
855 467 983 534 λοιπῶν
992 467 1201 552 Αἰγυπτίων,
1217 455 1338 530 uicies

201 566 332 660 ἀρότρῳ
348 563 620 656 ἀναῤῥηγνύντες
636 563 783 646 αὔλακας
799 573 910 656 ἔχουσι
929 567 1064 652 πόνους,
1079 563 1156 636 οὔτε
1172 564 1336 636 σκάλλον-

202 699 271 754 τες,
291 667 368 739 οὔτε
389 667 471 739 ἄλλο
490 670 702 758 ἐργαζόμενοι
725 667 827 740 οὐδὲν
847 676 916 740 τῶν
937 662 1038 740 ὧλλοι
1058 667 1236 758 ἅνθρωποι
1262 669 1338 756 περὶ

202 773 298 863 λήΙον
312 776 488 844 πονέουσι·
506 771 579 842 ἀλλ’
598 770 701 844 ἐπεάν
719 793 780 862 σφι
794 769 812 842 ὁ
827 773 971 864 ποταμὸς
984 771 1167 863 αὐτόματος
1182 769 1339 842 ἐπελθών

202 875 287 967 ἄρσῃ
301 875 359 957 τὰς
374 873 530 964 ἀρούρας,
540 874 643 966 ἄρσας
659 877 696 945 δὲ
710 873 875 966 ἀπολείπῃ
888 873 1007 960 ὀπίσω,
1020 877 1093 948 τότε
1107 883 1246 965 σπείρας
1260 879 1336 945 ἔκα-

200 1002 276 1062 στος
289 977 351 1070 τήν
365 981 492 1050 ἑωυτοῦ
511 977 660 1068 ἄρουραν
680 975 833 1068 ἐσβάλλει
857 975 890 1062 ἐς
904 977 1010 1068 αὐτήν
1027 971 1076 1060 ὗς.
1107 977 1211 1050 ἐπεὰν
1225 979 1262 1050 δὲ
1277 1006 1336 1048 κα-

199 1147 329 1214 peouliari
348 1148 509 1212 scriptione,
527 1151 558 1198 nt
576 1151 667 1198 mouet
683 1147 741 1210 Cra,
795 1147 918 1214 equidem
939 1151 1043 1196 mutare
1063 1145 1185 1196 audeam.
1222 1145 1339 1196 wilkin-

199 1216 468 1268 illustravitcostaa.
479 1217 741 1282 surl'agrioult.etc.
794 1233 853 1268 son.
873 1217 892 1269 Ι.
905 1217 923 1268 l.
938 1233 964 1282 p.
981 1217 1024 1268 39.
1043 1216 1078 1268 46
1096 1216 1132 1266 ad
1150 1215 1281 1266 Larcheri
1294 1231 1339 1265 ac·

198 1289 227 1337 in
244 1287 383 1350 Descript.
403 1286 436 1337 de
454 1287 527 1352 l’ltg.
541 1285 620 1338 mdm.
640 1287 663 1336 1.
684 1285 742 1348 (eu-
794 1287 867 1338 cedit
894 1287 1059 1338 senteutiam
1083 1286 1243 1347 statuentis,
1275 1299 1338 1335 sues

199 1356 281 1423 tiqq.)
303 1356 407 1406 livraia.
432 1357 455 1407 1.
474 1373 502 1422 p.
524 1356 558 1406 4tl
576 1372 651 1422 seqq.
686 1357 741 1406 Ubi
793 1357 867 1422 agris
899 1357 1025 1420 immitti,
1057 1359 1203 1420 antequam
1234 1355 1339 1404 semina

199 1428 271 1478 conf.
291 1426 413 1491 inprimis
430 1442 493 1492 pag.
513 1427 547 1478 52
565 1441 640 1492 seqq.
670 1425 741 1478 Add.
792 1427 894 1478 fuerint
914 1426 1028 1487 iniecta,
1053 1425 1088 1475 ad
1106 1441 1187 1491 agros
1213 1424 1337 1474 omnibus

198 1496 362 1558 Wilhinson.
385 1497 514 1546 Manners
538 1495 591 1546 and
614 1496 740 1546 Custome
792 1497 929 1547 radicibus
946 1496 1091 1560 herbisque
1111 1494 1254 1544 inutilibus
1271 1492 1338 1544 libe·

199 1566 230 1617 ol
245 1566 291 1617 the
309 1565 419 1616 ancient
436 1566 589 1631 Egyptians
615 1565 680 1631 (see.
701 1583 742 1616 se·
792 1567 893 1616 randoe
903 1572 930 1617 et
940 1567 975 1616 ad
984 1566 1088 1616 semina
1097 1564 1252 1630 recipienda
1261 1580 1338 1629 prae-

198 1637 264 1699 ries)
287 1636 310 1687 1.
328 1651 355 1700 p.
376 1635 410 1687 38
428 1651 505 1701 seqq.
526 1637 560 1688 85
578 1651 669 1701 seqq,
695 1635 741 1700 qui
792 1636 942 1702 parandos:
967 1635 1015 1685 sed
1036 1635 1071 1685 ab
1092 1634 1225 1685 Herodoti
1246 1635 1337 1686 verbis

199 1721 232 1756 ex
255 1705 435 1756 monumentis
458 1710 527 1756 vett.
546 1705 742 1770 Aegyptiorum
792 1707 861 1756 haec
880 1705 970 1756 aliena
993 1721 1053 1755 esse
1075 1719 1154 1754 nemo
1178 1719 1234 1754 uon
1251 1705 1335 1758 ridet.
1436 1753 1441 1764 ,

198 1775 267 1825 talia
290 1779 317 1826 et
338 1775 397 1841 ipse
415 1775 546 1826 exhibuit.
582 1773 659 1837 Quae
681 1790 741 1824 cum
792 1776 857 1840 Ipse
888 1773 1052 1825 Wilhinson.
1087 1775 1115 1823 iu
1145 1775 1336 1839 monumentis,

199 1845 240 1895 ita
258 1845 326 1907 sint,
345 1845 400 1894 nisi
418 1847 517 1896 erroris
535 1849 640 1910 patrem
657 1843 742 1893 histo·
794 1860 863 1911 quae
890 1845 982 1896 varias
1010 1843 1099 1910 operis
1121 1843 1218 1893 rustici
1244 1849 1336 1909 partes

198 1915 256 1965 riae
271 1915 397 1966 incusare
413 1915 491 1978 velis,
512 1916 570 1966 eius
587 1913 672 1964 rerba
687 1929 742 1964 nou
794 1913 934 1976 exhibent,
954 1929 1086 1980 nusquam
1104 1928 1166 1964 sues
1185 1914 1290 1964 invenit
1309 1917 1336 1965 iu

199 1984 235 2034 ad
264 1999 368 2034 omnem
390 1984 544 2050 Aegyptum
566 1989 646 2034 erunt
674 1983 742 2034 rele-
791 1985 843 2036 hoc
855 1985 964 2049 negotio
977 1984 1235 2048 adhibitosrcapros
1247 1989 1337 2035 osten-

198 2053 291 2116 reuda,
304 2054 351 2104 sed
362 2053 397 2103 ad
408 2069 489 2104 unam
501 2054 579 2104 modo
590 2053 741 2104 alteramve
793 2055 834 2104 dit
851 2053 959 2116 tabula,
984 2069 1054 2118 quae
1076 2057 1163 2103 totum
1181 2054 1232 2105 hoc
1254 2070 1336 2122 nego-

199 2091 304 2206 partein
326 2123 425 2174 eximia
451 2139 576 2190 agrorum
599 2123 740 2174 fertilitate
792 2125 860 2174 tium
879 2127 1082 2189 repraesentat,
1101 2137 1126 2186 p.
1141 2121 1187 2184 383
1207 2123 1269 2174 add.
1282 2127 1336 2178 Ro-

198 2193 346 2256 insignem,
370 2193 405 2242 ad
421 2193 556 2244 interioria
575 2192 657 2243 Delta
680 2192 741 2242 loca
792 2192 881 2244 selliui
905 2192 1075 2243 Monumenti
1096 2190 1213 2243 cirilli.
1238 2209 1265 2258 p.
1283 2195 1335 2248 293

199 2260 340 2327 quaedam,
358 2265 390 2310 ut
402 2264 500 2313 statuet
512 2264 581 2328 Aug
603 2263 637 2312 ab
650 2261 741 2312 Scble
792 2279 859 2327 seq,
872 2263 944 2312 unde
960 2262 1054 2312 forsan
1068 2277 1128 2327 qurs
1144 2263 1282 2326 coniiciat,
1300 2281 1335 2322 νς

199 2331 253 2396 gel.
271 2330 332 2382 lud.
350 2331 421 2382 Bibi.
440 2333 482 2394 ΙΙ,
503 2333 528 2385 3.
555 2349 581 2397 p.
601 2331 666 2392 290·
693 2335 741 2381 aut
792 2331 863 2396 apud
874 2331 1042 2382 Herodotum
1056 2331 1090 2382 de
1101 2345 1174 2381 emur
1186 2333 1334 2385 bestiarum

198 2399 381 2463 statuendum,
394 2401 563 2452 Herodotum
574 2401 656 2462 haec
671 2417 740 2465 quae
791 2401 945 2452 huiusmodi
964 2402 1097 2452 minorum
1114 2401 1279 2466 generedici
1297 2403 1335 2454 la-

197 2470 240 2521 vel
258 2471 292 2520 de
309 2469 434 2535 Aegypto
452 2473 536 2522 nimia
553 2472 613 2522 ess'e
630 2470 741 2521 videau-
790 2472 900 2535 tiusquc
912 2475 1006 2552 patere
1020 2471 1078 2522 eius
1096 2471 1333 2556 significationem.

197 2544 250 2602 tur,
262 2540 404 2604 scripsisse
414 2543 604 2606 respicientem
615 2540 650 2590 ad
659 2540 751 2604 longe
790 2540 873 2591 Haud
891 2542 979 2590 minus
999 2541 1095 2607 gravia
1116 2545 1193 2604 suut,
1219 2557 1289 2622 quae
1306 2543 1334 2593 iu

199 2610 351 2675 graviorem
377 2609 511 2673 laborem,
545 2625 598 2676 quo
624 2610 652 2658 iu
678 2609 740 2659 aliis
790 2610 965 2689 sequentibus
988 2610 1129 2690 leguntur:
1155 2579 1335 2678 ἀποδινήσας

196 2685 295 2740 terrae,
315 2678 437 2743 inprimis
455 2680 599 2742 Graeciae,
622 2679 739 2742 regioni·
791 2673 824 2728 dl
847 2677 911 2745 ιῆοι
933 2669 982 2728 οσΙ
1006 2673 1057 2729 τὸν
1080 2683 1172 2742 σῖτον,
1205 2696 1276 2746 quae
1300 2683 1334 2732 de

196 2749 247 2798 bus
263 2763 335 2828 ppos
350 2749 481 2798 rusticum
500 2749 592 2814 perfici
613 2749 739 2798 vidisset.
792 2748 920 2798 frumenti
943 2749 1042 2799 tritura
1072 2749 1251 2814 intelligenda
1274 2765 1335 2802 esse

196 2817 239 2868 Ad
254 2804 420 2868 ωλλοιοοιιΙ.
433 2818 456 2880 Ι,
467 2818 510 2870 48.
542 2819 583 2868 Ad
599 2809 740 2882 deorsum]
791 2834 869 2868 nemo
888 2817 1033 2868 dubitabit.
1070 2819 1112 2868 Ad
1126 2819 1250 2868 trituram
1268 2835 1333 2870 vero

197 2885 364 2952 subintellig.
382 2879 432 2944 τὰς
448 2879 587 2952 ἀρούρας,
616 2887 651 2938 οΙ.
670 2891 740 2938 ιιοΙΙ.
791 2888 848 2937 sire
866 2886 902 2938 ad
921 2889 1067 2938 exterenda
1091 2888 1207 2951 eapieie
1226 2893 1334 2938 matura

197 2956 233 3006 sd
253 2955 290 3017 ΙΙ,
306 2955 349 3006 19.
791 2972 877 3022 grane
894 2957 979 3006 suibus
991 2957 1140 3022 Aegyptios
1156 2971 1219 3007 usos
1239 2957 1333 3021 inisse,

232 2993 388 3090 ἒσβᾶλλειέ
389 3015 513 3089 ςαῦιήν
530 3012 577 3090 ὗς]
596 3025 671 3076 Idem
693 3024 741 3074 alii
790 3027 915 3090 nuspiam
928 3025 1066 3075 relatum'
1059 3027 1180 3086 mveni03
1199 3026 1274 3076 hones
1286 3042 1334 3091 per

197 3098 335 3145 testantur
347 3094 493 3159 scriptores
505 3093 654 3158 (Plutarch.
665 3095 740 3159 Sym·
791 3097 922 3145 orientem
941 3094 976 3143 ad
991 3095 1061 3145 hano
1079 3111 1135 3144 rem
1153 3095 1275 3146 adhiberi
1293 3097 1334 3148 sie

196 3179 272 3228 poss.
296 3164 344 3214 IV.
369 3180 396 3228 p.
416 3163 519 3214 670A.
534 3166 567 3214 B.
609 3164 739 3234 Eudoxus
791 3164 859 3214 satis
884 3168 992 3213 constat
1017 3169 1100 3229 atque
1132 3166 1313 3216 etiamnum
1305 3183 1334 3218 ιιι

197 3233 269 3296 apud
292 3233 396 3282 Aeliae.
423 3233 456 3284 de
477 3233 542 3284 Nat.
566 3233 619 3283 Au.
641 3235 680 3296 X,
706 3232 739 3284 16
790 3234 915 3298 Aegypto
949 3232 1073 3283 adhiberi
1108 3237 1334 3286 commonstravit

197 3301 260 3352 coll.
272 3301 342 3352 Plin.
361 3304 396 3352 H.
410 3303 444 3352 N.
459 3301 565 3362 XVIII,
586 3302 627 3352 18.
644 3305 670 3365 §z
683 3303 738 3366 47),
789 3304 953 3352 Hartmaun.
985 3301 1005 3352 l.
1030 3303 1048 3354 l.
1072 3318 1135 3369 pag.
1160 3307 1220 3356 227.
1262 3306 1332 3357 Add.

197 3371 279 3436 vulgo
298 3364 436 3435 perhiberi
459 3385 522 3420 sues
544 3370 579 3420 ab
597 3371 739 3435 Aegyptiis
790 3371 1008 3437 Hengeteuberg.
1027 3372 1046 3424 l.
1062 3372 1080 3422 l.
1100 3389 1126 3438 p.
1141 3375 1201 3425 234.
1238 3376 1334 3440 Neque

197 3441 307 3490 immitti
331 3441 433 3505 campis
463 3441 498 3490 ad
523 3439 628 3490 semina
651 3440 739 3505 depri·
790 3441 818 3490 in
849 3445 970 3491 veterum
995 3441 1191 3508 Aegyptiorum
1222 3445 1334 3509 anagly-

197 3509 318 3560 menda'
310 3526 339 3559 ιιι
357 3510 415 3561 solo
436 3509 554 3562 madido.
583 3509 662 3572 Quod
678 3525 739 3560 cum
790 3510 860 3574 phis,
880 3525 949 3575 quae
966 3511 1124 3562 totaliaad
1139 3527 1264 3578 agrorum
1279 3513 1334 3562 cul

198 3579 354 3630 dubitarent
366 3581 418 3629 viri
436 3579 520 3642 docti,
538 3580 603 3644 quie
619 3595 681 3630 sues
699 3596 739 3630 se·
790 3583 878 3628 turam
890 3579 1056 3644 pertinentia
1068 3581 1207 3642 exhibent,
1227 3596 1335 3632 suessa

197 3649 271 3699 mina
295 3649 426 3699 devorare
447 3649 539 3712 potius
560 3663 639 3712 quam
663 3649 691 3698 in
708 3649 740 3698 li·
790 3649 893 3699 vidisse
909 3653 988 3700 notat
1002 3649 1110 3702 Costan.
1127 3650 1146 3700 l.
1161 3665 1243 3714 supra
1258 3649 1334 3701 laud.

197 3733 270 3768 mum
280 3717 425 3769 recondere
437 3716 578 3781 probabile
588 3716 625 3765 sit
636 3717 740 3766 eadem·
791 3735 855 3783 pag.
870 3719 918 3779 603
936 3718 1008 3769 uude
1026 3734 1127 3770 morem
1145 3719 1228 3769 istum
1247 3719 1275 3769 iu
1294 3721 1334 3770 iu-

197 3802 249 3851 que
267 3787 356 3838 hestia
375 3786 527 3850 despicatui
552 3785 635 3836 inerit
652 3787 739 3852 Acgy-
790 3788 883 3836 seriori
906 3787 1032 3854 Aegypto
1059 3792 1151 3854 potius
1182 3788 1334 3839 obtinuisse

197 3857 276 3936 ptiis,
307 3856 476 3906 Herodotum
501 3860 529 3905 et
549 3855 600 3906 hoe
623 3855 684 3906 loco
712 3861 740 3906 et
790 3857 954 3920 suspicatur.
989 3859 1094 3922 Boves,
1117 3858 1259 3922 rariusque
1281 3859 1334 3908 asi-

197 3926 317 3988 proxime
343 3925 467 3990 sequenti
497 3924 640 3989 scripsisse
671 3923 740 3991 βοῦς
790 3941 839 3976 uos
858 3925 893 3975 ad
911 3925 962 3976 hoo
978 3929 1119 4010 negotium
1135 3927 1286 3990 adhibitos,
1305 3929 1334 3977 in

197 3999 225 4043 et
242 3989 468 4060 devulsuspicati
483 3997 560 4056 sunt,
579 3995 739 4058 praesertim
790 3995 971 4045 monumentis
1009 3998 1083 4045 cerni
1112 4001 1333 4066 repraesentatos

198 4079 258 4113 cum
272 4063 409 4113 Diodorus
428 4061 549 4113 eadem
541 4079 569 4112 ιιι
594 4078 623 4112 re
641 4063 739 4113 diruerit
790 4063 891 4112 asserit
909 4078 1017 4128 quoque
1038 4057 1201 4116 Wilhinson.
1227 4065 1247 4116 l.
1266 4065 1284 4117 l.
1305 4081 1332 4130 p.

196 4123 360 4197 βοσκήματα
389 4147 439 4185 neo
459 4147 521 4182 sues
544 4131 682 4197 bovesque
704 4133 738 4182 si
790 4131 899 4182 lltcoll.
912 4129 1050 4197 tabulisp.
1062 4133 1105 4185 88.
1113 4135 1157 4185 87.
1167 4133 1211 4184 90.
1231 4135 1333 4198 Quare,

197 4199 311 4266 gillatim
327 4201 486 4266 designarit.
516 4201 570 4251 Sed
585 4205 679 4252 eontra
696 4217 739 4251 co·
790 4200 844 4250 nisi
861 4201 1034 4252 consentiens
1055 4209 1127 4254 esset
1144 4203 1272 4254 librorum
1287 4219 1334 4254 ve·

198 4269 287 4320 dicum
304 4269 397 4331 tidem,
416 4271 567 4334 quiomnes
586 4270 739 4336 invulgata
790 4273 924 4320 tuetorum
942 4269 1038 4334 lectio,
1056 4272 1129 4324 haud
1147 4273 1250 4322 invitus
1267 4274 1334 4324 scri-

195 4339 358 4405 persistunt,
390 4307 443 4389 hoc
473 4341 548 4390 certe
576 4337 637 4390 loco
672 4340 738 4390 nihil
789 4339 918 4404 psissem:
938 4308 1119 4406 ἀποδινήσας
1142 4353 1220 4406 ιῃσι
1248 4338 1333 4410 βοο
