3032 4916
227 266 288 330 708
655 257 922 321 HERODOTI

228 452 372 515 Νείλου·
401 437 712 526 διαπεραιωθέντας
731 433 768 502 δὲ
787 429 847 500 τὸν
868 426 1018 518 ποταμὸν
1039 431 1186 496 πλοίοισι
1210 423 1289 508 τούς
1309 433 1360 496 λί-

227 562 313 628 θους
328 547 466 634 ἑτέροισι
482 543 574 622 ἔταξε
589 541 805 622 ἐκδέκεσθαι,
821 536 876 603 καὶ
887 531 970 624 κρδς
983 528 1021 602 τὸ
1029 527 1182 619 Λιβυκὸν
1196 529 1360 621 καλεύμε-

228 680 290 722 νον
305 648 392 739 ὅρος,
406 642 488 736 πρὸς
502 647 600 712 τοῦτο
614 645 735 711 ἕλκειν.
764 637 940 728 ἐργάζοντο
955 635 992 705 δὲ
1005 632 1090 704 κατά
1105 636 1186 703 δέκα
1197 633 1363 724 μυριάδας

229 752 423 844 ἀνθράκων
443 749 510 818 atet
524 743 587 836 τὴν
600 753 762 834 τρίμηνον
777 742 928 830 ἑκάστην.
971 739 1095 830 χρόνον
1110 738 1148 808 δὲ
1162 740 1362 826 ἐγγενέσθαι

228 858 415 948 τριβομένῳ
435 857 481 944 τῷ
496 855 578 943 λεῷ·
614 851 695 918 δέκα
709 847 771 937 μὲν
791 853 865 916 ἔτεα
879 851 936 934 τῆς
955 839 1057 930 ὁδοῦ,
1088 839 1161 912 κατ’
1184 839 1227 930 ἢν
1250 837 1363 912 εἷλκον

229 959 308 1041 τούς
321 967 442 1036 λίδους
455 953 518 1044 τὴν
532 958 688 1042 ἔδειμαν,
704 958 804 1042 ἔργον
819 947 875 1018 ἐὰν
888 945 929 1018 οὐ
944 952 1057 1041 πολλῷ
1070 949 1134 1039 τέῳ
1149 952 1292 1015 ἔλασσον
1305 951 1364 1034 τῆς

230 1123 301 1176 τίων
318 1141 343 1175 ιι.
359 1140 383 1174 τ.
397 1121 434 1188 1,]
447 1121 535 1173 Simili
546 1120 626 1170 modo
640 1120 668 1169 in
683 1133 770 1186 seqq.:
822 1117 947 1178 XXXVI,
972 1115 1013 1178 17,
1037 1113 1053 1165 3
1080 1113 1209 1164 maiorem
1233 1112 1300 1164 adeo
1323 1113 1364 1164 iu·

230 1188 319 1260 πρδς
352 1185 389 1243 τὸ
420 1183 576 1311 depende
605 1188 664 1238 καλ.
695 1179 771 1252 ὅρος,
823 1189 1001 1247 issensrrat,
1020 1199 1081 1234 cum
1098 1182 1365 1233 Herodotoconsen-

230 1257 319 1328 πρὸς
337 1259 444 1312 τοῦτο
474 1260 559 1310 λιιειν.
596 1257 771 1310 VidMatth.
822 1259 857 1307 tit
874 1255 1011 1307 Diodorus
1031 1255 1054 1316 1,
1072 1251 1115 1304 63.

231 1336 278 1386 Gr.
298 1333 344 1384 Gr.
362 1347 426 1397 pag.
445 1331 495 1382 877
522 1335 548 1380 et
573 1329 646 1380 cons.
665 1329 770 1394 laeger.
858 1317 964 1390 χρόνον
982 1318 1013 1372 δὲ
1032 1314 1195 1388 ἐγγενέσθαι
1207 1317 1364 1388 τριβομένῳ

230 1404 352 1468 Disputt.
373 1400 495 1450 Herodd.
518 1415 582 1466 pag.
602 1399 644 1462 17,
670 1399 715 1464 qui
738 1412 771 1446 ex
821 1394 860 1462 spi
880 1392 945 1462 λεῷ]
964 1391 1129 1464 (11τ.81ο1ιο1.
1147 1391 1183 1442 sd
1196 1393 1314 1442 Pausan.
1330 1393 1363 1454 X,

231 1469 385 1523 istiusmodi
414 1469 621 1534 repetitionibus
657 1467 771 1531 colligit,
825 1465 865 1516 18.
879 1463 903 1525 5.
914 1467 939 1525 2,
959 1463 1005 1528 qui
1020 1467 1111 1514 monet
1125 1462 1152 1510 in
1164 1463 1248 1512 verbo
1261 1455 1366 1525 ἐγγενέ-

230 1542 397 1593 Herodotum
412 1553 502 1589 senem
528 1553 595 1602 opus
614 1551 691 1587 suurn
713 1551 773 1586 con·
825 1533 894 1584 σθαι
914 1535 1003 1584 inesse
1021 1531 1249 1598 significationem
1263 1537 1366 1596 tempo-

231 1611 382 1677 scripsisse.
420 1607 586 1658 Herodotum
607 1607 635 1656 in
658 1607 700 1656 his
724 1620 773 1670 pro
824 1605 876 1666 ris,
894 1603 965 1668 quod
977 1603 1141 1663 intercedet,
1159 1599 1299 1667 longioris,
1318 1599 1366 1650 ad-

231 1696 306 1732 more
327 1680 449 1729 imitatus
470 1683 512 1728 est
533 1675 700 1738 Pausanias,
728 1689 774 1724 no·
825 1674 882 1724 dito
901 1673 993 1722 dativo
1019 1671 1062 1721 vel
1084 1671 1216 1734 hominis,
1240 1671 1298 1734 cui,
1321 1669 1365 1719 vel

231 1754 309 1801 tante
326 1749 425 1800 Siebel.
448 1748 482 1798 ad
508 1749 531 1811 l,
560 1749 598 1798 ill.
619 1751 644 1811 ς.
670 1749 696 1798 4.
732 1746 774 1794 De
824 1745 877 1806 roi,
896 1744 996 1808 inqua
1013 1741 1080 1791 illud
1099 1745 1283 1792 consumatur.
1320 1740 1366 1790 Sic

231 1824 322 1870 monte
332 1819 446 1868 Arabico
464 1817 493 1883 (i.
506 1835 528 1870 e.
541 1819 702 1878 Mocattsrn)
716 1815 773 1866 vid.
825 1829 908 1880 supra
925 1814 949 1876 1,
973 1811 1022 1864 190
1045 1803 1150 1876 χρόνον
1173 1801 1365 1874 ἐγγινομένου,

232 1894 301 1940 nott.
326 1889 361 1938 ad
379 1888 419 1950 11,
443 1888 468 1938 3.
505 1889 662 1938 Etiamnum
687 1888 715 1935 in
736 1884 774 1934 ls—
823 1885 870 1934 ubi
889 1882 1151 1933 afferuntHerodot.
1170 1880 1207 1940 ΙΙ,
1233 1880 1283 1930 175
1306 1875 1366 1943 (ubi

231 1960 340 2024 pidibus
357 1958 474 2023 vestigia
492 1956 666 2006 latomierum
683 1969 775 2018 super·
824 1954 896 2004 conf.
912 1953 995 2018 nott.)
1014 1957 1041 2002 et
1059 1951 1166 2000 Platon.
1179 1949 1318 1999 Phaedon.
1337 1963 1364 2013 p.

232 2031 440 2079 essetestautur
452 2027 609 2076 recentioris
620 2026 719 2076 aetatis
730 2037 774 2087 pe·
824 2022 858 2076 86
876 2025 909 2074 Ε.
947 2025 1000 2073 Pro
1018 2019 1093 2086 vulg.
1112 2016 1170 2086 lupi
1189 2019 1287 2084 scripsi
1301 2019 1366 2068 Bre-

232 2099 426 2164 regrinstores,
448 2109 560 2160 quornm
578 2095 652 2145 locos
671 2094 775 2159 profert
824 2092 934 2142 dorium
953 2094 1063 2142 secutus
1085 2103 1149 2154 pag.
1175 2087 1224 2138 138
1242 2085 1296 2156 lapi
1303 2125 1310 2151 ,
1335 2091 1366 2136 ut

232 2169 323 2233 Zoega
347 2166 380 2216 de
401 2163 529 2215 obelisco.
554 2179 617 2229 pag.
640 2163 691 2214 400
714 2166 773 2212 not.
824 2177 887 2211 mox
905 2176 964 2225 cap.
987 2159 1037 2210 129
1052 2149 1137 2220 λεών,
1156 2172 1191 2206 ne
1208 2157 1288 2222 plura
1301 2157 1367 2207 affe-

233 2239 277 2288 20.
317 2235 437 2286 Easdem
460 2249 525 2284 vero
548 2233 710 2298 lapicidinas
733 2233 775 2282 in·
824 2246 891 2281 ram.
927 2226 1084 2280 Dindorfius
1103 2225 1179 2277 dedit
1196 2224 1269 2294 ληῷ,
1294 2225 1368 2292 quod

232 2305 337 2355 tellexit
361 2305 469 2369 loseph.
494 2319 518 2354 c.
542 2303 641 2367 Apion.
663 2303 686 2352 1.
713 2317 744 2351 ca
766 2336 772 2350 .
824 2315 906 2350 uuum
931 2297 1116 2348 Herodoteum
1141 2311 1201 2346 esse
1224 2295 1285 2346 vult
1301 2313 1366 2362 pag.

233 2368 332 2431 surse
353 2372 523 2438 λιθοτομίας
540 2373 661 2423 scribens
678 2361 728 2427 τὰς
744 2315 775 2420 δν
824 2369 941 2420 XXXIX
963 2365 1092 2434 Prolegg.
1134 2365 1191 2417 Nec
1211 2381 1277 2417 vero
1301 2366 1367 2416 mibi

232 2442 272 2509 τῷ
280 2433 773 2506 πρδςάνατολὴυμὲρειτοῦΝείλον.
823 2437 968 2504 persuasit.
992 2468 1027 2477 —-
1045 2437 1087 2487 Ad
1106 2441 1293 2502 argumentum
1312 2436 1367 2488 loci

233 2513 286 2575 Qui
304 2511 375 2562 idern
393 2527 454 2576 pag.
480 2511 529 2560 411
549 2509 629 2560 recte'
648 2510 773 2560 coniicit=
824 2509 929 2559 iaciunt
946 2506 1089 2557 Aristotel.
1109 2505 1203 2558 Politt.
1221 2507 1255 2570 V,
1277 2507 1305 2556 11
1327 2505 1366 2571 (s)

234 2582 268 2632 de
283 2581 317 2630 iis
336 2578 601 2644 tantumlopidibus,
619 2579 715 2646 quibus
728 2595 775 2645 py-
824 2593 887 2644 pag.
906 2577 958 2627 229
980 2578 1022 2626 ed.
1042 2575 1198 2626 Schneider.
1215 2581 1243 2626 et
1255 2575 1364 2641 Ioseph.

233 2650 366 2701 rsmidum
388 2649 475 2699 iacies
503 2648 604 2699 fuerint
634 2653 775 2699 contectae
824 2648 936 2712 Antiqq.
957 2647 995 2710 11,
1016 2647 1041 2708 9,
1061 2647 1085 2697 l.
1111 2647 1199 2708 'Quae
1216 2647 1366 2711 respiciens

234 2719 368 2783 (11‚125),
390 2718 581 2783 intelligendos
596 2733 656 2769 esre
669 2723 774 2770 veteres
823 2717 908 2780 Hirr,
925 2715 994 2766 libro
1012 2731 1074 2766 mox
1092 2715 1237 2780 laudando,
1255 2732 1318 2782 pag.
1335 2717 1366 2765 17

234 2789 393 2853 scriptores,
424 2789 470 2852 qui
489 2803 543 2838 uuo
560 2803 695 2838 consensu
719 2789 775 2839 iere
824 2802 881 2852 seq.
905 2785 1058 2852 pyramides
1088 2791 1181 2835 censet
1211 2790 1366 2835 exstructas

234 2863 372 2920 asserant,
391 2857 546 2922 lapicidinis
562 2859 589 2906 in
601 2857 719 2908 Arabico
736 2857 775 2908 la·
824 2867 884 2908 esse
910 2872 942 2906 eo
968 2854 1099 2917 consilio,
1123 2869 1156 2905 ne
1181 2869 1264 2919 egens
1288 2855 1366 2920 plebs

234 2934 291 2979 tere
309 2929 479 2992 potissimum
494 2941 559 2976 usos
572 2927 656 2978 fuisse
668 2927 775 2978 illarum
824 2927 880 2976 otio
897 2925 1040 2992 langueret
1063 2940 1131 2974 neve
1149 2925 1241 2989 inopia
1258 2923 1367 2975 labora-

233 2997 398 3058 conditorem
423 3012 485 3048 nem
503 2996 622 3062 lapidem
638 2996 700 3046 inde
716 3013 775 3063 pro·
824 3001 874 3047 ret.
911 2995 973 3046 Alia
989 3001 1020 3045 tu
1037 2993 1288 3057 viusad11,128.
1333 3050 1338 3062 Ι

233 3072 350 3118 tractum
369 3068 404 3118 ob
427 3068 652 3132 praestantiorem
674 3083 706 3117 sc
728 3083 775 3132 po·
866 3059 919 3130 τὴν
954 3060 1112 3129 ἔδειμαν]
1144 3061 1239 3128 δέμνια
1272 3063 1365 3115 eodem

232 3137 331 3187 liturae
349 3138 435 3202 magis
453 3137 578 3187 idoneam
595 3141 720 3187 naturam
740 3137 774 3187 ad
823 3135 903 3185 modo
918 3137 983 3201 poni
1001 3133 1142 3196 docemur,
1161 3149 1212 3200 quo
1230 3134 1303 3199 apud
1314 3135 1368 3185 La-

232 3206 388 3270 pyramides
406 3206 561 3256 vestiendas
571 3206 722 3272 praelatum
735 3207 776 3257 iu·
824 3206 897 3255 tinos
906 3207 962 3256 vias
970 3213 1126 3268 construere,
1139 3207 1271 3254 incentore.
1301 3203 1366 3255 Vid.

233 3276 303 3336 isse,
323 3276 429 3325 cumad
445 3275 542 3325 molem
558 3275 773 3326 coacervandum
823 3275 886 3335 VII,
910 3275 961 3326 200
982 3275 1049 3338 ibiq.
1073 3273 1236 3338 wesseling.
1278 3273 1366 3324 Paulo

234 3343 391 3394 sufficereut
408 3359 476 3394 saxa
493 3361 525 3395 ex
544 3347 712 3410 ipsomonte,
731 3347 774 3396 cui
824 3349 888 3394 ante
914 3344 977 3395 dedi
1001 3333 1065 3393 κατ’
1095 3332 1132 3407 ἣν
1157 3359 1218 3393 cum
1247 3347 1363 3393 recentt.

233 3415 506 3478 superstructsesint.
515 3441 543 3451 -
555 3416 589 3464 In
601 3415 772 3482 verbisseqq.
824 3413 885 3464 edd.
894 3429 942 3479 pro
951 3406 1023 3462 surde
1033 3404 1094 3477 τὴν,
1105 3413 1181 3463 cuius
1192 3413 1252 3463 loco
1264 3413 1365 3464 Struve

177 3525 181 3532 .
233 3475 775 3550 διαπεραιωθέντας-ἕκδέκεσδαιμοτ-
824 3483 903 3549 Spec.
921 3487 1027 3549 quaest.
1045 3483 1078 3533 de
1093 3483 1157 3533 dial.
1176 3484 1242 3534 Her.
1260 3483 1284 3533 1.
1299 3499 1363 3548 pag.

234 3553 356 3618 ticipinm
368 3547 631 3616 διαπεραιωθέντας
638 3553 684 3615 (cl.
692 3556 773 3605 etism
824 3553 1017 3620 antepositam
1034 3553 1122 3602 voluit
1138 3558 1256 3604 veterem
1271 3553 1365 3603 lectio·

233 3623 311 3684 vm,
329 3623 373 3687 25)
391 3623 510 3688 pertinet
527 3623 562 3672 ad
575 3617 642 3680 τοὺς
658 3621 772 3690 λίθους,
823 3638 884 3674 nem
900 3616 972 3672 κατ’
989 3613 1032 3686 ἣν
1058 3621 1099 3687 (ut
1122 3623 1159 3686 11,
1185 3624 1226 3674 15.
1249 3622 1305 3687 90),
1330 3638 1364 3672 ex

233 3707 295 3743 curn
311 3691 364 3744 loci
382 3707 477 3742 sensus
495 3692 540 3743 hic
556 3692 612 3742 iere
630 3693 679 3742 sit:
699 3699 775 3757 „tra·
824 3709 877 3743 uno
900 3693 969 3742 libro
994 3696 1101 3742 vetusto
1119 3707 1135 3742 a
1153 3691 1290 3742 nonnullis
1308 3691 1365 3742 edi-

233 3764 320 3813 iectos
338 3763 457 3828 navigiis
476 3777 524 3826 per
549 3761 646 3812 flumen
668 3761 773 3828 lapides
825 3763 929 3813 toribus
954 3767 1087 3812 mutatam
1120 3761 1148 3810 in
1174 3755 1259 3811 κατὰ
1290 3755 1363 3825 τήν.

205 3883 211 3894 ,
233 3831 296 3882 sliis
312 3833 456 3896 imperavit
471 3836 501 3880 ut
511 3833 695 3897 exciperent“.
732 3835 774 3884 De
823 3835 875 3884 Est
891 3847 956 3882 vero
971 3832 1055 3882 totius
1069 3831 1148 3881 huius
1161 3829 1215 3881 loci
1227 3836 1365 3882 structura

234 3905 326 3952 monte
351 3901 458 3967 Libyco,
482 3903 559 3951 cuius
583 3917 645 3951 mox
672 3903 773 3954 montio
823 3907 933 3968 propter
951 3901 1037 3951 multa
1054 3901 1139 3950 verbs
1155 3901 1299 3952 interiectu
1316 3903 1365 3950 im·

234 3970 277 4033 lit,
297 3971 370 4021 conf.
388 3972 426 4033 11,
442 3971 459 4021 8
474 3971 565 4036 ibique
581 3975 651 4022 nott.
824 3971 955 4037 peditior;
974 3973 1017 4021 cui
1029 3975 1135 4020 mutata
1145 3971 1364 4036 interpunctione

269 4031 417 4103 ἐργάζοντο
435 4033 467 4088 δὲ
485 4032 571 4090 κατά
589 4037 658 4090 δέκα
674 4031 773 4106 μυριά-
825 4057 879 4092 non
898 4041 964 4090 nibil
984 4055 1141 4091 succurrere
1158 4041 1263 4103 studui,
1282 4041 1365 4090 maio-

233 4103 295 4172 δας]
314 4110 390 4158 Haeo
410 4107 571 4174 explicanda
593 4115 656 4161 sunt
679 4126 775 4160 secun·
825 4112 862 4161 ris
882 4110 1064 4161 distinctionis
1087 4111 1165 4176 signo
1188 4112 1278 4175 posito
1302 4115 1365 4175 post

234 4174 297 4224 dum
315 4191 361 4237 ea,
379 4193 448 4241 quae
466 4181 568 4230 monuit
585 4182 707 4246 Krueger
726 4181 774 4230 Gr.
825 4178 893 4248 λεῷ,
916 4197 990 4243 curn,
1019 4195 1088 4246 quae
1110 4185 1273 4245 sequuntur,
1295 4180 1363 4244 ipsis

235 4244 280 4294 Gr.
302 4243 326 4304 §-
345 4247 397 4296 413
415 4252 473 4298 not.
496 4249 518 4298 1.
555 4249 587 4298 In
612 4251 671 4314 ipso
689 4249 774 4299 homi·
825 4250 915 4300 verbis
933 4243 1087 4314 γρόνονδδ
1109 4243 1272 4314 ἐγγενέσθαι
1291 4245 1363 4313 τριβ.

234 4325 296 4362 num
315 4327 440 4376 numero,
460 4331 538 4380 quern
561 4318 664 4368 Plinius
683 4319 719 4368 Η.
738 4319 771 4368 Ν.
824 4317 863 4386 τῷ
886 4316 938 4386 λεῷ
957 4317 1125 4384 explicandis
1148 4335 1181 4370 sc
1203 4317 1363 4370 deliniendis
