3058 4928
219 251 282 314 600
650 242 919 306 HERODOTI

150 440 167 470 ·
220 420 331 512 ὠμοὺς
345 423 528 505 σιτέονται,
550 416 628 499 τοὺς
643 421 679 490 δέ
694 421 727 502 ἐξ
743 415 848 506 ἅλμης
867 421 1172 508 τεταριχευμένους.
1205 414 1359 508 ὀρνίθων

220 527 257 596 dl
280 525 358 606 τούς
379 551 415 593 τε
433 521 578 611 ὄρτυγας
596 524 651 593 καὶ
674 519 732 603 τὰς
750 520 874 611 νήσσας
897 524 952 592 καί
976 519 1016 591 τὰ
1036 518 1160 611 σμικρὰ
1179 526 1247 591 τῶν
1264 519 1355 610 ὀρνι-

221 636 311 700 θίων
325 625 397 716 οἰμίι
412 629 576 696 σιτέονται
591 625 924 716 προταριχεύσαντες.
963 623 1004 696 τίι
1025 626 1062 694 dl
1082 623 1166 694 ἄλλα
1181 621 1243 695 ὅσα
1264 620 1355 716 ἢόρ-

221 740 332 802 νίθων
358 726 378 820 ἢ
405 729 537 818 ἰχθύων
561 735 634 800 ἐστί
653 752 713 820 σφι
736 729 893 818 ἐχόμενα,
916 732 1017 818 χωρίς
1038 724 1058 817 ἢ
1077 725 1189 800 ὁκόσοι
1207 749 1269 817 σφι
1292 730 1357 818 leot

221 833 481 924 ἀποδεδέχαται,
513 831 591 914 τούς
623 831 760 914 λοιποὺς
789 829 912 912 ὀπτοὺς
941 836 997 903 καί
1024 830 1153 920 ἑφθοὺς
1181 834 1357 902 σιτέονται.

172 937 273 1012 78Ἐυ
300 938 337 1009 dl
364 943 439 1028 τῇσι
469 943 669 1026 συνουσίῃσι
695 953 781 1007 τοῖσι
805 932 979 1024 εὐδαίμοσι
1002 933 1133 1022 αὐτῶν,
1163 933 1266 1004 ἐπεὰν
1292 933 1358 1006 ἀπὸ

152 1061 154 1068 ’
220 1048 362 1113 δείπνου
389 1043 571 1129 γένωνται,
599 1044 774 1130 περιφέρει
801 1037 887 1130 ἆνίχρ
908 1037 1029 1130 νεκρὸν
1054 1044 1092 1110 έν
1111 1045 1199 1132 σορῷ
1222 1037 1359 1122 ξύλινον

219 1147 464 1234 πεποιημένον,
485 1147 715 1234 μεμιμημένον
733 1148 766 1225 ἐς
779 1141 819 1214 τὰ
830 1143 971 1232 μάλιστα
989 1145 1043 1215 καί
1058 1148 1172 1232 γραφῇ
1186 1145 1242 1213 καὶ
1259 1149 1357 1238 ἔργω,

967 1309 1034 1362 Csr.
1052 1311 1206 1363 LXXVIII.

847 1403 904 1463 ἀπὸ
920 1410 1040 1463 δείπνου
1054 1411 1201 1482 γένωνται]
1211 1414 1272 1465 Vid.
1287 1419 1357 1466 nott.

814 1484 850 1534 ad
868 1485 890 1545 1,
913 1485 968 1535 126.
1001 1485 1076 1532 τοῖσι
1095 1476 1244 1550 εὐδαίμοσι
1270 1485 1303 1535 de
1321 1486 1359 1534 di-

815 1554 920 1604 tioribas
944 1553 1164 1619 intelligendum
1195 1555 1233 1606 ci.
1257 1555 1280 1618 1,
1308 1553 1358 1606 196

815 1623 907 1689 ibique
924 1627 995 1673 nott.

218 1315 339 1366 locorum
358 1313 514 1364 vindicatur
528 1312 681 1377 integritas.
708 1311 763 1362 Ubi

217 1385 415 1450 huncquoque
438 1381 571 1433 Herodoti
595 1382 685 1434 locum
709 1385 763 1432 tra·

218 1460 323 1506 etatum
342 1469 401 1505 esee
419 1452 536 1518 cognovi
553 1457 650 1502 etcum
666 1452 694 1501 iu
709 1467 764 1502 mo-

218 1525 281 1575 dum
299 1523 478 1588 explicatum,
503 1526 534 1572 ut
557 1525 620 1586 post
641 1521 764 1572 introdu-

218 1599 265 1646 cta
287 1593 431 1660 peregrina
453 1591 518 1642 vina
538 1591 601 1642 iude
632 1609 648 1642 a
671 1593 764 1642 Psam-

218 1663 322 1714 mitichi
340 1667 432 1712 aetate
451 1661 523 1725 prior
541 1661 598 1710 viui
617 1661 724 1712 cultura
736 1662 764 1710 iu

217 1733 344 1800 Aegypto
362 1732 444 1782 fuerit
462 1731 597 1797 neglecta.

217 1881 224 1894 ,
252 1829 319 1894 τοὺς
332 1823 761 1899 δέέξᾶίμηςτεταριχευμένους]

217 1907 283 1958 Cum
309 1921 383 1956 mare
401 1903 529 1969 Aegyptii
552 1905 673 1954 aversati
698 1905 762 1966 siut,

217 1977 302 2027 salem
320 1991 375 2026 nou
385 1974 557 2036 maritimum,
576 1974 624 2023 sed
641 1973 763 2024 fossilem

216 2048 309 2112 (quem
327 2061 360 2095 ex
379 2045 516 2094 Ammonis
536 2044 648 2108 regione
673 2042 762 2092 afferri

217 2115 312 2166 scribit
330 2114 436 2166 Arrisu.
452 2112 546 2176 expcd.
567 2113 644 2162 Alex.
665 2113 718 2174 111,
735 2114 760 2161 4.

216 2185 240 2248 ᾗ.
261 2185 287 2236 θ.
305 2183 393 2248 olbia
411 2179 617 2243 intelligendum
634 2196 693 2231 esse
708 2181 762 2230 exi-

218 2255 311 2304 stimat
329 2252 457 2302 Larcher.
495 2251 552 2301 Nos
571 2251 637 2300 illud
655 2251 690 2299 ad
704 2250 763 2299 uni·

217 2337 325 2372 versum
342 2321 396 2371 loci
415 2324 603 2386 argumentum
622 2319 761 2369 addimus:

217 2394 246 2442 iu
257 2389 419 2455 anaglyphis
428 2389 570 2454 Aegyptiis
580 2390 677 2453 pisces,
687 2403 761 2450 aves,

216 2461 272 2512 alia
305 2459 333 2509 id
369 2473 470 2524 genus,
509 2473 579 2522 quae
608 2457 664 2508 sale
697 2473 762 2508 con-

216 2531 326 2581 diantur
356 2533 383 2578 et
413 2527 448 2576 ad
474 2526 606 2577 edendum
632 2533 762 2592 parentur

215 2601 268 2650 hoc
291 2597 385 2660 modo,
412 2596 543 2660 conspici.
591 2597 691 2647 Confer
713 2597 764 2647 Co-

216 2675 285 2719 stac.
311 2668 329 2717 l.
349 2667 369 2718 l.
394 2682 458 2732 pag.
477 2666 511 2715 ot
535 2673 562 2716 et
587 2683 657 2732 quae
681 2681 764 2731 supra

217 2738 252 2789 ad
269 2737 305 2787 11.
325 2737 358 2788 15
378 2736 567 2786 adnotavimus
584 2736 647 2786 coll.
659 2737 698 2797 11,
718 2737 761 2787 92.

214 2809 255 2860 Ac
274 2807 342 2856 satis
361 2806 499 2872 cognitum
520 2810 570 2866 est,
590 2821 670 2871 quam
687 2807 762 2856 ferax

216 2877 330 2944 piscium
361 2877 443 2927 inerit
470 2876 627 2940 Aegyptus,
663 2876 761 2941 quibua

215 2946 356 3012 capiendis
379 2946 543 3010 operabatur
561 2961 660 3010 magna
677 2947 762 2995 homi·

215 3033 278 3067 nuru
300 3017 379 3080 copia
398 3020 454 3065 tum
472 3015 576 3064 victum
599 3016 662 3065 iude
680 3031 761 3081 quae-

214 3101 294 3146 reus,
326 3091 382 3136 tum
410 3089 590 3135 mercaturam
621 3101 759 3136 exercens.

215 3155 326 3206 Confer.
351 3154 454 3205 Herod.
483 3154 520 3216 ΙΙ,
548 3153 592 3204 iu.
623 3154 667 3206 93.
701 3154 758 3214 149,

215 3225 332 3274 Heereu.
351 3223 434 3274 Idcen
452 3227 504 3273 etc.
525 3225 561 3282 ΙΙ,
581 3226 607 3274 2.
626 3239 689 3289 pag.
709 3223 759 3273 345

215 3309 272 3358 seq.
292 3297 319 3342 et
338 3307 407 3358 quae
419 3293 531 3359 collegit
548 3293 648 3344 (lesen.
668 3292 702 3343 ad
719 3294 760 3343 Ie·

214 3363 265 3413 sai.
283 3363 358 3426 XIX,
375 3363 401 3413 8.
418 3377 481 3428 pag.
501 3363 562 3414 611.

249 3461 297 3515 καὶ
330 3458 364 3515 τὰ
400 3457 502 3528 σμικρὰ
530 3463 588 3514 τῶν
616 3453 759 3524 ὀρνιθίων

213 3527 276 3600 ὠμὰ
303 3533 443 3585 σιτέονται
471 3531 757 3598 προταριχεύσαντες]

213 3605 389 3656 Schaeierum
407 3602 453 3666 (ad
472 3603 611 3654 Plutarch,
629 3604 698 3653 Vitt.
724 3604 756 3652 Τ.

213 3675 246 3724 V.
267 3691 295 3739 p.
312 3673 356 3739 5¹2)
370 3673 453 3724 scribi
470 3673 606 3724 iubentem
627 3665 758 3736 ὀρνίθων

213 3759 354 3808 sequerer,
379 3743 432 3791 nisi
451 3741 539 3805 ipsum
560 3741 632 3806 quod
650 3749 758 3793 autece-

213 3813 253 3862 dit
282 3804 412 3874 ὀρνίθων
445 3827 487 3860 me
516 3815 654 3862 avocaret.
700 3813 757 3862 Neo

211 3881 274 3932 libri
294 3881 389 3945 scripti
413 3881 552 3932 addicunt.
591 3882 667 3942 Quae
691 3897 755 3931 vero

211 3951 238 4000 h.
249 3951 267 4000 l.
279 3951 373 4000 scribit
380 3949 544 4012 Herodotus,
550 3967 585 4016 ea
597 3951 622 3999 in
634 3949 700 4014 ipsis
709 3951 758 4000 he·

212 4020 366 4084 gyptiorum
388 4021 568 4070 monumentis
589 4019 677 4070 adhuc
694 4035 757 4070 con·

211 4088 278 4152 spici
300 4093 506 4151 repraesentata
532 4093 669 4140 testantur
687 4088 756 4138 Wil-

210 4157 317 4206 hiuson.
337 4157 464 4208 Manners
481 4163 535 4210 etc.
552 4159 606 4209 III.
627 4175 689 4224 pag.
710 4158 753 4210 49.

210 4225 244 4272 iiii
264 4240 321 4290 seq.
346 4229 373 4274 et
402 4227 535 4278 Rosellini
559 4229 633 4280 Mon.
658 4228 752 4278 storic.

211 4296 235 4345 1.
255 4310 318 4362 pag.
339 4295 398 4346 150.

850 1705 996 1771 περιφέρει
1015 1740 1049 1748 -
1068 1700 1186 1770 ξύλινον
1203 1707 1358 1774 πεποιημέ-

816 1777 879 1841 νον]
899 1778 1034 1844 iutelligit
1056 1779 1174 1829 bominis
1199 1781 1298 1830 mortui
1323 1780 1359 1829 si·
1457 1790 1461 1798 ’

815 1847 963 1898 mulacrum
984 1865 1016 1898 ex
1033 1847 1109 1914 ligno
1123 1849 1224 1899 iactum
1238 1853 1266 1900 et
1276 1849 1303 1898 in
1320 1849 1359 1898 lo-

815 1917 876 1968 culo
890 1918 1047 1982 repositum,
1066 1919 1176 1968 minime
1190 1935 1261 1970 vero.
1271 1920 1358 1984 ipsum

815 1985 929 2037 hominis
949 1989 1047 2038 mortui
1066 1988 1197 2045 cadaver;
1218 2005 1269 2054 quo
1284 1989 1360 2040 ducit
1437 2047 1449 2056 .,

815 2055 954 2107 Plutarchi
976 2057 1052 2108 locus
1076 2059 1116 2122 (in
1135 2057 1210 2122 Sept.
1229 2059 1360 2123 sapienti.

814 2127 921 2176 couviv.
941 2143 1003 2192 pag.
1033 2127 1129 2190 14813,
1150 2127 1211 2179 coll.
1234 2129 1360 2194 Wytten-

813 2195 893 2246 bach.
912 2196 1109 2248 animadversa.
1132 2213 1196 2262 pag.
1217 2196 1359 2264 921),αοί

814 2257 1087 2332 οκείετόνειμμο11ιι1,
1107 2283 1268 2332 quamquam
1287 2268 1361 2318 idern

814 2335 915 2384 rectius
937 2336 970 2385 de
988 2336 1025 2385 Ia.
1050 2341 1077 2385 et
1095 2335 1167 2386 Osir.
1193 2352 1252 2402 cap.
1271 2339 1312 2388 17.
1331 2355 1359 2403 p.

813 2405 863 2454 357
887 2405 909 2453 F
938 2405 1112 2455 simulacrum
1142 2402 1286 2470 (εἴδωλον)
1313 2408 1361 2458 lio-

813 2473 893 2522 minis
919 2475 1062 2525 intellexit.
1106 2475 1146 2525 Ac
1175 2475 1244 2526 talia
1266 2477 1360 2526 mumi-

815 2558 890 2591 arum
915 2544 1074 2606 simulacra,
1100 2543 1217 2595 Osiridis
1246 2547 1360 2596 sormam

815 2611 987 2674 exhibentia,
1006 2614 1098 2679 qualia
1116 2615 1144 2662 lu
1162 2616 1359 2680 Aegyptiorum

815 2682 949 2732 conviviis
967 2683 1058 2733 afferri
1078 2683 1219 2747 dicuutur,
1244 2701 1277 2736 es
1291 2687 1359 2750 ipsis

814 2753 996 2802 monumentis
1016 2751 1153 2803 delineata
1166 2770 1275 2806 cernere
1294 2755 1360 2806 licet

814 2821 886 2886 apud
906 2821 1070 2872 Willrinson.
1094 2823 1223 2874 Manners
1247 2829 1299 2876 etc.
1318 2825 1359 2877 II.

846 2975 1039 3042 μεμιμημένον
1064 3009 1099 3018 -
1122 2973 1169 3028 καί
1194 2977 1289 3044 γραφῇ
1310 2975 1360 3028 καί

812 3041 894 3112 ἔργῳ]
922 3047 1049 3098 Indicare
1077 3047 1166 3098 voluit
1192 3047 1358 3114 Herodotus,

811 3115 878 3167 hacc
889 3117 1034 3168 simulacra
1044 3117 1134 3183 lignea
1143 3118 1280 3169 hominum
1289 3135 1359 3168 mor-

811 3190 918 3236 tuorum
940 3185 974 3236 ad
995 3203 1087 3237 verum
1101 3189 1217 3238 maxime
1229 3204 1359 3253 expressa

812 3271 873 3306 esse
892 3261 948 3306 tum
967 3257 1087 3320 pictura,
1112 3263 1170 3308 tum
1188 3274 1269 3322 opere
1286 3259 1357 3322 ipso.

810 3325 890 3376 Unde
912 3330 1003 3390 patet,
1032 3343 1173 3392 perperam
1195 3327 1223 3376 in
1249 3329 1360 3394 quibus-

811 3395 872 3445 dam
891 3395 967 3446 libris
987 3401 1095 3447 exstare
1119 3394 1291 3461 μεμιγμένου
1308 3413 1358 3461 pro

808 3456 1019 3529 μεμιμημένον,
1038 3465 1110 3516 haud
1122 3466 1235 3516 insolito
1249 3467 1358 3532 quidem

810 3549 914 3592 errorc;
939 3533 973 3585 de
991 3551 1044 3599 quo
1070 3537 1112 3586 Or.
1136 3536 1254 3586 conferri
1280 3537 1357 3586 iubet

809 3603 947 3655 Schaeier.
963 3604 998 3654 ad
1007 3605 1122 3671 Dionys.
1134 3605 1224 3656 Helio.
1236 3605 1269 3654 de
1285 3623 1359 3658 com-

808 3689 867 3737 pos.
896 3674 989 3725 verbb.
1025 3690 1089 3740 pag.
1114 3675 1175 3724 291.
1195 3673 1356 3740 -γραφῇ,

808 3743 880 3808 quod
899 3743 934 3793 ad
952 3745 1088 3794 simulacra
1114 3744 1238 3796 coloribus
1255 3745 1358 3796 inducta

808 3812 893 3862 refert
911 3814 1049 3877 Heynius‚
1069 3815 1103 3864 de
1121 3815 1178 3876 ι’μεα
1197 3816 1298 3876 pictura
1317 3815 1357 3864 iu-

808 3881 985 3946 telligeudum
1008 3898 1067 3932 csse
1089 3887 1181 3934 mouet
1205 3883 1356 3933 Orsuaerns

809 3949 912 4002 Comm.
925 3951 1027 4001 Herod.
1047 3968 1072 4016 p.
1093 3953 1131 4014 li,
1151 3957 1182 4002 nt
1195 3953 1234 4013 11,
1254 3953 1295 4003 73.
1310 3953 1355 4014 so,
1381 3981 1386 3986 ·

807 4020 854 4069 nbi
872 4021 945 4070 coni.
958 4025 1028 4070 nott.
1063 4021 1113 4071 Cui
1128 4022 1284 4086 obloquitur
1296 4022 1355 4072 Sic-

807 4087 884 4138 belis.
904 4089 940 4138 ad
957 4091 1077 4140 Peucen.
1097 4092 1129 4152 V,
1145 4092 1187 4144 11.
1201 4095 1226 4154 §-
1241 4093 1271 4154 2,
1292 4107 1354 4142 curu

806 4157 889 4207 hocca
907 4159 1041 4209 Herodoti
1059 4158 1120 4210 loco
1138 4153 1211 4226 ἔργῳ
1231 4159 1265 4210 ad
1283 4159 1355 4209 scul-

805 4229 926 4289 pturam,
945 4225 1041 4294 γραφῇ
1058 4229 1093 4278 ad
1111 4229 1215 4280 colores
1230 4231 1353 4293 superin-

805 4295 901 4347 ductos
920 4298 956 4347 sit
970 4298 1150 4350 referendum.
1187 4299 1244 4352 Nec
1259 4303 1352 4352 tamen
