3088 4922
529 231 779 296 nuunRPn.
802 234 844 293 ΙΙ.
867 241 912 294 tl.
934 241 978 296 tt.

1262 229 1323 292 473

186 407 469 498 θωνμασιωτέρη·
489 403 511 496 ἢ
525 408 614 496 λέγει
629 403 694 476 ιἰττό
712 412 773 478 τοῦ
781 404 945 478 Ὠκεανοῦ
961 409 1080 497 ῥέοντα
1100 401 1205 476 αὐτὸν
1219 409 1323 478 ταῦτα

186 515 413 602 μηχανᾶσθαι,
426 507 486 580 τὸν
501 507 532 579 d’
545 507 706 580 Ὠκεανὸν
719 516 783 599 γῆν
796 513 873 600 περὶ
886 517 998 580 πᾶσαν
1011 513 1112 600 ῥέειν.
1123 505 1167 579 Ἡ
1176 509 1213 580 dl
1225 517 1319 600 τρίτη
1329 520 1370 582 22

188 620 256 684 τῶν
270 609 377 698 ὁδῶν,
393 611 519 683 πολλὸν
533 613 766 702 ἐπιεικεστάτη.
776 616 892 698 ἐοῦσα,
908 614 1049 703 μάλιστα
1069 620 1238 696 ἔψευσται.
1268 617 1322 684 λέ-

189 745 240 806 γει
255 715 319 806 γὰρ
334 713 376 806 δὴ
390 713 468 788 οὐδ’
487 713 572 806 αὐτὴ
586 714 699 802 οὐδὲν,
715 719 848 805 φαμένη
861 714 921 786 τὸν
934 726 1061 788 Νεῖλον
1076 720 1167 806 ῥέειν
1182 713 1248 788 ιἰττό
1263 746 1321 806 τη·

189 825 330 910 κομένης
350 820 477 910 χιόνος,
501 816 537 899 ὃς
558 823 626 910 ῥέει
646 819 708 909 μὲν
735 823 771 888 du
784 818 914 908 Λιβύης
935 817 991 892 διὰ
1005 825 1117 908 μέσων
1131 819 1322 907 Αἰθιόπων,

189 928 318 996 exortos
338 925 375 994 dl
395 926 428 1004 ές
448 932 634 1010 Αἴγυπτον.
675 927 742 1002 κῶς
763 913 811 992 ὧν
838 929 921 1012 θῆτα
951 925 1020 1013 ῥέοι
1047 918 1090 992 ἂν
1110 921 1175 992 ἀπὸ
1202 924 1322 1012 χιόνος,

187 1025 253 1100 ded
277 1032 346 1096 τῶν
368 1026 587 1116 θερμοτάτων
616 1025 752 1111 [τόπων]
789 1028 878 1115 ῥέων
900 1029 933 1106 ές
959 1024 1000 1095 τὰ
1019 1025 1225 1116 ψυχρότερα;
1254 1033 1323 1096 τῶν

187 1129 228 1202 τὰ
255 1129 362 1202 πολλά
386 1133 454 1200 έστι
481 1127 585 1220 ἀνδρί
608 1157 646 1217 γε
674 1136 864 1217 λογίζεσθαι
898 1128 1061 1200 τοιούτων
1096 1132 1172 1216 τιέρι
1199 1135 1259 1221 οἴῳ
1287 1155 1322 1200 τε

187 1235 287 1320 έόντι,
306 1229 351 1316 ὣς
363 1230 443 1303 οὐδὲ
458 1231 548 1314 οἰκὸς
563 1231 628 1302 ἀπὸ
643 1233 755 1323 χιόνος
767 1262 826 1323 μιν
840 1235 941 1322 ῥέειν.
968 1238 1103 1321 πρῶτον
1118 1232 1181 1320 μὲν
1194 1234 1249 1300 καὶ
1264 1241 1321 1321 μέ-

187 1437 277 1504 opinio
296 1437 362 1498 snit,
382 1436 416 1486 ab
434 1434 589 1498 Herodoto,
608 1437 653 1502 qni
668 1437 730 1486 sub·

186 1507 250 1558 inde
273 1507 394 1558 severius
418 1505 551 1556 Hecataei
575 1505 648 1557 diets
671 1523 729 1572 per-

186 1577 312 1642 stringit,
343 1575 468 1626 acerbius
494 1579 600 1626 notata.
648 1575 728 1626 (lons.

186 1645 289 1698 Herod.
302 1645 349 1704 IV,
360 1645 386 1696 8.
396 1643 430 1697 33
443 1645 535 1710 ibique
547 1650 627 1707 nott,
646 1645 730 1696 Klau-

188 1730 243 1768 ren.
268 1715 304 1765 ad
327 1715 462 1764 Hecataei
487 1714 611 1780 iragmm.
630 1731 657 1779 p.
680 1716 730 1766 1²0

189 1799 261 1850 seqq.
280 1782 341 1834 coll.
366 1800 393 1849 p.
414 1782 448 1834 39
467 1799 541 1848 seq.,
565 1783 727 1836 Dablmsnn.

184 1851 318 1906 Herodot.
337 1869 365 1918 p.
386 1853 435 1903 114
453 1868 526 1917 seq.,
545 1852 639 1904 Uksrt.
659 1854 728 1904 Geo-

185 1923 281 1990 grspb.
301 1923 325 1984 1,
345 1924 371 1974 2.
389 1939 415 1987 p.
423 1921 479 1986 ὤ.
498 1923 559 1974 215.
594 1924 727 1974 Hecataei

183 1993 273 2044 locum
297 1992 331 2042 de
348 1992 411 2042 Nilo
436 1992 557 2042 servavit
579 1992 726 2044 Scholiast.

184 2061 274 2128 Apoll.
294 2061 381 2112 Rbod.
406 2061 460 2124 IV,
478 2059 539 2110 259.
579 2062 631 2112 Hic
655 2063 726 2112 eni'm

185 2132 403 2193 existimaverat,
422 2135 522 2181 terram
535 2129 564 2179 in
582 2130 649 2180 duas
666 2148 727 2196 par-

185 2206 226 2252 tes
246 2201 324 2266 qussi
348 2200 464 2250 divisam
483 2199 591 2250 Oceano
614 2201 726 2252 circnm-

184 2271 241 2321 llui.
268 2271 344 2332 Quas
360 2270 412 2319 luit
423 2269 536 2320 Homeri
550 2273 578 2320 et
594 2272 727 2336 antiquis-

184 2341 311 2390 simorum
331 2343 470 2404 poetarum
485 2340 649 2390 Graecorum
668 2357 727 2392 sen-

183 2409 280 2472 tentis,
293 2410 339 2474 qni
351 2415 450 2459 terram
462 2408 571 2473 planam
584 2413 612 2460 et
623 2410 726 2462 Oceani

183 2478 285 2530 circulo
303 2479 498 2530 circumdatam
511 2495 570 2530 esse
587 2485 725 2544 putarunt,

183 2554 254 2600 teste
269 2548 404 2600 Brsdovio
422 2548 451 2597 in
468 2548 618 2614 Uranolog.
638 2551 725 2601 Hero-

184 2619 240 2670 dot.
257 2633 330 2684 spec.
350 2634 378 2682 p.
397 2618 450 2668 111.
486 2618 529 2668 Ad
547 2619 637 2670 Verba
652 2611 724 2686 λόγῳ

88 2681 94 2698 ’
184 2681 215 2738 δὲ
233 2681 324 2738 εἰπεῖν
343 2685 573 2751 (sermodicus
591 2704 613 2740 s.
628 2703 724 2753 prope-

183 2758 277 2808 modum
293 2754 415 2822 σι’ωετίιο)
434 2757 507 2808 coni.
526 2758 554 2816 1,
574 2757 618 2808 61.
637 2758 675 2818 11,
691 2757 724 2812 53

183 2826 288 2892 (ibique
302 2825 384 2892 nott.)
404 2831 431 2877 et
451 2825 499 2878 134
514 2826 575 2878 coll.
594 2827 631 2892 11,
651 2826 694 2882 37.

366 2998 432 3050 Car.
452 2997 540 3048 xxu.

213 3089 250 3149 ‘H
269 3093 300 3149 δέ
323 3098 401 3163 τρίτη
425 3097 482 3148 των
504 3089 582 3148 ddoiv
600 3115 625 3150 ιι.
643 3115 667 3149 τ.
687 3098 724 3166 L]

182 3171 263 3220 Hane
296 3169 458 3220 sententiam
491 3168 630 3233 professus
665 3173 724 3220 erat

181 3239 360 3304 Anaxagoras
384 3253 497 3303 eumque
517 3244 626 3289 secutus
647 3239 725 3290 Enri-

182 3309 260 3374 pides
277 3309 306 3358 in
319 3309 416 3372 fragm.
436 3323 469 3357 ex
481 3307 587 3359 Archel.
601 3309 722 3374 tragoed.

182 3383 210 3429 et
228 3379 257 3428 in
271 3377 369 3427 Helen.
387 3377 403 3430 3
420 3381 547 3428 mouente
561 3377 681 3427 Diodoro
699 3379 722 3440 I,

182 3447 229 3510 38,
250 3445 296 3513 qni
315 3446 386 3496 bsnc
405 3447 568 3495 sententiam
586 3461 672 3510 aeque
691 3463 723 3498 ac

180 3517 281 3568 Noster
295 3514 469 3566 refellendam
483 3515 535 3564 sibi
552 3516 660 3578 sumsit,
678 3517 723 3566 iis·

181 3587 295 3650 demque
314 3585 372 3636 sere
396 3585 563 3649 argumentis
581 3583 723 3650 impugna-

181 3657 235 3718 vit,
258 3653 309 3704 boo
330 3658 473 3718 praeterea
496 3653 611 3716 addens,
638 3655 661 3704 si
680 3653 724 3706 vel

180 3725 240 3786 nix,
264 3723 292 3772 id
310 3722 383 3787 quod
403 3723 449 3771 vix
467 3721 608 3787 probabile
631 3724 722 3786 fuerit,

180 3794 207 3843 in
219 3791 364 3856 Aethiopia
375 3791 506 3842 cecidisse
517 3797 648 3856 sumatur,
660 3793 723 3844 inde

180 3861 271 3914 Nilum
294 3861 405 3911 minime
430 3861 469 3910 sio
493 3861 588 3926 angeri
610 3877 722 3913 consen·

178 3937 287 3984 uncum
306 3945 377 3991 esse,
398 3929 525 3994 quonism
543 3930 656 3993 fluvius,
675 3933 722 3996 qui

177 4000 228 4051 hoc
250 3997 330 4050 modo
350 3999 480 4062 creverit,
503 4005 600 4051 ventos
621 4001 722 4052 excitet

177 4068 291 4135 frigidos
314 4071 458 4134 aeremque
481 4069 577 4119 reddat
606 4071 722 4121 crassio-

177 4153 242 4188 rem.
285 4138 406 4200 Quorum
429 4142 553 4188 nentrum
576 4139 604 4188 in
627 4138 719 4188 Nilum

177 4207 332 4258 convenire.
356 4206 410 4258 Sed
421 4208 520 4270 nivem,
539 4223 593 4272 qus
605 4213 719 4272 uterque

176 4275 293 4340 scriptor
319 4275 491 4342 Aethiopiam
520 4276 613 4342 obtegi
637 4292 719 4341 posse

546 4375 572 4402 Ι

779 1436 877 1502 neg'st,
896 1435 1012 1486 subinde
1029 1440 1134 1497 tamen,
1159 1450 1322 1501 quemqnam

779 1507 881 1568 rarius,
912 1506 1028 1556 inveniri
1054 1507 1082 1554 in
1108 1505 1243 1556 montibus
1271 1505 1322 1556 Aa·

778 1576 900 1640 thiopiae
918 1575 972 1625 iam
985 1573 1119 1626 Lndollns
1136 1580 1277 1625 monuerat
1293 1575 1321 1626 in

780 1645 933 1710 Aethiopia.
958 1639 1032 1696 Hisi.
1057 1645 1085 1706 Ι,
1112 1646 1137 1694 b.
1178 1645 1322 1710 Anaxago-

779 1730 826 1765 rae
844 1715 1021 1776 sententium,
1047 1713 1152 1777 deque
1173 1713 1230 1765 vid.
1250 1731 1321 1765 nuno

779 1785 904 1849 irsgmm.
925 1783 967 1834 ed.
981 1781 1145 1834 Sebaubach
1162 1799 1189 1847 p.
1204 1783 1263 1846 179,
1282 1783 1321 1834 ai·

779 1855 831 1904 lert
849 1869 956 1920 qnoque
968 1853 1061 1917 Lydus
1074 1852 1093 1900 l.
1107 1851 1126 1904 l.
1141 1868 1168 1916 p.
1181 1850 1232 1904 260
1244 1855 1321 1904 item·

779 1939 830 1989 qns
854 1923 961 1974 Chresti
987 1922 1117 1983 Romani,
1148 1923 1193 1987 qui
1225 1928 1320 1974 contra
1415 1939 1430 1960 ·

778 1994 839 2043 aliis
869 1991 1037 2058 argumentis
1069 1991 1184 2056 probare
1210 1993 1320 2044 studue-

777 2067 856 2126 runt,
880 2063 970 2112 Nilum
996 2078 1011 2111 s
1036 2059 1192 2126 liquefactis
1211 2062 1320 2114 nivibus

777 2133 870 2198 augeri
896 2145 951 2182 non
974 2146 1069 2196 posse,
1102 2131 1174 2195 quod
1205 2129 1319 2197 frigidus

777 2203 889 2263 nonsit,
908 2202 955 2252 ssd
974 2201 1091 2268 tepidus.
1111 2200 1241 2250 Arrianus
1255 2217 1320 2266 quo-

777 2287 829 2337 que
858 2271 918 2322 Ind.
944 2272 961 2320 6
988 2269 1052 2320 inde
1077 2267 1168 2319 Nilum
1199 2286 1320 2322 creseere

776 2357 856 2406 posse
868 2341 988 2406 negavit.
1016 2341 1059 2390 Ex
1072 2338 1157 2390 Iubae
1168 2340 1240 2404 regis
1254 2341 1319 2392 sori·

776 2412 829 2476 ptis
848 2409 954 2461 Plinius
978 2409 1061 2470 (Hist.
1087 2409 1153 2458 Nat.
1170 2409 1209 2472 V,
1231 2410 1272 2462 10.
1291 2414 1316 2474 ξ.

776 2481 821 2547 el)
840 2481 933 2542 tradit,
951 2483 1030 2543 prout
1047 2480 1075 2530 in
1093 2479 1260 2530 Mauritania
1279 2481 1318 2530 ni-

775 2566 823 2600 ves
848 2550 982 2600 imbresve
1005 2548 1179 2608 satiaverint,
1204 2549 1243 2598 its
1271 2551 1318 2599 Ni·

773 2619 829 2670 lum
847 2635 977 2670 crescere.
1009 2618 1115 2668 Timaei
1133 2618 1319 2669 mathematici

775 2690 907 2738 rationem
926 2685 1075 2749 occultam,
1094 2703 1148 2752 qus
1160 2686 1215 2736 Nili
1232 2689 1319 2740 incra·

775 2763 894 2808 mentum
925 2755 1059 2821 explicare
1091 2755 1211 2816 studuit,
1246 2756 1317 2808 idem

773 2827 879 2878 Plinius
897 2827 916 2878 l.
936 2825 954 2877 l.
973 2825 996 2888 ῥ.
1017 2827 1122 2889 seseq.
1142 2824 1265 2888 protulit.

809 2893 880 2961 λέγει
901 2887 954 2960 γὰρ
975 2887 1011 2958 δὴ
1036 2886 1099 2944 οὐδ’
1121 2887 1194 2956 αὐτὴ
1220 2884 1316 2960 οὐδέν]

694 2989 699 2994 ·
773 2982 877 3032 namque
899 2982 930 3016 ne
951 2965 995 3014 illo
1013 2965 1109 3029 quidem
1126 2963 1259 3028 quidquam
1279 2964 1318 3014 ἆτ’-

773 3039 818 3096 eit,
843 3036 862 3086 i.
880 3051 903 3084 e.
924 3035 1055 3100 quidquam
1072 3037 1128 3084 νοντ’
1143 3035 1204 3112 dicit
1220 3049 1242 3084 s.
1259 3047 1319 3082 con·

775 3107 846 3155 tinet
889 3103 921 3152 In
947 3103 1037 3153 verbis
1069 3118 1145 3168 seqq.
1175 3094 1233 3150 απὸ
1260 3100 1318 3152 τῶν

775 3163 960 3236 θερμοτάτων
990 3163 1105 3238 [τόπων]
1136 3163 1210 3234 ῥέων
1234 3162 1262 3229 ές
1284 3163 1319 3222 τὰ

774 3234 937 3306 ψυχρότεροι
964 3241 1251 3306 Schweighaeuserum
1277 3257 1318 3292 se·
1422 3287 1429 3310 ¹.

774 3313 830 3364 enti
849 3327 954 3372 sumus,
978 3312 1056 3360 uncis
1079 3309 1248 3362 includentes
1271 3327 1317 3362 vo-

775 3381 900 3432 cabulum
928 3371 1038 3442 τόπων,
1069 3379 1142 3444 quod
1164 3381 1259 3444 utique
1290 3380 1318 3430 in

775 3449 936 3516 quibusdam
955 3449 1031 3500 libris
1046 3465 1101 3498 non
1120 3448 1233 3514 legitur,
1258 3465 1318 3498 eum

775 3521 805 3570 in
822 3520 897 3582 aliis,
920 3520 968 3569 nbi
987 3517 1100 3583 legitur,
1124 3518 1253 3568 omissam
1277 3518 1319 3566 in-

774 3589 869 3640 venias
887 3604 981 3640 vocem
998 3580 1086 3650 ῥέων,
1113 3603 1183 3651 qnae
1207 3586 1242 3635 ad
1260 3587 1318 3636 uni-

775 3674 881 3709 versam
899 3658 1062 3710 sententiam
1082 3671 1193 3722 prorsas
1210 3659 1252 3704 est
1271 3670 1317 3705 ne·

774 3727 903 3780 cessaria.
946 3725 1067 3776 Dindort‘
1086 3741 1172 3776 uncos
1195 3723 1316 3787 sustulit,

773 3796 888 3847 Dietsch
911 3795 1032 3846 retinuit.
1068 3795 1111 3846 Ad
1133 3794 1187 3844 loci
1207 3809 1316 3844 sensum

773 3866 828 3916 vid.
847 3866 980 3916 Aristides
998 3869 1063 3916 tom.
1083 3864 1121 3913 11.
1139 3879 1165 3928 p.
1186 3861 1247 3916 334.

807 3932 864 3983 τῶν
882 3927 916 3983 τὰ
933 3925 1023 3984 πολλά
1041 3923 1097 3982 ἐστι
1116 3922 1206 3995 ἀνδρί
1221 3947 1250 3998 με
1270 3931 1316 3980 ιῑο-

772 4001 899 4067 γίζεσθαι
911 3994 1050 4052 τοιούτων
1060 3998 1126 4064 πέρι
1136 3999 1188 4064 οἴῳ
1200 4015 1228 4050 τε
1240 3991 1316 4052 ἰόντι

771 4089 797 4122 ιι.
818 4087 841 4121 τ.
862 4069 898 4136 L]
920 4071 1046 4122 Liberius
1068 4069 1138 4120 buno
1161 4069 1249 4120 locum
1273 4071 1314 4122 its

772 4141 906 4205 expressit
930 4139 1217 4205 Schweighaeuserus:
1253 4141 1314 4202 „Ac

769 4211 1058 4271 messuerimus,
1078 4224 1114 4258 ee
1132 4207 1220 4274 quillus
1236 4208 1314 4267 homo,

770 4281 812 4345 ραι·
829 4279 925 4344 quidem
941 4278 1055 4330 iudicare
1078 4278 1110 4328 ds
1129 4278 1221 4329 totitas
1238 4277 1314 4328 retas
