3088 4922
552 289 801 352 EUTERPH.
824 291 866 350 ΙΙ.
889 301 934 354 34.

1249 288 1311 351 499

168 451 380 555 Ἡρακληίων
402 467 567 553 στηλέων·
598 461 799 555 ὁμουρέουσι
824 465 862 536 dl
879 471 1100 552 Κυνησίοισι,
1127 473 1161 535 oi
1180 471 1312 554 ἔσχατοι

174 567 256 658 πρὸς
284 570 442 656 δυσμέων
468 571 616 638 οἰκέουσι
640 575 710 638 τῶν
737 573 774 639 ἐν
805 575 844 660 τῇ
870 564 1019 660 Εὐρώπη
1048 572 1309 658 κατοικημένων.

175 677 314 764 τελευτᾷ
328 671 367 742 δὲ
380 667 542 762 ὁἼστρος,
558 675 592 753 ἐς
604 672 783 743 θάλασσαν
798 674 886 762 ῥέων
898 669 961 762 την
974 679 1034 744 τοῦ
1048 671 1212 758 Εὐξείνου
1228 672 1309 744 τόν·

175 791 235 846 του
262 773 319 846 διὰ
337 774 446 865 πάσης
464 772 650 865 Εὐρώπης,
676 781 717 865 τῇ
740 773 883 864 Ἰστρίην
910 781 945 844 ol
961 783 1143 866 Μιλησίων
1165 779 1310 848 οἰκέουσι

137 877 335 950 ΙΙθᾶτιοικοι.
371 875 406 948 ‘0
432 879 496 968 μέν
523 877 565 971 δὴ
583 877 726 968 Ἴστρος,
755 883 824 970 ῥέοι
842 877 906 968 γὰρ
926 875 967 948 δι’
988 885 1202 970 οἰκουμένης,
1230 877 1358 968 ιτρός34

176 989 311 1054 πολλῶν
329 981 546 1071 γινώσκεται·
575 985 654 1072 περὶ
672 984 709 1053 δὲ
730 988 799 1052 τῶν
819 987 879 1052 τοῦ
892 989 1021 1052 Νείλου
1042 987 1178 1072 πηγέων
1200 981 1312 1063 οὐδεὶς

177 1093 243 1176 ἔχει
271 1090 398 1175 λέγειν·
443 1084 596 1176 ἀοίκητός
617 1114 652 1156 τε
674 1085 739 1176 γάρ
759 1089 827 1156 ἐστι
849 1087 905 1155 καὶ
927 1089 1046 1176 ἐρῆμος
1068 1083 1089 1176 ἡ
1109 1087 1237 1176 Λιβύη,
1270 1083 1310 1155 δι’

177 1287 301 1338 omnihus
323 1295 454 1354 qnantum
476 1289 533 1341 acio
556 1289 635 1340 codd.
654 1288 720 1339 alla·

177 1364 243 1408 tum.
286 1359 410 1410 Belrlrero
429 1359 533 1426 placuit
548 1349 718 1424 Ἡρακλέων,

177 1427 258 1493 idque
277 1429 369 1494 reponi
388 1445 495 1495 quoque
508 1429 589 1480 iussit
600 1428 718 1480 Bredor.

175 1513 202 1562 p.
228 1499 287 1548 157.
315 1498 375 1560 216,
404 1513 483 1564 quem
507 1500 630 1565 sequitur
654 1499 720 1548 Itin-

176 1567 246 1618 dorl.
260 1558 435 1632 Ἡρακλείων
456 1569 578 1620 exhibuit
595 1567 719 1620 Dletsch.

175 1635 333 1688 Maluerunt
349 1638 473 1703 qnidam:
492 1634 555 1688 ἒσω
569 1630 720 1704 Ἡρακληί-

176 1720 216 1754 ων
234 1703 370 1771 στηλέων,
395 1723 455 1758 cum
474 1709 580 1772 Celtae,
605 1723 718 1774 quoram

175 1776 283 1827 nomine
311 1777 463 1842 Hispaniae
493 1779 610 1830 incolae'
633 1777 719 1829 conti-

176 1850 305 1909 neantur,
327 1852 404 1898 extra
416 1848 556 1899 columnae
567 1847 718 1898 Herculeas

175 1917 280 1966 censeri
297 1923 443 1982 nequeant.
469 1919 524 1970 Sed
540 1919 610 1969 bene
628 1920 719 1968 monet

176 1985 389 2052 Wesselingiue,
415 1989 505 2038 omnia
524 1993 601 2038 extra
617 1988 719 2038 Hercu-

175 2054 209 2105 lis
228 2056 326 2107 fretum
349 2058 377 2106 in
392 2057 531 2109 Oceanum
555 2073 635 2108 versa
657 2056 720 2106 inde

176 2141 192 2174 a
210 2124 295 2190 Calpe
319 2129 519 2192 promontorio,
546 2129 593 2178 nhi
615 2128 719 2178 Hercu-

175 2195 235 2245 leae
261 2195 402 2248 columnae
433 2197 503 2249 fixae
529 2197 717 2250 credebantur.

176 2269 253 2315 extra
270 2266 352 2318 hasce
367 2267 507 2320 columnae
525 2268 592 2330 dici;
611 2273 642 2318 ut
655 2283 682 2316 v.
694 2283 717 2318 c.

176 2339 203 2384 et
224 2335 312 2386 Gades
337 2342 364 2388 et
388 2343 535 2389 extremam
559 2338 719 2390 Lusitaniae

175 2409 278 2470 partem
291 2409 319 2457 in
332 2407 471 2460 Oceanum
483 2409 675 2474 porrigentem,
691 2413 719 2458 et

175 2475 292 2528 fortasse
310 2479 462 2541 veteribus,
487 2479 532 2544 qni
555 2479 719 2529 accuratiori

175 2545 253 2596 huius
281 2553 372 2599 terrae
397 2549 553 2616 cognitione
578 2549 717 2610 carebant,

175 2615 330 2669 ulteriorem
344 2620 446 2680 visam,
464 2635 544 2682 quam
557 2631 653 2684 reapse
666 2626 717 2669 est.

176 2687 237 2736 Vid.
258 2687 349 2738 Strah.
371 2689 393 2738 I.
416 2705 443 2753 p.
462 2688 495 2738 82
515 2705 537 2739 s.
558 2691 600 2738 41.
621 2704 647 2753 p.
669 2689 717 2739 112

176 2771 197 2806 s.
217 2757 261 2808 64.
284 2759 337 2808 111.
361 2775 388 2823 p.
406 2758 458 2809 ’256
483 2775 505 2809 s.
535 2759 594 2810 168.
639 2759 719 2809 Prae·

177 2832 251 2878 terea
263 2828 355 2878 Celtas
369 2829 405 2878 ad
417 2829 516 2879 flumen
528 2829 614 2878 Anam
627 2832 655 2878 et
666 2829 719 2879 Lu-

176 2897 293 2948 sitaniae
316 2899 528 2963 promontorium
552 2899 665 2950 Sacrum
692 2904 719 2948 et

176 2966 301 3030 Herium,
322 2969 366 3018 cui
386 2967 528 3020 etOeltico
548 2983 659 3030 noman,
679 2983 719 3019 se·

178 3035 225 3086 dea
252 3036 317 3086 olim
335 3037 477 3102 hahuisse,
506 3038 577 3090 idem
603 3043 720 3089 testatur

178 3105 277 3157 Strabo
300 3107 353 3159 111.
371 3123 397 3172 p.
419 3107 470 3160 230
486 3110 517 3158 Β.
544 3125 566 3160 s.
585 3125 647 3175 pag.
671 3107 720 3159 153

178 3174 240 3225 Osa.
284 3177 337 3238 Qui
360 3177 455 3229 Celtae
480 3193 533 3243 qno
558 3179 646 3228 minus
669 3179 720 3228 hoc

177 3245 236 3296 loco
259 3246 462 3313 intelligantur,
487 3247 554 3298 nihil
576 3253 649 3299 certe
674 3248 721 3298 ob·

178 3319 249 3376 stat3
275 3315 347 3380 quod
367 3319 456 3382 ipsum
477 3317 637 3368 documento
660 3317 720 3376 erit,

178 3386 302 3451 Pyrenen
323 3387 507 3438 Herodoteam
531 3400 584 3439 nou
605 3388 633 3437 in
658 3387 722 3438 Ger-

178 3457 269 3506 mania
296 3456 344 3508 eed
368 3459 441 3508 circa
462 3458 624 3524 Hispaniam
649 3471 722 3506 mon-

178 3530 275 3591 tesque
285 3526 440 3592 Pyrenaeos
455 3527 635 3592 quaerendam
652 3541 721 3577 esse.

178 3595 219 3645 De
242 3595 327 3647 Celtis
351 3598 425 3649 coni.
451 3598 533 3648 etiam
556 3597 608 3658 IV,
634 3598 669 3649 49
694 3601 722 3646 et

179 3665 209 3716 O.
225 3665 258 3717 0.
269 3667 392 3718 Mueller.
411 3666 648 3732 Etruscc.1.pag.
663 3667 721 3726 151,

178 3735 225 3800 qul
247 3751 307 3786 cum
324 3737 460 3788 Herodoti
478 3737 563 3787 Oeltie
581 3743 722 3802 comparat

179 3805 314 3856 Herodori
326 3809 413 3858 Gletes
428 3806 500 3872 apud
512 3807 642 3872 Stephan.
655 3809 721 3874 Bya.

179 3889 263 3949 aum,
282 3891 343 3928 cum
362 3877 468 3928 Graeca
486 3877 595 3927 uomina
614 3872 721 3930 Κελτοὶ.

178 3939 318 4008 Γαλάται,
338 3943 445 4011 Γλῆτες
456 3945 492 3996 ad
504 3961 586 3996 unam
599 3947 723 3998 eandem-

179 4029 231 4078 que
252 4017 371 4068 redicem
393 4017 448 4067 aint
472 4017 635 4068 revocanda.
681 4017 723 4067 De

180 4083 265 4135 Celtis
283 4085 339 4138 vid.
357 4087 441 4138 Zeuas
461 4086 479 4137 l.
498 4086 517 4136 l.
536 4102 563 4151 p.
580 4087 631 4138 160
647 4101 722 4152 seqq.

215 4144 387 4219 ὁμουρέουσι
411 4149 443 4206 dl
467 4155 647 4223 Κυνησίοισι]
674 4157 723 4220 θμ-

178 4225 263 4275 naeios
280 4225 352 4276 infra
370 4227 424 4288 lv,
449 4224 484 4276 46
504 4230 588 4278 vocat
605 4227 722 4294 Opertae,

180 4307 248 4357 quos
266 4295 375 4345 eosdem
390 4294 557 4346 occidentem
574 4311 669 4347 verens
683 4293 724 4345 nl-

180 4363 261 4413 timoa
285 4377 346 4416 esee
369 4365 409 4415 ait
425 4364 579 4430 Stephanae
595 4365 724 4433 Byaanti-

771 1305 836 1352 nus,
866 1304 1031 1356 quorumque
1055 1289 1134 1340 sedes
1157 1288 1313 1339 accuratius

771 1359 936 1410 deliniuntur
954 1360 988 1410 ab
1000 1359 1104 1410 Avieno
1122 1358 1170 1410 Or.
1187 1357 1313 1407 maritim.

771 1429 832 1480 200.
869 1428 936 1479 Inde
959 1430 987 1479 in
1012 1434 1133 1479 extrema
1154 1427 1314 1479 Lusitaniae

771 1515 819 1548 ora
843 1514 858 1548 e
882 1502 971 1549 mente
993 1499 1126 1549 Herodoti
1152 1492 1315 1549 'collocanda

770 1568 879 1618 videtur
899 1569 966 1619 haec
989 1583 1071 1634 gene,
1096 1567 1180 1620 Celtis
1204 1573 1232 1618 et
1254 1568 1315 1631 ipsa

771 1637 956 1700 accensenda3
976 1639 1012 1688 cf.
1032 1639 1116 1688 Zeuee
1133 1637 1152 1690 l.
1169 1638 1188 1688 l.
1206 1654 1234 1703 p.
1252 1636 1312 1686 161.

769 1707 946 1759 Dieffcnbach
971 1707 1074 1758 Celtica
1098 1708 1141 1770 11,
1167 1709 1191 1758 2.
1216 1723 1244 1771 p.
1270 1706 1314 1755 at.

769 1777 856 1828 Aliter
882 1777 979 1828 statuit
1005 1777 1124 1829 Redslob
1154 1776 1312 1840 (Tartessos

769 1852 821 1898 etc.
847 1863 874 1912 p.
895 1850 930 1899 42
949 1848 1036 1912 eeq.),
1061 1847 1107 1912 qui
1129 1851 1159 1898 ut
1178 1843 1314 1905 concedit,

769 1918 909 1970 Herodoto
939 1917 1031 1968 haberi
1063 1917 1155 1968 Celtas
1185 1913 1314 1982 populum

769 1987 887 2038 omnium
912 1990 1038 2055 Europae
1067 1991 1215 2038 extremum
1245 1984 1316 2036 occi-

769 2058 876 2108 dentem
889 2073 998 2120 versus,
1017 2058 1057 2108 ita
1069 2057 1183 2108 eundem
1199 2056 1258 2108 vult
1270 2070 1315 2105 ca·

770 2129 858 2179 ruisse
872 2129 1040 2179 accuratiore
1054 2128 1210 2194 cognitione
1226 2131 1315 2177 terrae

770 2198 844 2248 ultra
854 2199 1008 2263 Pyrenaeos
1021 2203 1128 2250 montes
1142 2198 1220 2260 sitae,
1233 2211 1315 2262 qnam

771 2269 845 2318 brevi
863 2272 955 2319 tractu
974 2273 1126 2334 porrectam
1151 2281 1221 2332 pone
1238 2267 1315 2330 ipsos

771 2339 820 2389 hos
844 2344 948 2389 montes
967 2339 1106 2390 continere
1131 2337 1208 2388 sedes
1226 2335 1317 2402 Oyne·

771 2409 872 2460 siorum
898 2410 1032 2474 opinetur.
1074 2411 1151 2474 Quae
1181 2404 1315 2474 quomodo

771 2495 832 2530 cum
853 2479 921 2544 ipris
944 2479 1077 2530 Herodoti
1100 2477 1191 2529 verbis
1217 2476 1315 2528 cohae-

770 2554 862 2611 reant,
882 2549 1004 2614 equidem
1022 2549 1094 2600 haud
1110 2546 1244 2614 intelligo.
1264 2546 1316 2611 Cy-

771 2620 861 2670 nesios
891 2620 919 2668 in
940 2620 1103 2670 Lusitaniae
1125 2631 1187 2682 ora,
1219 2616 1263 2667 vel
1287 2617 1315 2664 in

771 2689 879 2740 Galatia
899 2689 1077 2754 Asturiaqne,
1103 2703 1171 2753 quae
1189 2701 1260 2737 nunc
1276 2686 1316 2735 di-

770 2760 849 2821 citm,
867 2759 969 2809 vixisse
982 2764 1056 2809 reete
1068 2773 1175 2824 quoqne
1187 2756 1258 2806 vidit
1268 2756 1316 2804 Ar·
1354 2760 1356 2764 ’

770 2829 834 2880 nold
848 2828 963 2893 History
977 2829 1007 2878 oi
1017 2829 1094 2879 Rom.
1109 2827 1131 2877 1.
1145 2841 1171 2891 p.
1182 2825 1232 2876 401
1247 2839 1315 2889 seq„

771 2915 811 2960 ea,
832 2914 901 2964 quae
917 2898 1074 2949 Herodotus
1092 2898 1120 2947 h.
1132 2896 1157 2946 l.
1175 2895 1280 2960 prodit,
1301 2908 1316 2943 e

771 2969 937 3019 Phoenicum
952 2967 1056 3034 periplo
1073 2966 1190 3034 quodam
1203 2964 1317 3014 fluxisse

772 3043 858 3089 ratus.
876 3039 961 3088 —In
981 3053 1056 3103 seqq.
1076 3036 1173 3097 verba,
1199 3049 1269 3098 qnae
1285 3031 1318 3112 li·

772 3109 813 3158 hri
831 3107 927 3172 scripti
939 3123 1030 3158 omnes
1044 3107 1163 3158 retinent
1180 3096 1254 3168 ὅέων
1265 3115 1318 3166 την

772 3175 824 3227 τοῦ
842 3193 867 3226 ιι.
881 3191 904 3226 τ.
920 3175 958 3238 λ.,
978 3177 1032 3242 ipsi
1049 3189 1156 3242 quoque
1173 3171 1318 3225 retinenda

773 3248 934 3308 censuimus,
946 3247 1010 3298 lieet
1019 3245 1226 3308 Valckenarius,
1237 3257 1316 3312 quem

773 3318 863 3383 plures
881 3318 1063 3368 recentiorum
1076 3317 1163 3368 secuti
1179 3320 1252 3377 eunt,
1271 3328 1317 3364 vo-

774 3403 831 3439 cem
851 3379 925 3448 ᾇέων
941 3403 975 3438 ac
991 3387 1089 3438 deinde
1105 3401 1188 3437 voces
1205 3379 1255 3434 διὰ
1265 3374 1318 3433 ποί-

775 3471 825 3522 σης
832 3447 974 3522 Εὐρώπης
984 3457 1047 3508 eiiei
1057 3457 1191 3509 iussisset.
1203 3451 1319 3505 Dietsch

774 3527 850 3578 uncis
863 3531 969 3578 tantum
985 3527 1098 3579 inclusit
1106 3527 1175 3577 haec
1187 3531 1317 3590 tanquam

774 3611 876 3648 surra.

789 3613 844 3733 ρτῇ
853 3657 977 3730 Ἰστρίην
986 3659 1016 3716 oi
1025 3664 1177 3731 Μιλησίων
1191 3653 1318 3713 οἰκέουσι

773 3727 900 3803 ἄποικοι]
927 3738 1007 3787 Hanc
1030 3737 1124 3787 urbem
1146 3735 1195 3786 alii
1218 3735 1318 3783 vocant

774 3809 873 3870 Istros,
903 3806 950 3857 alii
976 3805 1137 3871 Istropolin,
1171 3808 1202 3854 nt
1227 3805 1318 3852 monet

774 3877 902 3928 Larcher.
915 3877 944 3926 in
959 3877 1028 3927 Tah.
1044 3877 1142 3940 Geogr.
1157 3890 1184 3938 p.
1195 3871 1246 3923 *282
1260 3887 1317 3936 seq.

775 3949 817 3998 Tu
835 3946 891 3997 vid.
910 3946 1052 4012 Forbiger.
1069 3946 1087 3997 l.
1102 3943 1120 3995 l.
1134 3944 1185 3994 ΙΙΙ,
1199 3959 1225 4008 p.
1240 3939 1316 4004 tote,

775 4017 822 4082 qni
842 4031 934 4067 omnes
954 4021 1077 4066 veterum
1095 4015 1170 4066 locos
1191 4011 1317 4078 cuppedi-

775 4087 854 4136 tabit.
893 4087 972 4136 Nunc
988 4085 1048 4136 loco
1067 4099 1164 4135 nomen
1178 4083 1270 4144 latere,
1287 4085 1318 4131 ut

775 4156 846 4206 idem
865 4155 975 4216 scribit,
995 4171 1050 4205 nou
1061 4155 1142 4220 longe
1155 4155 1189 4204 ab
1204 4169 1236 4204 eo
1247 4151 1317 4210 loco,

776 4225 822 4292 qui
833 4239 906 4276 nnnc
920 4228 1035 4276 vocatur
1044 4223 1226 4286 Koeteodertc,
1245 4219 1319 4287 apud

775 4299 882 4346 veteres
910 4295 1105 4354 Constantiano,
1133 4293 1205 4345 unde
1230 4293 1318 4357 ipsum

776 4364 913 4418 recentius
931 4377 1030 4417 nomen
1048 4363 1157 4415 ductum
1173 4365 1274 4429 putem.

1044 4443 1111 4508 32*
