3058 4928
551 284 797 346 EU'PERPE.
820 285 863 347 H.
883 295 927 350 86.
1245 289 1306 350 615

172 455 323 546 σμύρνης
347 453 518 546 ἀκηράτου
542 457 758 546 τετριμμένης
784 461 840 528 καὶ
872 467 989 550 κασίης
1013 462 1069 531 καὶ
1100 467 1168 532 των
1192 458 1306 532 ἄλλων

173 559 383 648 θυωμάτων,
405 557 718 649 alderspacense,
740 561 925 650 πλήσαντες
942 565 1171 655 συρράπτουσι
1186 562 1303 635 ὀπίσω.
1375 603 1381 616 ·

172 666 277 732 ταῦτα
305 662 342 733 dl
367 663 565 754 ποιήσαντες
588 663 802 754 ταριχεύουσι
826 673 943 760 λίτρῳ,
973 668 1162 757 κρύψαντες
1181 664 1305 758 ἡμέρας

173 866 254 930 periri
273 866 330 915 eius
343 864 462 930 pulveris
476 865 605 932 reliquias
617 867 645 916 in
658 881 714 916 mn·

173 935 243 986 miis.
279 934 379 984 Contra
404 935 472 984 haec
499 935 621 1000 disputat
643 937 714 987 Lau·

173 1004 245 1054 thius
263 1003 290 1054 in
305 1003 419 1054 Histoir.
445 1006 478 1057 de
500 1005 640 1057 l'anatom.
658 1004 713 1056 vol.

174 1075 198 1124 1.
216 1089 281 1138 pag.
299 1075 334 1123 20
345 1089 402 1138 seq.
423 1078 451 1125 et
468 1073 612 1127 oblocutus
630 1076 714 1141 priori

172 1146 331 1207 argumento
350 1143 402 1195 hoc
425 1142 540 1196 alterum
558 1146 598 1196 ita
619 1146 714 1196 inirin-

171 1213 226 1278 git,
244 1216 275 1262 ut
293 1213 379 1264 dicat:
400 1213 537 1278 pulverem
558 1231 617 1266 sum
639 1215 714 1265 adbi-

171 1283 258 1333 bitum
269 1297 329 1334 csse
343 1283 451 1334 nonnisi
460 1285 656 1351 pretiosissimo
669 1301 714 1351 ge-

171 1353 228 1403 neri
244 1353 454 1404 condiendormn
471 1370 614 1420 corporum
629 1370 715 1420 eaque

171 1422 307 1473 cadavera
318 1423 453 1474 medioata
459 1440 569 1489 perrara
576 1439 644 1488 esse,
655 1439 715 1489 pro·

171 1493 235 1542 inde
253 1491 334 1543 facile
345 1495 468 1558 potuisse
480 1493 552 1556 fieri,
570 1499 601 1544 ut
616 1493 714 1545 Rouel-

170 1561 212 1612 lus
236 1561 287 1612 hoc
310 1578 396 1627 genus
419 1565 578 1614 mumiarum
598 1579 653 1614 non
675 1564 714 1612 vi-

171 1632 250 1684 derit.
288 1633 365 1682 Haec
377 1633 519 1695 Lanthius,
537 1637 672 1699 recteque,
689 1634 714 1683 si

171 1701 236 1766 quid
254 1701 344 1752 video.
379 1703 448 1753 Nam
467 1718 537 1768 qnae
560 1719 607 1768 per
625 1704 712 1754 Euro·

171 1787 233 1835 pam
251 1776 425 1822 asservantur
442 1773 571 1835 mumius,
593 1788 642 1823 eae
658 1772 712 1836 ple-

171 1855 272 1906 raeque
287 1841 431 1892 herbarum
449 1843 569 1907 ipsarum
586 1841 713 1892 aliarum·

172 1925 224 1976 qne
241 1925 329 1960 rerum
347 1911 484 1976 farragine
501 1911 620 1975 repletae
639 1916 710 1963 suut.

170 1979 254 2045 Atqui
260 1995 293 2030 ex
300 1980 453 2030 istiusmodi
463 1979 713 2032 centonibushaud-

764 865 829 918 rhae
840 874 930 930 rpontr
943 866 1057 932 fluentis,
1076 885 1163 936 neque
1172 871 1304 920 incisione

765 935 857 1002 aliqua
875 936 1002 998 eductum
1021 939 1068 1002 qni
1086 939 1148 990 inde
1170 940 1207 990 sit
1224 955 1304 1005 gene·

764 1007 865 1069 roslor,
889 1022 921 1056 ex
940 1005 1050 1056 Africae
1067 1009 1193 1059 nimirum
1210 1009 1304 1058 arbus-

765 1075 827 1127 cula
839 1077 994 1126 ausciorum
1010 1076 1144 1126 consimili
1163 1093 1302 1128 emanans.

764 1145 848 1197 Plura
863 1145 1088 1196 citatCrenrerus
1106 1145 1125 1196 l.
1144 1145 1172 1204 l.‚
1186 1147 1303 1213 itemque

763 1215 891 1266 admonet
901 1215 1190 1282 Evang.10ann.X1X,
1202 1215 1244 1278 39,
1256 1216 1304 1266 ubi

765 1285 874 1350 myrrha
892 1284 1041 1335 condiendo
1059 1285 1122 1336 Iesu
1143 1286 1248 1349 corpori
1263 1286 1309 1335 iu:

765 1356 861 1406 servit.
898 1356 957 1417 Quo
975 1353 1008 1404 de
1024 1353 1085 1405 loco
1097 1355 1232 1404 uberrime
1250 1355 1303 1404 dis-

764 1425 871 1490 putarit
884 1424 912 1473 in
927 1423 998 1474 Plio.
1016 1424 1129 1474 Exerce.
1144 1423 1302 1487 Salmasius,

763 1499 791 1544 et
801 1494 959 1544 mumiarum
971 1507 1078 1558 qnoque
1087 1494 1250 1544 mentionem
1264 1494 1305 1544 ita

764 1564 844 1626 iecit,
864 1568 894 1613 nt
909 1563 1054 1613 discrimen
1066 1567 1216 1614 monuisset
1232 1563 1304 1614 iuter

765 1637 922 1684 exenterata
952 1632 1087 1683 cadavera
1109 1633 1304 1699 Aegyptiorum

764 1707 791 1754 et
821 1703 952 1767 pollincto
979 1703 1181 1765 tantummodo,
1213 1703 1304 1768 qualia

763 1773 837 1839 apud
853 1772 970 1822 Iudaeos
993 1773 1077 1824 inere.
1113 1773 1230 1838 Magnus
1246 1771 1265 1823 l.
1284 1772 1302 1823 l.

762 1860 788 1908 p.
808 1843 842 1894 32
860 1841 995 1906 myrrham
1021 1846 1048 1893 et
1068 1843 1186 1892 cassiam
1209 1841 1304 1892 scribit

762 1911 942 1978 probabiliter
961 1911 1045 1962 fuisse
1065 1911 1181 1962 resinam
1199 1911 1303 1960 arboris

763 1983 892 2032 mimosae
910 1986 938 2031 et
957 1982 1087 2032 corticem
1108 1980 1179 2032 lauri
1197 1981 1304 2031 cassiae

763 2058 790 2102 et
807 2052 979 2102 cinnamomi.
1015 2052 1113 2101 Utrum
1134 2049 1243 2116 myrrha
1260 2050 1304 2100 usi

762 2122 818 2171 sint
836 2125 942 2171 veteres
960 2120 1101 2186 Aegyptii,
1120 2135 1175 2171 non
1192 2135 1304 2184 prorsus

763 2195 865 2241 certum
883 2205 943 2241 esse
960 2190 1001 2240 ait
1016 2191 1112 2240 Frltze
1135 2189 1155 2241 l.
1174 2188 1194 2240 l.
1214 2205 1239 2254 p.
1261 2189 1302 2252 lo,

171 2064 307 2114 quaquam
332 2050 432 2114 pendet
455 2051 603 2100 auctoritas
627 2051 714 2100 Hero-

171 2119 243 2181 doti,
266 2123 297 2169 nt
315 2119 404 2184 quiin
421 2119 560 2171 Thebaide
577 2119 711 2185 hypogae-

172 2189 251 2254 isque
267 2203 361 2254 regum
384 2189 453 2240 alias
471 2190 587 2240 mumiaa
606 2193 712 2255 speeta-

171 2259 250 2308 verit.
287 2259 429 2311 Caeterum
443 2261 471 2310 in
488 2260 562 2310 exitu
576 2258 712 2310 iuvatad·
763 2275 922 2327 quamquam
942 2259 1084 2309 admodum
1102 2258 1252 2325 probabile.

172 2328 290 2378 scribere
314 2329 398 2379 verba
415 2329 524 2395 Apuleii
546 2329 574 2378 in
594 2328 709 2394 Apolog.
796 2324 843 2378 καλ
858 2327 968 2392 κασίης,
988 2324 1106 2378 καὶτῶν
1120 2318 1303 2378 άλλωνθυω-

171 2396 426 2462 ρ.295Ε1οισιι1ι.ι
451 2426 485 2436 -
502 2403 534 2448 nt
554 2399 579 2448 si
602 2398 658 2449 clue
683 2402 711 2448 et
760 2391 869 2462 μάτων]
883 2397 1039 2449 Herodotea
1055 2401 1140 2450 caesia
1160 2402 1202 2447 est
1220 2394 1305 2446 κασία

170 2469 264 2517 cariam
292 2471 320 2518 et
348 2469 474 2532 myrrham
501 2473 661 2534 ceterosque
682 2467 710 2517 id
761 2461 859 2532 σύριγξ
878 2483 901 2517 s.
918 2469 1004 2519 carrio
1018 2469 1104 2532 μιιαλσ
1122 2465 1257 2533 (Oanslle)
1276 2471 1304 2517 et

171 2552 256 2602 genus
275 2537 372 2589 odores
387 2540 474 2602 [ιιιιστί
491 2541 597 2589 tantum
606 2543 711 2604 emptos
762 2553 826 2588 vero
838 2537 953 2589 fortasse
962 2540 1050 2589 λιιατιιτ
1059 2538 1230 2589 οσστίιιΙιίοο.
1241 2552 1305 2588 con-

170 2607 323 2666 arbitreris,
349 2623 410 2658 cum
428 2613 455 2659 et
473 2609 648 2660 medicamento
665 2623 711 2673 pa·
761 2607 857 2658 similis
875 2607 1057 2672 cinnamomo,
1081 2623 1133 2673 quo
1156 2607 1217 2672 ipso
1240 2621 1303 2657 con-

170 2679 265 2726 rentur
287 2681 315 2727 et
337 2677 501 2728 sacrificio.“
532 2677 627 2730 Oreus.
648 2677 666 2728 l.
691 2677 709 2728 l.
761 2678 821 2727 dita
838 2677 1033 2742 Aegyptiorum
1055 2677 1190 2728 cadavera
1212 2675 1304 2742 prodit

170 2761 233 2811 pag.
259 2744 302 2797 36.
327 2745 370 2798 37.
406 2747 509 2798 Scribit
533 2747 625 2798 Fritae
646 2747 664 2797 l.
689 2747 708 2800 1.
761 2745 897 2798 Diodorus
922 2747 942 2797 l.
965 2745 984 2796 l.
1032 2745 1093 2795 Vid.
1119 2745 1222 2796 Herod.
1248 2745 1302 2806 111,

170 2831 197 2880 p.
216 2816 254 2876 lit,
267 2814 339 2866 baud
358 2815 547 2877 dubiumne,
566 2820 709 2881 styracem,
762 2817 822 2868 107.
848 2816 899 2868 110
917 2820 945 2867 et
964 2832 981 2866 a
1000 2813 1133 2864 Crenaero
1155 2813 1250 2864 allata.
1270 2839 1301 2850 -

171 2883 374 2948 opobalsamum
398 2890 425 2935 et
449 2885 578 2936 ladanum
604 2901 619 2936 e
640 2885 710 2936 cisto
760 2877 866 2950 θύσιμα
883 2886 918 2942 ab
937 2901 982 2948 eo,
1000 2883 1072 2949 quod
1089 2883 1234 2944 antecedit,
1248 2880 1303 2930 θυ-

170 2954 278 3004 (lretico
288 2954 433 3018 profluens,
452 2959 480 3004 et
491 2953 603 3016 herbas,
621 2955 710 3017 flores,
759 2953 859 3020 μίημιι,
873 2971 926 3005 non
940 2955 992 3005 nisi
1010 2955 1096 3004 forma
1105 2951 1220 3014 differre,
1229 2953 1303 3000 recte

171 3026 198 3072 et
217 3023 320 3072 semina
338 3021 493 3087 plantarum
502 3023 666 3074 labiatarum
684 3029 712 3074 et
761 3030 853 3074 monet
876 3024 1019 3074 Ruhnken.
1045 3021 1080 3072 ad
1106 3022 1211 3071 Timaei
1234 3021 1301 3070 Lex.

169 3089 411 3155 umbelliferarum,
443 3094 542 3158 quibus
571 3094 711 3158 Aegyptus
760 3094 832 3145 Plat.
840 3111 867 3158 p.
885 3093 943 3145 143.
970 3091 1128 3144 Addsalios
1141 3090 1302 3142 aGrenzero

171 3161 301 3224 abundat,
320 3177 381 3212 esse
395 3161 528 3228 adhibita,
546 3167 630 3228 atque
649 3177 711 3214 con·
760 3163 895 3226 laudatos,
911 3179 963 3228 quo
975 3162 1088 3213 ethuius
1102 3161 1177 3211 vocis
1191 3163 1302 3210 etente-

169 3235 233 3281 tusa
251 3235 388 3294 aromata,
413 3249 483 3298 quae
504 3233 531 3284 h.
551 3233 569 3284 l.
590 3232 711 3284 Herode·
761 3234 882 3283 cedentis
902 3230 1036 3296 θυμίημα
1049 3231 1207 3296 intergritas
1224 3227 1302 3278 intel-

170 3304 215 3350 tus
235 3307 438 3366 commemorat,
459 3303 598 3368 epulvere
615 3303 710 3353 harum
759 3302 871 3368 ligatur.
905 3303 970 3351 Mox
987 3301 1020 3350 de
1038 3299 1123 3359 ιλιιτσ,
1141 3299 1213 3366 qnod
1226 3295 1302 3365 λιβα-

169 3371 322 3437 plantarum
340 3387 400 3421 cum
417 3373 516 3423 resinis
536 3378 564 3423 et
581 3371 710 3424 balsamis
762 3371 970 3421 νωτούοοιιιίιισ
981 3369 1087 3431 intulit,
1107 3369 1163 3420 rid.
1178 3369 1231 3430 ΙΙΙ,
1244 3369 1300 3418 107.

171 3441 255 3492 mixto
274 3446 442 3505 compactam
462 3448 489 3493 et
511 3443 622 3493 densum
641 3439 711 3492 mas·
760 3441 844 3492 Plura
861 3440 916 3499 Gr..
934 3440 1005 3491 unde
1022 3440 1089 3489 haec
1108 3438 1300 3489 adscribimus:

171 3526 228 3562 sam
245 3510 381 3561 efficiente
399 3526 460 3561 esse
473 3513 636 3577 composita.
761 3510 897 3574 „illicitur
908 3514 998 3560 autem
1009 3525 1042 3560 ax
1054 3507 1152 3559 arbore
1160 3507 1302 3567 thurifera,

204 3572 258 3644 τὴν
267 3572 361 3644 νηδύν
373 3571 499 3646 σμύρνης
512 3573 657 3646 ἀκηράτου
668 3595 710 3628 τε·
761 3596 841 3644 quam
858 3595 906 3646 pro
923 3579 1043 3642 quipcro
1060 3577 1197 3628 Phoenicia
1214 3591 1236 3625 s.
1249 3575 1303 3624 tlu-

170 3645 367 3714 τριμμὲνης-
378 3642 547 3715 πλήσαντες]
559 3642 651 3714 νηδύν
667 3650 711 3699 bic
760 3649 845 3710 risere
860 3647 963 3698 habent
979 3646 1117 3709 nonnulli,
1140 3659 1237 3696 succus
1256 3643 1303 3692 du-

169 3735 276 3784 quoque
293 3718 360 3769 dicit
381 3734 479 3770 cavum
502 3721 620 3782 ventris,
642 3720 711 3768 inte·
762 3717 838 3783 ples:
857 3719 944 3768 maior
964 3733 987 3769 s.
1001 3719 1147 3782 amponius,
1170 3719 1198 3765 et
1214 3714 1303 3763 minor

169 3790 249 3839 stinis
268 3789 443 3839 exenteratis.
762 3803 784 3838 s.
804 3787 918 3846 orchiam
935 3786 992 3837 vid.
1008 3787 1031 3836 Ι.
1051 3786 1087 3835 Η.
1101 3785 1182 3836 Voss.
1197 3783 1232 3832 ad
1243 3782 1303 3832 Vir-

205 3849 332 3922 σμύρνης
348 3849 493 3922 ἀκηράτου
516 3845 709 3920 τετριμμένης]
762 3855 808 3918 pil.
829 3857 927 3922 Georg.
951 3856 988 3918 11,
1009 3855 1066 3905 117.
1104 3852 1200 3918 Eclog.
1221 3851 1302 3915 VIII,

169 3927 306 3991 Myrrham
321 3917 467 3992 ἀκήρατον
483 3925 568 3986 hauc,
587 3925 607 3974 i.
626 3939 649 3974 e.
663 3939 711 3986 pu·
761 3924 825 3976 65ss
962 3919 965 3928 ’

170 4011 232 4058 rma,
249 3997 368 4046 illibatam
382 3994 466 4060 (coni.
479 4009 548 4060 quae
561 3993 711 4044 Oreuserus
796 3983 975 4056 ταριχεύουσι
993 3990 1088 4057 λίτρῳ]
1113 3987 1197 4056 λίτρῳ
1217 4005 1232 4039 e
1249 4003 1303 4040 ms-

170 4063 239 4113 dixit
250 4065 283 4114 tle
294 4066 347 4115 bac
359 4081 426 4116 voce
440 4069 467 4115 et
481 4064 580 4115 Struve
594 4062 710 4127 Opuscc.
761 4061 874 4112 lioribus
901 4060 980 4112 codd.
1003 4075 1076 4110 nunc
1098 4061 1236 4124 receptum
1253 4073 1302 4123 pro

170 4133 193 4182 Ι.
209 4149 236 4196 p.
252 4133 308 4200 22.)
329 4135 479 4185 Orsuaerns
494 4131 513 4183 l.
534 4132 552 4183 l.
573 4135 712 4196 comparat
762 4129 836 4195 vulg.
862 4128 963 4196 νίτρῳ,
991 4129 1064 4194 quod
1087 4127 1235 4178 Alexandri
1258 4127 1303 4177 dc-

170 4217 230 4251 oum
247 4218 288 4264 eo,
307 4204 379 4268 quod
395 4202 615 4262 inExod.XXX‚
628 4199 712 4252 211ᾱί-
762 4215 834 4250 mum
858 4199 1024 4264 temporibus
1051 4199 1078 4247 in
1105 4213 1182 4248 usum
1211 4197 1300 4256 venit;

171 4271 241 4320 citur
258 4261 353 4329 ἄνθος
367 4262 641 4334 σμύρνηςέκλειιτῆς,
652 4269 670 4320 i.
686 4285 710 4318 e.
761 4269 825 4320 lnde
841 4266 939 4333 λίτρον
956 4268 1063 4318 Atticos
1081 4267 1183 4329 dicere,
1204 4264 1303 4329 νίτρον

171 4337 334 4403 (explicante
357 4340 501 4406 Michaele)
522 4353 618 4390 succos
642 4353 712 4405 myr-
761 4339 891 4402 seriores,
912 4343 1003 4390 monet
1021 4338 1121 4390 Moeris
1139 4336 1301 4388 Grammati-
