3086 4932
627 359 752 421 CLIO.
776 361 801 420 Ι.
823 370 867 425 83.
889 369 935 424 84.

1278 361 1332 424 181

198 538 419 624 τριηκοσίων,
440 527 648 622 Ὀθρυάδην,
670 535 912 626 αἰσχυνόμενον
931 534 1148 610 ἀπονοστέειν
1169 535 1202 620 ές
1214 540 1333 632 Σπάρ-

200 666 279 725 την,
301 642 371 705 τῶν
391 641 425 705 ολ
443 641 664 725 συλλοχιτέων
686 643 963 730 διεφθαρμένων,
987 637 1092 712 αυτοῦ
1118 673 1176 732 μιν
1201 643 1239 716 ἓν
1256 651 1332 736 τῇσι

204 744 350 830 Θυρέῃσι
376 739 684 866 καταχρήσασθαι
667 742 802 813 εωυτόν.
850 745 1018 814 Τοιούτων
1043 747 1080 816 δὲ
1107 762 1193 817 τοῖσι
1213 759 1330 840 Σπαρ-
1317 759 1378 822 -83

203 843 333 934 τιήτησι
347 840 558 913 ἐνεστεώτων
572 843 792 934 πρηγμάτων,
807 837 867 935 ἧκε
881 876 898 916 ο
887 844 1105 1020 Σαρδιηνὸς
1118 857 1239 941 κῆρυξ,
1255 853 1330 924 δεό-

202 975 302 1076 μενος
319 955 456 1040 Κροίσω
477 950 636 1036 βοηθέειν
655 952 932 1041 πολιορκεομένω.
968 957 1002 1020 ot
1021 949 1183 1041 δὲὅμως,
1203 954 1333 1028 ἐπείτε
1436 1031 1440 1040 ,

202 1049 372 1122 ἐπύθοντο
386 1055 447 1149 τοῦ
468 1078 630 1141 κηρνκος,
650 1047 791 1143 ὁρμέατο
812 1055 981 1142 βοηθέειν.
1011 1063 1069 1124 καί
1080 1053 1216 1148 σφιῆδη
1231 1089 1332 1148 παρε-

200 1159 473 1244 σκευασμέυοισι,
494 1157 551 1224 καὶ
573 1161 662 1225 νεών
681 1153 829 1226 ἐουσέων
849 1160 1003 1244 ἑτοίμων,
1030 1149 1116 1244 ἦλθε
1136 1157 1219 1249 άλλη
1233 1160 1332 1250 clype-

110 1279 114 1288 '
200 1267 272 1349 λέη,
300 1287 346 1340 ως
371 1255 492 1349 ἡλάκοι
517 1257 554 1329 τὸ
584 1275 691 1347 τεῖχος
717 1265 787 1329 τάν
805 1264 949 1346 Λυδῶν,
981 1260 1036 1330 καὶ
1063 1266 1170 1348 ἔχοιτο
1193 1272 1335 1353 Κροῖσος

199 1371 394 1452 ζωγρηθείς.
430 1390 518 1432 ουτω
534 1359 576 1453 δη
597 1353 690 1433 οὗτοι
708 1363 787 1452 μέν,
807 1359 987 1454 σνμφορην
1002 1365 1220 1484 ποιησάμενοι
1232 1367 1333 1457 μεγά-

200 1479 277 1556 λην,
292 1465 491 1538 ἐπέπαυντο.

275 1569 422 1659 Σάρδιες
441 1569 478 1639 δὲ
497 1564 632 1658 ἥλωσαν
653 1559 729 1640 ωδε.
764 1566 881 1660 ἐπειδὴ
901 1573 1241 1666 τεσσερεσκαιδεκάτη
1263 1573 1384 1666 ἔχε’-84

198 1671 390 1765 νετο“ἡμέρη
403 1675 668 1768 πολιορκεομένῳ
682 1681 833 1768 Κροίσῳ,
854 1679 967 1762 Κῦρος
980 1680 1022 1774 τῇ
1033 1682 1173 1767 στρατιῇ
1191 1685 1232 1771 τῇ
1246 1682 1331 1751 ἕωυ.

198 1785 259 1849 τοῦ
267 1833 276 1866 ,
306 1781 496 1867 διαπέμψας
519 1779 654 1864 ἱππέας,
682 1793 838 1868 προεῖπε,
865 1783 911 1872 τῷ
937 1777 1060 1870 πράτμ
1088 1776 1241 1869 ἐπιβάντι
1274 1792 1334 1854 τοῦ

197 1947 277 1998 huius
303 1945 390 2012 ipsius
418 1945 590 2012 Othryadae,
623 1962 640 1996 a
667 1947 742 1996 Peri·

197 2017 243 2068 lao
260 2016 398 2068 Alcanoris
416 2015 507 2080 (istius
528 2017 640 2083 Argivi,
666 2017 741 2082 quie

198 2102 292 2153 pugna
314 2085 405 2138 salvus
424 2085 561 2150 eraserat)
584 2086 640 2138 filio
658 2087 741 2136 inter-

200 2155 277 2206 iecti.
317 2155 459 2207 Muellerus
485 2157 563 2218 (Dor.
589 2159 611 2208 I.
637 2174 663 2222 p.
691 2157 741 2208 158

201 2229 259 2277 not.
273 2224 319 2290 b)'
312 2241 339 2275 ru
351 2225 400 2276 bac
414 2227 569 2278 Pausaniae
585 2227 741 2278 narratione

200 2294 310 2418 ἱοὴιμβμμ
327 2297 501 2348 continuatae
514 2297 634 2362 vestigia
649 2297 741 2362 depre-

218 2381 251 2417 en

233 2485 291 2538 ταῖν
310 2481 340 2537 οἱ
361 2485 545 2552 συλλοχιτέων
562 2481 741 2550 διεφθαρμέ-

198 2555 270 2624 νων]
292 2553 451 2636 συλλοχιταλ
474 2561 538 2607 eunt
555 2557 601 2621 qui
625 2557 659 2606 ad
678 2573 741 2606 eun-

186 2630 257 2680 'dem
275 2620 361 2693 λόχον
378 2628 524 2692 pertinent
562 2627 707 2688 Quorum'
699 2643 741 2676 rn-

197 2699 295 2751 teritns
320 2713 352 2748 eo
374 2699 483 2764 gravior
509 2696 596 2747 videri
623 2695 741 2747 debebat

198 2767 369 2834 Othryadae,
395 2783 476 2850 quum
499 2763 577 2830 λόχοι
594 2767 742 2832 Spartano-

196 2855 256 2890 rum
283 2855 338 2896 uon
364 2837 444 2888 unice
474 2835 509 2887 ad
537 2835 637 2886 bellum
660 2837 742 2901 perti-

197 2911 291 2960 nuisse
307 2908 465 2970 rideantur,
493 2921 586 2957 verum
606 2905 741 2956 etiamad

196 2981 282 3030 vitam
304 2979 453 3044 privatam,
479 2981 511 3026 ut
529 2975 575 3042 qui
596 2976 624 3026 iu
647 2977 741 3026 eadem

198 3051 258 3100 acie
274 3047 355 3099 eimul
373 3051 540 3112 pugnarent,
568 3046 651 3095 etiam
669 3047 742 3096 domi

198 3119 311 3170 arctiori
340 3117 450 3168 vinculo
486 3116 625 3168 coniuncti
660 3115 742 3166 eimul

198 3190 309 3240 ederent
326 3203 360 3238 ac
375 3189 507 3238 viverent.
535 3186 614 3237 conr.
627 3185 741 3236 eundem

197 3258 356 3311 Muellerum
374 3257 442 3309 Dor.
459 3257 497 3308 11.
517 3273 544 3322 p.
563 3254 613 3308 337
632 3271 690 3322 seq.
715 3260 742 3308 et

199 3345 282 3396 supra
300 3329 336 3378 ad
353 3327 492 3378 Herodot.
505 3327 529 3390 1,
548 3326 591 3377 65.

233 3439 325 3499 αὐτοῦ
342 3463 392 3511 μιν
413 3437 443 3496 έν
466 3459 530 3510 τησι
550 3442 685 3532 Θυρέῃσι
692 3461 742 3496 κα-

197 3511 396 3584 ταχρήσασθαι
408 3507 526 3582 ἑωυτόν]
543 3517 584 3567 De
594 3513 683 3566 αὐτου
674 3513 742 3567 ad-

197 3589 306 3651 verbio,
325 3588 397 3654 quod
409 3587 528 3652 ponitur,
547 3587 672 3651 quemvis
684 3588 742 3652 ipse

197 3659 275 3710 loeus
293 3663 355 3723 poet
371 3657 517 3720 indicetur,
538 3656 573 3706 ad
591 3657 742 3708 orationem

198 3729 351 3796 aagendam
362 3728 457 3794 opinor
468 3732 495 3778 et
505 3693 673 3789 drmandam,
686 3727 743 3776 dixi

198 3800 234 3850 ad
251 3799 348 3866 Pyrrh.
365 3813 429 3864 pag.
444 3797 494 3852 144
506 3813 562 3864 seq.
598 3797 743 3848 Caeterum

203 3869 326 3936 Thyream
345 3870 400 3920 dici
418 3872 445 3919 et
459 3868 575 3935 Thyreae
591 3867 660 3918 satis
680 3881 744 3917 con-

199 3945 271 4001 stat,
293 3953 456 4005 quamquam
479 3939 607 4003 frequens
634 3938 662 3986 in
690 3937 742 3986 bac

199 4027 267 4061 voce
278 4007 403 4060 lectionis
415 4009 535 4059 varietas
547 4008 669 4072 adeoque
681 4023 744 4057 con·

202 4081 282 4131 lusio
319 4079 399 4130 Cous.
413 4079 517 4128 Duker.
538 4078 573 4128 ad
589 4076 743 4142 Thucydid.

201 4151 252 4213 IV,
274 4149 307 4201 59
330 4149 454 4214 aliosque
477 4149 551 4198 viros
571 4147 666 4198 doctos
684 4147 744 4198 lau-

202 4221 281 4272 datos
302 4235 320 4269 a
344 4219 511 4270 Muellero'
503 4235 531 4268 rn
554 4217 691 4283 Aeginett.
715 4233 742 4282 p.

200 4289 236 4342 46
252 4295 310 4342 not.
321 4289 395 4340 9.-
362 4303 594 4366 καταχρωμαι
604 4286 743 4337 Herodoto

201 4375 275 4423 eeee,
291 4360 364 4424 quod
377 4349 492 4424 moverim
505 4357 580 4420 aliis,
600 4363 648 4407 ent
661 4357 744 4406 etiam

201 4377 376 4495 druyqdipou,
394 4432 475 4480 notat
485 4427 537 4478 hoc
554 4442 586 4478 ex
601 4427 660 4478 loco
673 4426 745 4476 Tho-

792 1962 850 1996 mas
863 1945 938 2010 Mag.
957 1961 1020 2010 pag.
1034 1946 1094 1996 224.
1128 1946 1192 1999 Vid.
1202 1949 1334 2005 Herodct.

792 2014 1183 2080 meffiffim

943 2134 1008 2186 Cer.
1026 2137 1182 2189 LXXXIII.

824 2231 945 2304 ὁρμέατο
958 2230 1137 2307 βοηθέειν]’
1124 2235 1245 2305 ορμέατο
1262 2244 1335 2310 plue-

791 2310 1036 2376 quamperfectum,
1054 2316 1084 2361 ut
1102 2311 1183 2377 paulo
1200 2305 1335 2376 μο11έπέ-

791 2395 901 2430 παυντο
916 2396 965 2444 pro
982 2381 1140 2446 imperfecto
1158 2384 1223 2447 poni
1246 2385 1334 2436 videri

792 2466 824 2502 ox
842 2450 976 2501 Herodoti
995 2465 1059 2512 usu,
1083 2452 1211 2502 observat
1232 2454 1332 2506 Matth.
1396 2473 1401 2483 ¹

792 2525 818 2582 g.
832 2522 891 2582 565,
905 2520 953 2572 IV.
972 2536 1034 2586 pag.
1048 2489 1107 2572 959
1111 2537 1248 2601 quocum
1259 2525 1332 2576 conf

791 2559 908 2641 Bredoi’.
925 2606 951 2655 p.
969 2590 1029 2641 320.
1044 2589 1105 2642 336.
1140 2593 1193 2642 Pro
1213 2583 1334 2658 ὁρμέατο

791 2661 912 2710 Dindori
927 2664 954 2710 et
971 2659 1084 2710 Dietseh
1102 2609 1247 2724 ὦρμέατο,
1261 2664 1334 2728 quod

792 2730 908 2780 Bredov.
927 2747 980 2793 p.
974 2728 1034 2780 309.
1048 2727 1100 2780 330
1113 2735 1140 2780 et
1157 2731 1184 2781 h.
1196 2731 1213 2783 l.
1226 2737 1253 2782 et
1261 2679 1332 2783 qaliia

793 2800 828 2866 (I,
846 2799 903 2850 158.
922 2800 955 2861 V,
977 2799 1035 2850 121.
1052 2799 1130 2862 VIII,
1143 2800 1186 2851 35.
1204 2803 1252 2864 IX,
1271 2800 1334 2866 102)

791 2837 972 2935 reponenduin
991 2883 1050 2918 esee
1066 2870 1204 2919 existimat
1222 2871 1265 2921 vel
1277 2872 1335 2922 nul-

791 2941 825 2992 lis
849 2939 925 2989 libris
954 2937 1152 2988 addicentibus.
1193 2940 1247 2989 Pro
1273 2931 1335 2990 έπέ-

792 3022 901 3060 πανντο
915 3007 1187 3073 Schweighaeuserue
1202 3008 1336 3060 maluerat

792 3069 962 3130 έπεπαάατο.
997 3077 1070 3128 De'
1061 3093 1122 3143 rpsa
1143 3078 1230 3129 forma
1253 3084 1280 3130 et
1305 3080 1332 3130 h.

792 3151 810 3201 l.
836 3152 863 3198 et
887 3163 948 3213 cap.
972 3147 1006 3198 84
1032 3143 1244 3231 (πεπαυμένων)
1276 3149 1332 3201 vid.

792 3217 909 3272 Bredov.
921 3233 947 3284 p.
963 3219 1023 3270 344.
1055 3219 1150 3284 Neque
1163 3219 1234 3270 enim
1247 3219 1335 3271 forma

791 3285 965 3352 πέπαυσμαι,
978 3289 1025 3338 sed
1039 3287 1184 3353 πέπαυμαι
1193 3291 1334 3341 Herodoto

790 3359 905 3410 usitata.
941 3359 1043 3408 Vocem
1065 3348 1179 3422 ἕτοιμος
1199 3360 1335 3409 communi

792 3443 891 3494 genere
909 3427 942 3477 ah
958 3427 1098 3477 Herodoto
1116 3427 1237 3478 adhiberi
1263 3428 1335 3477 idem

792 3498 910 3549 Bredov.
933 3511 960 3560 p.
987 3495 1038 3546 273
1068 3511 1101 3546 ex
1125 3496 1154 3545 h.
1173 3495 1193 3547 l.
1221 3501 1248 3546 et
1272 3496 1335 3546 aliis

793 3567 862 3629 (111,
881 3569 924 3615 44.
952 3565 990 3627 V,
1009 3563 1054 3629 33)
1081 3565 1222 3626 observat,
1248 3581 1336 3629 neque

792 3642 884 3688 tamen
898 3638 1069 3696 constanter,
1088 3649 1149 3684 cnm
1161 3633 1335 3684 foemininum

793 3709 919 3759 occurrat
936 3705 992 3768 111,
1016 3704 1072 3755 123.
1091 3704 1155 3766 VII,
1175 3703 1233 3756 119.

946 3827 1012 3877 Ger.
1032 3825 1181 3876 LXXXIV.

828 3924 951 4014 Σάρδιες
964 3924 996 3978 δὲ
1007 3918 1120 4010 ἥλωμαν
1131 3915 1197 3998 ὦδε]
1210 3931 1337 3984 Formam

795 3996 919 4068 Σάρδιες
940 3999 1000 4066 (pro
1029 3992 1164 4065 Σάρδεις)
1182 4003 1262 4052 unice
1292 4019 1337 4053 re

794 4091 852 4126 ram
870 4071 995 4138 probant,
1014 4085 1084 4136 quae
1101 4071 1220 4123 Bredov.
1238 4089 1265 4139 p.
1285 4072 1336 4124 266

795 4143 897 4196 attulit.
939 4141 982 4192 Ad
1008 4141 1123 4192 sormam
1146 4157 1338 4208 τεσσερεσκαι-

795 4204 899 4294 δεκάτη
923 4212 960 4263 ct'.
981 4212 1140 4278 euudemp.
1159 4214 1224 4277 279,
1251 4218 1278 4264 et
1301 4213 1337 4262 ad

793 4275 956 4350 ηλωσανμ.
976 4253 1338 4348 612.Ιιι1111,116τεσ-

797 4351 1003 4436 σερεσιιαίδεκα.

830 4441 868 4492 τω
888 4415 991 4492 πράτιμ
1010 4414 1139 4491 ἐπιβάντι
1156 4436 1209 4472 τον
1199 4413 1338 4482 ’τείχεοςη
