3088 4922
217 279 279 342 540

651 284 919 348 HERODOTI

216 465 304 546 τιόν,
325 457 400 532 ἀλλ’
426 463 621 532 ἐκδίδονταί
633 487 669 531 τε
690 465 725 531 ol
741 465 889 549 συβιόται
911 463 967 532 καλ
981 459 1120 550 ἄγονται
1136 463 1169 546 ἐξ
1184 459 1350 552 ιἰλλήλων.

216 583 302 637 τοῖσι
318 569 380 656 μέν
394 593 460 644 νυν
473 563 603 636 ἄλλοισι
616 576 728 636 θεοῖσι
747 563 850 634 θύειν
865 556 905 646 ὗς
918 596 959 638 ου
948 564 1142 637 ’δικαιεῦσι
1158 567 1349 655 Αἰγύπτιοι,

218 668 352 760 Σελήνη
368 669 405 740 δὲ
421 671 477 738 καὶ
491 669 651 794 Διονύσῳ
665 669 818 768 μούνοισι
836 676 896 740 τοῦ
916 667 1021 741 αὐτοῦ
1040 670 1179 761 χρόνον,
1193 677 1235 762 τῇ
1248 668 1334 764 αὐτή
1319 677 1397 742 121

219 773 435 867 πανσελήνῳ,
453 771 531 854 τοὺς
544 763 584 855 ὗς
599 741 768 855 δήσαντες
782 777 959 846 πατέονται
974 780 1042 845 τῶν
1056 780 1175 864 κρεῶν.
1214 774 1298 845 διότι
1313 777 1351 846 δὲ

218 876 296 959 τούς
310 868 349 958 ὗς
364 877 450 948 ἐν
415 905 478 966 μιν
491 883 566 967 τήσι
584 874 733 968 αλλγγσι’
718 883 833 968 ορτήσι
849 876 1117 969 ἀπεστυγήκασι,
1143 908 1180 950 εν
1194 881 1231 950 δὲ
1247 879 1351 970 ταύτῃ

217 982 361 1069 θύουσι,
382 988 450 1052 ἔστι
466 981 529 1070 μλυ
547 981 643 1070 λόγος
657 983 734 1073 περὶ
748 979 853 1052 αὐτοῦ
866 977 926 1054 ὑπ’
945 990 1143 1072 Αἰγυπτίων
1156 983 1350 1074 λεγόμενος·

219 1168 332 1220 qnorum
357 1151 487 1203 librorum
512 1167 646 1202 consensu
664 1153 760 1218 proba-
811 1153 919 1205 Osiride
946 1169 1006 1218 cup.
1026 1153 1053 1204 8.
1083 1170 1146 1220 pag.
1170 1154 1275 1206 35:31³.
1300 1153 1352 1206 35⁴

218 1230 275 1276 tam
310 1220 421 1282 retinui,
456 1221 520 1272 licet
548 1223 665 1276 Bredov.
695 1238 759 1289 pag.
810 1225 920 1289 Aseq.‚
945 1221 990 1288 (do
1012 1239 1065 1288 quo
1088 1223 1148 1275 loco
1175 1224 1247 1276 coni.
1271 1225 1304 1276 R.
1326 1225 1351 1276 I.

219 1297 281 1348 329.
312 1259 474 1342 λιιδιδόόιτιιι
492 1293 673 1343 revocandum
699 1309 761 1344 cen·
811 1295 909 1346 Fruin:
927 1295 969 1344 De
985 1293 1304 1359 Μιιιε1λιοιι.8ο1ιιιιιιγ1.
1323 1311 1351 1359 p.

220 1361 678 1424 ιει1.Οοιι1.ιιο11.ιιδΙ,209.
717 1363 760 1414 Ad
814 1365 860 1416 141
876 1364 955 1430 seqq)
973 1365 1020 1416 ubi
1038 1379 1112 1415 suern
1131 1366 1215 1416 refert
1227 1365 1352 1416 sacerdo

217 1439 306 1502 ipsum
336 1436 525 1497 argumentum
553 1433 624 1497 quod
651 1434 760 1495 attinet,
812 1441 853 1486 tes
872 1435 1028 1485 existimare
1043 1435 1144 1484 animal
1160 1435 1274 1486 asacris
1288 1435 1352 1484 alie-

218 1507 336 1572 pertiuet
354 1503 405 1552 hoo
422 1502 458 1552 ad
472 1502 666 1568 Aegyptiorum
691 1503 762 1554 ordi·
812 1521 887 1566 num,
912 1505 1040 1570 quoniam
1057 1506 1173 1556 maxime
1191 1509 1271 1556 coeat
1286 1503 1352 1554 luno

218 1592 277 1638 nes,
297 1572 389 1639 quales
404 1573 505 1622 Noster
517 1578 642 1624 recenset
651 1573 689 1635 11,
709 1573 758 1624 104
810 1577 984 1627 decrescente
1007 1575 1180 1640 eiusdemque
1195 1575 1240 1625 lec
1257 1575 1352 1626 biben-

219 1647 422 1708 inseparatos,
441 1646 472 1692 ut
486 1642 587 1692 nullum
602 1643 759 1694 inferiorum
811 1647 883 1696 tibus
896 1645 998 1710 lepram
1014 1644 1110 1696 afferat
1128 1650 1210 1710 etque
1222 1645 1350 1695 scabiem.
1393 1652 1399 1660 ’

219 1715 343 1768 ordinum
362 1713 550 1764 commercium
567 1729 628 1764 cum
642 1715 761 1778 superio·
812 1716 891 1780 Quod
903 1731 966 1766 vero
979 1714 1061 1765 semel
1073 1716 1102 1764 in
1116 1715 1264 1779 plenilunio
1276 1730 1351 1764 suem

220 1787 310 1846 ribus,
329 1799 417 1850 neque
434 1782 520 1834 ullum
543 1784 705 1835 connubium
723 1785 761 1835 lo·
812 1788 940 1852 Aegyptii
949 1788 1067 1836 niuotent
1076 1786 1282 1850 comedantque
1300 1784 1352 1836 hoc

219 1873 279 1908 curn
298 1822 434 1906 imbuerit.
814 1857 848 1908 ud
868 1857 1025 1922 Typhonem
1044 1860 1181 1920 spectare,
1205 1857 1251 1921 qni
1272 1853 1352 1920 plena

255 1917 368 1991 Σελήνῃ
379 1917 411 1972 δὲ
424 1917 473 1972 κοιλ
485 1913 618 1990 Διοννσῳ
629 1915 763 1988 μοόνοισι
813 1927 879 1978 1ιιιιιι
895 1942 970 1978 suem
990 1941 1153 1991 persequens
1175 1925 1293 1992 ligneam
1311 1941 1352 1974 ar-

217 2013 244 2048 ιι.
264 2011 287 2046 τ.
307 1993 342 2060 λ]
358 1995 420 2044 Ηο0
437 2008 493 2043 000
511 1992 570 2043 1000
589 1994 760 2058 quodHero·
811 2013 883 2054 eam.
902 2013 954 2063 qua
972 1996 1087 2046 Osiridis
1105 2011 1202 2060 corpus
1218 1994 1353 2046 inclusum

219 2069 299 2118 dotus
320 2067 416 2115 Ιαιιιιιιι
434 2063 517 2113 reiert
530 2063 601 2113 inter
612 2063 760 2128 Aegyptio-

218 2153 277 2190 rum
290 2136 402 2186 numiua
414 2149 500 2198 aeque
514 2148 546 2184 ac
557 2132 639 2184 Solem
647 2133 685 2195 ΙΙ,
699 2135 758 2196 111,

219 2209 384 2260 Graecorum
396 2219 428 2253 ex
445 2219 519 2254 more
529 2203 684 2253 siclocutns
700 2218 761 2254 esse

219 2277 341 2336 videtur,
367 2273 500 2324 Graecum
524 2273 590 2323 deae
609 2289 707 2324 nornen
725 2273 760 2324 ιιδ

219 2349 247 2398 id
257 2343 451 2410 Aegyptiorum
468 2358 567 2393 numen
583 2343 760 2406 transferens,

220 2415 291 2482 quod
310 2417 410 2464 natura
427 2428 477 2462 sna
492 2411 527 2462 ad
544 2412 665 2463 Graecae
681 2413 761 2462 huius

221 2487 288 2538 deae
316 2483 372 2532 vim
395 2497 428 2532 ao
457 2485 619 2546 potestatem
645 2483 762 2534 maxime

220 2554 373 2608 secederetz
400 2557 431 2600 nt
453 2551 522 2602 adeo
547 2551 616 2603 haec
633 2553 708 2602 Luna
726 2553 760 2621 ab

221 2623 414 2678 Iside-Cerere
437 2619 521 2684 (coni.
548 2622 585 2683 ΙΙ,
612 2623 657 2683 41)
680 2623 723 2672 vel
744 2639 761 2672 ιι

219 2693 449 2748 Diana-Bubasti
468 2692 520 2756 (ΙΙ,
539 2691 583 2758 59)
597 2708 652 2742 non
669 2693 761 2744 admo·

220 2768 282 2818 dum
300 2763 426 2814 recedere
443 2762 578 2813 videatur.
613 2761 696 2813 Plura
714 2763 761 2814 de-

219 2836 346 2888 bitllirt:
363 2831 508 2883 Abhandll.
520 2831 546 2881 d.
556 2831 656 2883 Berlin.
670 2833 759 2884 Aliad.

219 2907 284 2958 hist.
297 2904 362 2970 phil.
374 2901 463 2953 Closs.
478 2902 542 2952 anni
558 2902 626 2953 1820
638 2907 665 2952 et
683 2902 759 2955 1821.

220 2993 282 3042 pag.
307 2959 354 3025 132
372 2988 447 3038 seqq.
485 2973 582 3022 Lunum
601 2971 678 3022 deam
696 2975 761 3023 sori-

218 3047 261 3097 bit
276 3045 410 3097 Eusebius
428 3043 556 3106 Praepur.
581 3043 688 3107 Erung.
707 3043 759 3106 ΙΙΙ,

221 3115 290 3167 12.’
283 3131 312 3164 ιιι
331 3112 459 3177 ilithyiue
480 3111 547 3162 urbe
570 3112 623 3162 coli
647 3128 680 3163 ee
701 3113 761 3164 avis

220 3184 325 3251 speeie,
351 3198 404 3248 qua
422 3183 450 3231 in
467 3181 545 3232 huius
569 3182 644 3232 urbis
669 3198 762 3234 monu-

219 3254 318 3305 mentis
328 3251 405 3302 deum
418 3251 509 3312 ll'r'berr,
520 3267 589 3318 quoe
600 3253 708 3314 dieitur,
722 3269 762 3304 re·

220 3326 422 3390 praesentatam
446 3320 582 3372 videmuer
610 3322 673 3372 huic
697 3339 761 3373 vero

220 3410 282 3446 sues
307 3408 367 3442 esse
389 3395 524 3442 mactatos
549 3391 593 3442 vel
621 3393 684 3442 inde
708 3392 762 3443 col-

219 3465 304 3531 liges,
325 3462 396 3528 qnod
413 3463 441 3511 in
459 3461 582 3526 sepulcro
602 3462 760 3526 sacerdotis,

219 3535 265 3602 qui
282 3533 407 3599 princeps
431 3531 621 3596 prophetarum
638 3537 761 3595 vocetur,

218 3607 290 3656 inter
305 3603 424 3654 eiusdem
449 3602 636 3666 possessiones
655 3607 762 3667 praeter

219 3675 274 3726 elis
292 3673 421 3724 animalia
439 3675 680 3722 commemorantur
698 3687 760 3722 sues

222 3746 296 3796 1500.
341 3741 447 3794 Monuit
466 3741 603 3807 Brugsoh:
633 3743 762 3793 Reisebe·

219 3815 298 3865 richt.
312 3829 362 3863 eus
382 3813 497 3877 Aegypt.
511 3828 537 3876 p.
549 3811 600 3864 223
611 3827 668 3876 seq.
678 3812 761 3863 Grae-

220 3901 267 3935 cos
284 3885 353 3934 haec
369 3897 412 3931 res
430 3882 581 3932 advertisse
598 3881 717 3944 videtur,
737 3883 760 3932 si

220 3954 327 4019 quidem
347 3957 443 4003 auctor
462 3956 503 4002 est
524 3951 653 4002 Aelianus
672 3952 707 4002 N.
726 3952 759 4002 Α.

219 4025 253 4085 X,
274 4023 319 4084 10,
344 4022 492 4086 Aegyptios
515 4022 597 4073 semel
616 4022 761 4086 quotannis

219 4094 314 4144 Lunae
328 4107 401 4140 suem
413 4091 566 4142 sacrificare
580 4091 673 4141 solitos
690 4107 762 4152 esee;

221 4161 298 4212 cuins
318 4160 398 4209 moris
423 4175 534 4220 causas,
561 4162 673 4212 turneb
699 4161 761 4212 aliis

220 4235 278 4280 tum
296 4229 330 4278 ab
346 4228 458 4280 Eudoxo
472 4199 593 4294 prolutas
611 4231 683 4281 idem
700 4231 762 4281 sub-

220 4299 319 4364 iungit.
362 4299 479 4348 Maxime
508 4315 572 4350 vero
600 4301 653 4350 lruo
679 4301 761 4365 perti·

221 4373 267 4418 net
290 4368 431 4420 Plutarchi
457 4368 533 4419 locus
558 4369 592 4420 de
616 4371 654 4420 Is.
679 4375 760 4434 atque

811 2068 908 2127 luerit,
927 2067 1061 2118 invenerit
1072 2065 1191 2150 illudque
1204 2066 1352 2116 disiecerit.

810 2140 862 2190 Est
880 2138 924 2187 hic
942 2134 1036 2200 procul
1061 2129 1178 2185 dubio
1165 2127 1242 2199 ιερδς
1259 2125 1351 2198 λόγος,

811 2224 890 2273 quem
909 2205 1065 2258 Herodotus
1087 2204 1219 2270 religione
1241 2205 1353 2268 impedi·

811 2283 855 2328 tus
874 2278 995 2342 proferre
1018 2275 1114 2326 noluit.
1151 2275 1264 2340 Spectet
1286 2289 1351 2324 vero

811 2348 877 2410 huc,
897 2351 1022 2397 monente
1041 2347 1083 2397 Or.
1103 2345 1235 2408 (Symbol.
1254 2345 1308 2395 111.
1324 2359 1352 2408 p.

813 2416 864 2470 332
884 2417 927 2468 ed.
951 2431 1005 2467 seo.
1024 2415 1085 2466 coll.
1106 2416 1154 2466 IV.
1173 2431 1237 2480 pag.
1256 2414 1290 2467 93
1308 2413 1352 2464 ed.

812 2486 900 2552 tert),
925 2487 1016 2551 imago
1039 2486 1090 2536 viri
1112 2501 1172 2536 cum
1195 2500 1256 2548 sue,
1283 2499 1353 2548 qnae

811 2559 839 2608 iu
852 2557 970 2608 Zodiaco
984 2557 1164 2620 Tentyrorum
1179 2555 1353 2620 conspicitur,

812 2631 939 2692 spectant
955 2627 1007 2678 huc
1023 2626 1186 2678 Graecorum
1200 2639 1288 2687 sacru,
1307 2625 1353 2689 qui

812 2697 913 2749 Bacchi
936 2697 964 2746 in
992 2697 1064 2747 festo
1093 2711 1168 2746 suom
1196 2695 1264 2745 hirei
1292 2693 1353 2744 loco

811 2756 933 2818 mactent
935 2765 1354 2831 ‚eodemqneiererelerriposse

811 2837 938 2888 videntur
956 2852 1033 2887 suum
1052 2833 1211 2886 suorilioiu'
1203 2851 1233 2884 ιιι
1247 2834 1353 2885 Cereris

812 2907 947 2973 mysteriis
966 2908 1080 2968 usitata,
1107 2905 1256 2970 dequibus
1274 2903 1353 2970 plura

810 2977 881 3028 idem
898 2979 941 3028 Cr.
960 2977 977 3027 l.
995 2976 1013 3027 l.
1031 2977 1080 3026 IV.
1098 2991 1161 3041 pag.
1182 2975 1234 3026 289
1256 2981 1282 3025 et
1301 2974 1353 3026 380

812 3063 868 3113 seq.
891 3047 933 3096 ed.
953 3051 1027 3108 tert,
1047 3047 1093 3110 qui
1116 3044 1200 3096 adh.
1218 3045 1352 3096 Herodoti

811 3117 900 3168 locum
926 3117 994 3167 haec
1020 3120 1160 3181 praeterea
1191 3115 1352 3180 adscripsit.

813 3187 994 3250 „Eustathius
1026 3185 1062 3236 ad
1087 3186 1187 3250 Odyss.
1211 3187 1270 3246 XX,
1303 3185 1353 3236 150

812 3273 888 3323 seqq.
905 3275 930 3322 p.
949 3258 1008 3319 121,
1026 3258 1061 3306 42
1080 3255 1122 3307 ed.
1133 3257 1196 3306 Bae.
1213 3254 1354 3306 attendere

812 3343 861 3378 nos
880 3328 956 3378 iubet
972 3328 1000 3376 in
1010 3327 1081 3378 sesto
1091 3341 1179 3376 novae
1192 3325 1287 3376 Lunae
1299 3334 1353 3376 trec

811 3413 869 3448 sues
890 3395 976 3461 (τρεῖς
998 3388 1123 3461 σιάλους)
1149 3395 1183 3444 ιλ)
1204 3394 1354 3445 Ithacensi-

812 3467 863 3518 bns
880 3466 1024 3518 immolari.
1056 3467 1144 3530 Atque
1158 3465 1256 3515 Veneri
1272 3463 1353 3529 (quae

812 3538 874 3602 ipse
898 3552 946 3602 pro
968 3538 1063 3586 Lunae
1087 3535 1138 3584 dea
1159 3533 1285 3598 habetur)
1304 3534 1353 3583 Ar-

813 3608 869 3671 givi
887 3623 961 3656 suem
978 3611 1114 3656 mactasse
1128 3605 1264 3654 dicuntur.
1280 3603 1352 3654 ‘Vid.

812 3677 952 3728 Isblonsk.
964 3676 1046 3726 Voce.
1059 3675 1189 3740 Aegypti.
1202 3691 1228 3738 p.
1242 3673 1306 3724 31.“

847 3775 998 3828 πατέονται
1023 3775 1079 3826 ταῖν
1102 3775 1205 3843 κρεῶν]
1228 3777 1261 3826 In
1284 3792 1353 3825 mar-

811 3849 873 3912 gine
889 3847 1002 3913 exempl.
1024 3847 1164 3912 Stephon..
1182 3846 1253 3912 quod
1271 3861 1354 3912 penes

812 3919 854 3970 Or,
875 3923 926 3980 est,
945 3917 1026 3968 doota
1044 3933 1140 3968 manus
1158 3917 1281 3982 appinxit
1298 3913 1353 3964 δα-

812 3987 940 4037 τέονται.
978 3988 1033 4039 Sed
1055 3987 1118 4038 vide
1139 3987 1173 4037 ad
1192 3987 1228 4048 11,
1252 3985 1295 4036 31.
1318 4013 1353 4022 -

812 4058 856 4108 Ad
873 4059 957 4109 verba
975 4049 1028 4106 οόκ
1050 4048 1272 4118 εόπριπέστερός
1296 4046 1353 4104 ἔστι

813 4125 887 4193 (soil.
905 4119 998 4204 λόγος)
1018 4123 1150 4191 λέγεσθαι
1165 4125 1236 4176 conl.
1250 4127 1289 4188 11,
1306 4123 1351 4176 40.

848 4220 926 4279 leel
937 4221 1190 4295 ταότυθόοιιαι),
1193 4227 1353 4279 Enstethius

812 4299 847 4349 ad
866 4300 965 4365 Odyss.
984 4299 1058 4356 x1x.
1083 4298 1144 4350 430.
1164 4315 1191 4364 p.
1213 4298 1263 4348 105
1281 4297 1355 4346 1ιι1ι·ιι

812 4369 896 4420 Basil.
915 4368 998 4434 (coni.
1018 4368 1117 4420 Athen.
1136 4385 1163 4433 p.
1183 4365 1293 4430 102).ο
1278 4358 1354 4415 οἶδέ
