3088 4922
552 256 804 320 EUTERPE.
826 257 869 316 ΙΙ.
891 267 936 321 42.

1250 251 1312 312 525

174 437 297 508 τούτου
316 432 576 528 κριοπρόσωπον
602 435 663 500 τοῦ
684 427 768 511 Διὸς
785 427 943 521 τῶγαλμα
963 435 1096 500 ποιεῦσι
1118 426 1311 517 Αἰγύπτιοι,

174 540 239 612 ιἰπὸ
278 541 316 610 δὲ
340 545 547 634 ιΑἰγυπτίων
570 533 767 624 Ἀμμώνιοι,
811 535 922 616 ἐόντες
956 540 1155 622 Αἰγυπτίων
1187 560 1224 603 τε
1256 533 1312 601 καὶ

179 645 361 716 Αἰθιόπων
380 641 533 723 ἄποικοι,
563 641 620 708 καὶ
642 635 763 728 φωνὴν
789 638 912 727 μεταξὺ
934 637 1136 729 ἀμφοτέρων
1157 644 1310 727 νομίζον-

138 766 256 830 tultos.
298 747 430 818 δοκέειν
450 743 484 816 δ’
508 745 597 834 ἐμοὶ,
625 743 681 810 καὶ
704 739 741 812 τό
761 739 890 832 οὔνομα
912 741 1092 832 Ἀμμώνιοι
1119 739 1184 812 ιἰπὸ
1213 741 1315 811 τοῦδέ

178 907 241 996 ροέν.
276 911 478 964 ΑιΙιΙ.Ρ1ιι(1ιιι.
501 911 556 975 1v,
578 910 624 961 121
649 909 720 976 (68):

177 979 209 1036 τὸ
220 975 394 1066 πάγχρυσον
414 996 502 1039 susce
524 977 617 1060 κριοῦ.

211 1047 268 1106 ἀπὸ
293 1045 397 1104 codron
420 1042 644 1118 κριοπρόσωπον
669 1044 722 1097 τοῦ

179 1118 249 1183 Διὸς
272 1113 402 1206 sequipes
419 1138 445 1172 ιι.
465 1138 488 1171 τ.
508 1119 545 1187 1.]
570 1121 631 1170 Ηοο
654 1118 721 1169 satis

180 1193 389 1277 explicaturus,
409 1207 478 1259 quoe
490 1190 573 1257 paulo
587 1195 652 1240 ente
665 1203 723 1239 mo-

183 1266 301 1316 nuimus.
319 1229 389 1316 Nanl
403 1263 548 1328 respicitur
560 1260 620 1312 eol'
612 1275 641 1310 ru
654 1259 723 1309 erie-

180 1336 216 1386 tis
232 1336 310 1400 signo
325 1332 438 1384 coelesti
453 1346 577 1383 versane.
601 1329 669 1380 Inde
681 1332 722 1379 tot

180 1404 376 1471 Aegyptiorum
386 1401 542 1470 anaglypha
551 1401 644 1451 Iovem
655 1401 723 1448 erie-

179 1476 238 1526 tine
257 1474 330 1525 fecie
352 1473 486 1539 insignem
503 1473 722 1537 repraesentant;

180 1545 243 1596 inde
276 1543 320 1594 vel
351 1543 463 1596 Graccis
492 1547 573 1592 notus
601 1540 724 1604 Iuppiter

182 1615 275 1666 arietis
294 1613 384 1679 capite
398 1619 480 1678 atque
493 1611 630 1662 cornibus.
662 1607 723 1660 vid.

182 1686 258 1736 Hirt-
271 1683 361 1734 Ueber
371 1683 563 1749 (legemtnnde
572 1681 620 1732 der
630 1683 725 1746 dgypt.

183 1755 337 1805 Konstetc.
352 1767 416 1819 peg.
431 1755 479 1804 125
496 1767 553 1816 seq.
589 1748 725 1815 Seyfferth

183 1825 201 1876 l.
221 1824 240 1875 l.
259 1837 322 1888 pag.
343 1823 392 1874 142
411 1837 501 1887 seq.,
504 1822 607 1884 ,lovem
619 1822 726 1870 Ammo·

183 1909 244 1944 nem
262 1892 334 1958 quod
352 1893 465 1956 attinet,
485 1891 518 1941 de
537 1892 596 1942 eius
614 1888 724 1954 templo,

183 1962 256 2029 quod
280 1962 381 2013 Thebis
404 1971 461 2027 est,
486 1961 541 2012 vid.
565 1960 726 2012 Strabonem

183 2033 273 2084 XVII.
285 2047 348 2099 pag.
364 2032 415 2082 815
429 2047 451 2082 s.
464 2031 513 2082 597
525 2030 625 2081 Taech.
655 2029 726 2091 Quo-

185 2119 244 2154 cum
268 2101 454 2167 componendo
476 2107 518 2151 est
536 2100 672 2165 Descript.
692 2099 727 2149 dc

184 2173 305 2238 l'Egypt.
313 2172 423 2238 Antiqq.
435 2169 488 2222 vol.
500 2171 538 2222 11.
549 2186 576 2236 p.
588 2171 725 2234 conseqq.

184 2243 315 2294 Nimirum
338 2242 412 2292 Iovis
435 2241 574 2292 Ammonis
597 2239 727 2304 templum

184 2312 316 2378 hodieque
333 2317 457 2377 superest
474 2311 503 2360 in
517 2310 671 2360 Thebarum
688 2323 728 2360 re-

184 2383 286 2448 liquiis,
305 2382 443 2433 meridiem
455 2395 550 2432 versus
564 2395 648 2446 prope
659 2380 728 2430 Kar-

184 2453 249 2505 uak.
276 2453 309 2502 In
322 2452 379 2503 cias
390 2452 448 2502 iani
462 2451 539 2502 aditu
550 2450 678 2516 utrinque
690 2449 729 2499 lo·

185 2524 241 2574 cati
256 2527 334 2573 erant
351 2521 450 2574 cristes
465 2519 574 2587 plurimi
585 2536 618 2571 ex
631 2518 728 2586 grandi

185 2592 288 2658 lapide,
312 2607 425 2658 quorum
446 2591 580 2657 hodieque
597 2589 671 2640 haud
688 2590 729 2639 ita

186 2663 267 2728 pauci
297 2662 394 2728 reliqui
429 2666 503 2714 suut.
557 2660 730 2712 Recumbunt

187 2733 330 2798 sphingum
348 2733 376 2782 in
388 2747 504 2794 morem,
523 2735 648 2796 gerentes
663 2735 728 2780 ante

186 2807 298 2868 pectore
316 2801 360 2852 dei
375 2802 572 2868 anaglyphum,
596 2801 625 2850 in
643 2800 728 2850 mani-

188 2873 237 2922 bus
256 2877 374 2921 tesseras
393 2886 496 2923 sacres.
533 2870 638 2921 Ibidem
664 2875 729 2920 ente

188 2955 315 3006 megnum
338 2940 469 3005 palatium
492 2945 616 3006 superest
639 2940 729 3005 sphin-

188 3025 252 3076 gum
270 3025 356 3075 genus
374 3010 490 3076 grande,
509 3011 550 3061 ita
567 3009 729 3076 composite.-

187 3095 255 3142 rum,
274 3084 305 3129 ut
323 3079 431 3130 leonino
450 3082 556 3145 corpori
573 3079 730 3145 impositum

188 3151 224 3199 sit
241 3154 324 3214 ceput
340 3149 444 3200 arietis.
463 3149 525 3200 Vid.
540 3149 607 3200 ibid.
626 3166 653 3214 p.
667 3150 727 3200 201.

188 3221 250 3271 254.
274 3219 306 3284 In
318 3219 416 3284 quibus
427 3219 557 3285 symbolis
569 3219 665 3270 iisdem
676 3219 730 3269 riri

189 3289 263 3339 docti
275 3304 335 3339 eam
347 3290 510 3339 sententiam
521 3290 611 3341 inesse
625 3289 729 3352 volunt,

188 3363 220 3409 ut
237 3359 302 3410 solis
321 3358 486 3410 domicilium
501 3360 531 3410 iu
546 3360 624 3426 signo
637 3360 729 3410 arietis

189 3429 366 3495 significetur.
407 3430 464 3480 Nec
491 3429 579 3480 minue
603 3445 731 3496 magnum

187 3497 316 3565 templum
334 3499 462 3564 Letopoli
479 3497 574 3566 (Esne)
594 3499 731 3551 residuum

188 3571 264 3620 Iovis
281 3570 420 3620 Ammonis
439 3569 525 3620 fuisse
547 3571 729 3636 suspicantur.

189 3642 228 3692 llo
256 3639 462 3705 frequentantur
485 3641 514 3690 in
543 3655 574 3692 eo
605 3640 662 3690 eius
687 3639 730 3689 dei

188 3711 329 3775 imagines,
338 3725 388 3760 nec
397 3710 484 3760 miuus
495 3711 628 3776 imugines
640 3709 730 3774 sphin-

188 3780 230 3844 gis
245 3779 368 3844 virgineo
382 3781 472 3845 cupite
487 3779 644 3845 insignitae.
666 3777 729 3830 Vid.

189 3848 255 3901 ibid.
277 3848 331 3900 vol.
351 3849 511 3915 I.cap.10.
530 3865 557 3915 p.
574 3850 619 3900 7.“
650 3847 730 3900 Oreu-

190 3933 244 3968 aer.
271 3918 373 3970 Comm.
396 3918 517 3970 Herodd.
540 3934 568 3984 p.
599 3917 644 3969 1111
671 3923 728 3969 not.

189 3987 270 4038 Hunc
283 3989 362 4040 deum
375 3988 463 4039 forma
475 3988 593 4038 humans
605 3987 653 4038 sed
665 3988 732 4039 aric-

190 4057 247 4106 tino
270 4059 360 4122 capite
382 4058 545 4109 cornibusve
570 4058 733 4108 instructum

190 4126 234 4176 vel
249 4128 352 4176 etiam
344 4142 406 4192 ipse
419 4127 512 4177 arietis
529 4127 617 4178 forma
628 4142 734 4193 reprae-

191 4193 327 4246 scutetum
340 4197 466 4247 exhibent
481 4202 654 4247 monuments
665 4198 735 4248 The-

190 4263 271 4327 bena,
291 4281 360 4330 quae
374 4281 478 4315 omnem
491 4267 549 4316 eius
561 4266 672 4329 cultum,
692 4281 735 4316 ss-

191 4347 251 4396 crs,
285 4335 371 4396 testa,
405 4332 460 4384 elie
488 4335 644 4386 ostendunt.
691 4335 734 4388 Oi.

772 911 942 962 Willrineon:
966 911 1094 961 Menners
1113 914 1165 961 etc.
1186 925 1241 960 sec.
1260 923 1312 958 ser.

772 981 826 1034 111.
839 981 882 1032 Pl.
894 983 937 1032 22.
956 981 1053 1031 Roeth.
1071 980 1090 1030 l.
1108 981 1128 1030 l.
1144 983 1216 1030 nott.
1228 994 1255 1044 p.
1268 977 1312 1028 111.

773 1052 913 1118 Aquibus
935 1051 976 1102 ite
994 1050 1110 1102 discedit
1125 1051 1235 1100 Bunsen
1256 1046 1275 1099 l.
1293 1046 1313 1098 1.

773 1138 836 1188 pag.
849 1121 910 1174 3119.
924 1121 975 1173 374
989 1137 1057 1187 seq„
1076 1125 1107 1170 ut
1125 1119 1203 1170 deum
1220 1117 1314 1168 cristis

773 1193 864 1258 capite
882 1193 1044 1242 instructum
1068 1203 1127 1240 esse
1151 1193 1257 1240 statuet
1274 1185 1315 1236 Nu

774 1260 1145 1325 neminemneminer
1165 1257 1314 1310 Thebaidis

774 1279 867 1396 licum,
894 1330 1100 1382 discernendum
1124 1345 1141 1379 a
1166 1329 1233 1379 love
1255 1328 1316 1378 Am-

774 1403 877 1465 monio,
896 1416 976 1468 quem
989 1399 1144 1452 Thebarum
1162 1399 1241 1450 deum
1256 1412 1316 1448 esse
1378 1421 1379 1424 ι

773 1472 972 1620 vallensium,
996 1531 1089 1598 ἐόντες
1106 1535 1269 1606 Αἰγυπτίων
1287 1551 1316 1586 τε

774 1609 823 1663 ecl
833 1578 1015 1661 Αἰθιόπων
997 1625 1114 1660 αποιιιοι
1124 1626 1149 1660 ιι.
1162 1627 1185 1661 τ.
1195 1609 1219 1659 1.
1221 1607 1231 1676 ]
1245 1610 1317 1660 Ana·

776 1681 885 1749 glypbis
908 1681 976 1732 heec
998 1681 1108 1748 probari
1130 1686 1223 1732 censet
1241 1680 1317 1730 Hirt.

776 1753 795 1805 l.
817 1752 836 1804 l.
855 1765 919 1817 pug.
938 1751 996 1802 1211.
1034 1751 1141 1817 Quippe
1166 1749 1238 1817 apud
1255 1751 1317 1801 Am-

776 1824 881 1874 moniou
905 1836 1012 1886 quoque
1029 1837 1125 1872 navem
1148 1836 1254 1872 sacram
1277 1833 1317 1870 re-

776 1893 874 1958 periri,
899 1905 969 1956 quae
987 1907 1041 1942 nou
1059 1893 1113 1942 nisi
1135 1908 1149 1942 e
1167 1891 1268 1942 Thebis
1286 1889 1318 1938 il-

775 1961 820 2013 luc
837 1961 929 2012 afferri
951 1963 1079 2026 poluerit.
1124 1964 1166 2013 Ex
1184 1959 1318 2012 Herodoti

777 2037 867 2083 autem
895 2029 956 2081 loco
984 2032 1037 2083 hoc
1071 2030 1175 2098 colligit
1200 2033 1315 2082 Heereu.

777 2102 872 2166 (Idcen
891 2105 944 2152 etc.
963 2102 1006 2164 11,
1024 2104 1049 2153 2.
1069 2118 1133 2170 pag.
1151 2099 1213 2166 911),
1236 2115 1318 2152 unam

776 2172 901 2239 primitas
920 2171 1008 2222 videri
1027 2172 1113 2223 luisse
1131 2171 1319 2238 Aethiopicam

778 2249 860 2309 atque
870 2243 1034 2308 Aegyptiam
1045 2241 1175 2308 lingnam,
1186 2246 1234 2292 aut
1246 2247 1319 2292 certe

778 2317 938 2433 tzhztl’
958 2311 1319 2434 1211111121

778 2453 838 2518 pla,
856 2457 939 2503 notae
951 2451 1184 2520 hieroglyphicas,
1206 2451 1320 2518 anagly-

778 2523 833 2589 pha
849 2522 878 2571 in
889 2521 1050 2588 Aethiopiae
1066 2524 1231 2592 regionibus,
1250 2536 1320 2588 quae

779 2608 864 2658 nuper
881 2593 1025 2658 Aegyptiis
1049 2594 1184 2644 simillima
1208 2595 1320 2643 inventa

779 2668 853 2713 suut.
890 2661 969 2713 Ocni.
993 2667 1063 2714 nott.
1088 2664 1122 2714 ed
1140 2665 1182 2720 ΙΙ,
1200 2663 1243 2714 211.
1279 2663 1319 2711 Ac

778 2736 896 2783 testetur
912 2733 1115 2784 recentissimus
1132 2733 1321 2798 peregrinator

779 2803 812 2853 de
823 2802 950 2853 Minutoli
963 2803 1057 2868 (Reice
1071 2817 1131 2853 aum
1142 2801 1253 2866 Tempel
1267 2805 1320 2851 etc.

779 2889 806 2938 p.
824 2871 858 2922 hl
882 2877 910 2922 et
926 2872 1082 2938 Nachtrilge
1105 2887 1152 2922 aur
1168 2873 1248 2922 Reice
1266 2875 1320 2918 etc.
1417 2879 1425 2898 ·

778 2957 844 3008 pag.
864 2941 940 3007 106),
958 2943 1104 2992 etiamnum
1121 2941 1321 2991 Ammoniornm

779 3011 901 3076 linguam
918 3013 1030 3061 mixtam
1053 3011 1191 3061 viderier
1211 3008 1322 3060 Aethio-

779 3082 842 3148 pica
872 3085 900 3130 et
928 3082 1077 3148 Aegyptio,
1112 3079 1322 3144 Ammoniosque

779 3153 854 3217 ipsos
864 3157 1068 3216 repraesentare
1079 3150 1321 3216 physiognomism,

780 3236 862 3287 quam
874 3221 977 3284 dicunt,
990 3235 1054 3272 rere
1065 3220 1261 3286 Aethiopicam,
1272 3219 1323 3268 he·

781 3292 936 3358 gyptiisque
954 3306 1014 3342 esse
1027 3292 1114 3357 magis
1128 3291 1234 3342 rubros.
1265 3289 1322 3338 Nec

781 3362 873 3412 omisit
889 3361 1023 3412 Herodoti
1048 3361 1232 3411 testimoninm
1250 3359 1323 3408 Hen-

780 3431 898 3483 richsen.
919 3431 966 3494 (de
983 3431 1128 3482 Phoenicis
1146 3430 1231 3481 fabul.
1250 3433 1322 3493 part.

782 3501 822 3553 11.
845 3517 907 3568 pag.
929 3503 1020 3566 lseq.
1040 3502 1131 3551 Havn.
1153 3501 1246 3562 1821),
1270 3513 1323 3563 qao

782 3575 958 3635 monstraret,
986 3569 1132 3621 abeodem
1150 3569 1322 3619 sacerdotum

782 3640 884 3705 ordine,
905 3642 949 3692 cui
951 3609 1108 3706 Aethiopia
1125 3639 1252 3689 instituta
1269 3636 1324 3687 cul-

782 3715 893 3777 tumque
912 3710 1022 3784 debeat,
1046 3712 1199 3775 Aegyptum
1217 3721 1323 3773 qnoque

781 3781 846 3831 deos
871 3795 935 3832 suos
958 3795 991 3830 ac
1015 3795 1095 3830 rscra
1112 3778 1263 3843 accepisse,
1290 3792 1324 3825 ac

782 3851 867 3915 primo
887 3849 993 3916 quidem
1011 3849 1134 3913 Thebas,
1158 3848 1205 3898 ubi
1223 3845 1264 3895 illi
1282 3859 1324 3895 sa-

782 3919 906 3971 cerdotes
932 3919 1119 3980 consederint,
1143 3933 1191 3983 per
1216 3916 1325 3966 uuiver-

783 4005 840 4040 ssm
852 3989 1005 4055 Aegyptum
1015 4005 1078 4039 mox
1091 3956 1183 4038 dlsleti.
1207 3987 1249 4036 De
1259 3985 1324 4036 Iove

783 4061 925 4111 Ammonio
943 4059 994 4109 boc
1013 4059 1125 4126 eiusque
1142 4055 1232 4108 sede'
1225 4071 1253 4104 ιιι
1271 4069 1325 4105 me·

784 4128 836 4179 diis
849 4129 954 4194 Libyae
967 4129 1082 4179 desertis
1101 4128 1154 4177 sita
1172 4131 1201 4176 et
1215 4123 1325 4176 oraculo

784 4199 858 4248 coni.
876 4214 958 4278 supra
976 4199 1014 4260 II,
1033 4197 1067 4249 32
1085 4197 1176 4262 ibique
1189 4199 1260 4246 nott.

819 4260 1022 4333 καὶφωνὴν-
1032 4263 1361 4331 νομίζοντεο]1.ο.’

785 4337 984 4400 ἰπιωιιὴιιὸοιιί,
1004 4343 1113 4386 utantur.
1134 4333 1213 4386 Ooui.
1229 4334 1252 4398 1,
1268 4333 1325 4384 131.
