3020 4930
246 285 308 350 870
642 281 908 348 EXOURSUS
931 284 980 342 IX

246 482 273 534 p.
293 466 341 522 117
359 479 437 532 sqq:
463 459 585 514 declarat
603 459 649 512 illa
669 475 762 528 pacem
781 461 810 510 et
832 456 930 510 foedus
945 456 1020 510 inter
1038 455 1172 524 llumsen,
1197 454 1317 526 Aegypti
1338 473 1382 508 re·

247 565 320 616 gem,
342 551 370 600 et
389 545 588 600 Chaldaeorum
609 543 775 614 prinoipem,
797 542 845 612 qui
863 560 955 612 pacem
976 559 1026 612 per
1043 540 1150 610 legatos
1172 541 1257 610 petit,
1282 541 1382 594 ineun-

247 632 324 699 dum,
340 631 521 700 singulasque
536 629 618 682 buius
634 629 754 682 foederis
775 627 948 681 conditiones
963 626 1099 696 utrimque
1114 626 1282 694 servandus,
1304 626 1383 680 eddi-

247 717 284 769 tis
305 733 416 786 quoque
439 732 532 768 eurum
553 715 674 782 gentium
691 713 860 781 nominibus,
882 729 954 783 quse
975 729 1033 766 cunr
1049 710 1195 764 Chaldaeis
1216 711 1383 766 coniunctae

247 801 363 855 luerint.
397 800 480 854 Coni.
497 799 612 854 eundem
628 819 654 869 p.
674 803 725 858 158
739 817 819 868 seqq.

332 883 373 938 Ab
396 885 523 938 orientali
538 884 596 937 Nili
612 884 674 954 ripa
688 883 722 936 ad
741 882 853 936 alteram
868 881 1055 950 transgressis
1073 880 1193 932 occurrit
1214 880 1289 933 inter
1303 881 1381 934 vicos

247 969 446 1025 Medinet-Abu
468 975 496 1022 et
513 970 629 1022 Gurnab
649 973 850 1022 monumentum
872 985 896 1019 s.
918 967 1046 1037 palatium
1066 965 1333 1036 praestantissimum
1355 973 1384 1019 et

247 1055 454 1126 amplissimum,
477 1054 551 1124 quod
572 1071 632 1108 cum
653 1054 687 1106 nd
704 1052 823 1106 Rernsen
846 1053 918 1105 bunc
935 1052 1073 1121 pertineat
1096 1055 1179 1120 etque
1200 1051 1234 1102 eb
1250 1051 1301 1103 boc
1319 1052 1382 1120 ipso

247 1145 415 1194 exstructum
436 1139 578 1205 videntur,
608 1141 777 1194 Rumsereion
798 1156 822 1190 s.
845 1138 1002 1192 domicilium
1025 1136 1128 1192 llumsir
1146 1135 1208 1188 iure
1228 1135 1383 1206 meritoque

247 1226 358 1280 vocavit
378 1224 513 1278 Rosellini
537 1227 585 1294 (p.
599 1228 651 1284 1111
674 1224 771 1294 seq),
798 1239 857 1276 cum
878 1227 960 1274 untes
980 1221 1070 1274 minus
1089 1225 1164 1273 recte
1181 1237 1198 1272 a
1217 1221 1383 1290 quibusdum

247 1311 430 1366 Memnonium
452 1313 613 1375 nuceretum
641 1309 670 1362 id
684 1327 751 1362 vero
772 1307 861 1377 ipsum
881 1307 952 1360 idem
966 1325 1029 1360 esse
1045 1311 1127 1376 atque
1146 1307 1324 1375 Orymnadyue
1339 1325 1384 1360 ee·

247 1395 383 1465 pulcrum,
404 1394 479 1465 quod
499 1393 639 1446 Diodorus
663 1392 814 1462 descripsit
834 1392 857 1461 1,
878 1395 914 1450 47
928 1411 1008 1462 sqq,
1027 1391 1128 1444 dudum
1152 1391 1307 1444 docuerunt
1327 1391 1382 1444 viri

246 1476 384 1546 docti*)‚
412 1479 460 1549 qui
482 1494 554 1548 quae
580 1477 668 1531 adbuc
690 1481 844 1547 supersunt
865 1477 948 1530 buius
977 1475 1094 1530 aedilicii
1117 1481 1226 1545 partes,
1254 1491 1314 1528 cum
1335 1475 1382 1544 iis,

247 1581 318 1634 qnae
339 1563 435 1616 retulit
454 1563 606 1630 Diodorus,
631 1567 758 1616 accurate
781 1561 972 1628 contulerunt,
994 1560 1176 1614 dissentiente
1198 1560 1307 1630 quidem
1328 1561 1382 1614 Le-

247 1641 430 1715 tronnio**)‚
454 1647 518 1717 qui,
540 1664 611 1716 qnae
627 1648 767 1702 Diodorus
784 1647 884 1713 refert,
908 1647 942 1698 ud
957 1645 1066 1700 tabulas
1083 1649 1111 1698 et
1124 1653 1272 1698 commenta
1288 1663 1383 1698 secer-

247 1735 340 1786 dotum
362 1732 484 1800 relegato
505 1731 580 1784 vult:
606 1749 679 1786 nunc
700 1749 781 1802 vero,
804 1730 850 1784 ubi
872 1731 962 1800 ipsum
977 1729 1268 1785 Sesostridie-Ramsis
1283 1749 1383 1784 nomen

247 1819 388 1871 inventum
411 1823 455 1870 est
476 1816 504 1868 in
526 1817 577 1868 boc
596 1821 787 1885 monumento,
811 1816 845 1868 ad
861 1816 935 1886 quod
949 1816 1064 1869 Diodori
1085 1815 1297 1885 descriptionem
1318 1833 1383 1885 spe-

247 1909 322 1956 ctare
347 1907 475 1956 accurata
496 1901 585 1970 ipsine
607 1902 689 1955 buius
711 1901 877 1954 monumenti
898 1901 1064 1970 perquisitio
1088 1899 1183 1952 docuit
1193 1894 1272 1966 m),
1298 1905 1384 1970 utque

246 1987 368 2042 eiusdem
384 1987 460 2055 regis
475 1986 600 2038 facinore
614 1988 642 2040 in
657 1987 810 2058 parietibus
827 1985 967 2055 insculpta
982 1987 1242 2056 repraesententur,
1259 1985 1383 2038 dubitari

246 2073 292 2127 vix
304 2072 416 2142 poterit,
432 2071 466 2124 ad
480 2087 563 2124 unurn
575 2072 647 2124 bunc
661 2089 754 2140 regem
765 2069 863 2124 reterri
878 2088 962 2140 posse
977 2071 1027 2124 boc
1041 2075 1251 2136 monumentum,
1270 2071 1383 2140 quodsi

246 2175 263 2210 ιι
278 2157 400 2210 Diodoro
417 2156 610 2224 Osymandyue
627 2157 735 2210 nomine
750 2155 935 2223 significetur,
951 2155 1021 2208 satis
1036 2155 1065 2208 id
1079 2173 1112 2208 eo
1127 2153 1289 2224 explicatur,
1308 2155 1385 2224 qnod

247 2240 561 2295 Sesostridenr-llamsen
575 2243 662 2312 filium
677 2242 750 2312 (dei)
767 2241 892 2294 Mondou
909 2239 969 2292 sive
985 2241 1135 2295 Mondouei
1153 2239 1180 2292 in
1203 2238 1273 2307 ipsis
1290 2238 1383 2308 Aegy·

246 2327 365 2398 ptiorum
382 2326 563 2379 monumentis
579 2326 732 2396 praedicari
747 2325 886 2394 videmus,
909 2325 982 2378 unde
999 2343 1096 2378 nomen
1120 2322 1271 2376 aDiodoro
1290 2325 1383 2393 prole·

246 2419 302 2464 tum
319 2415 443 2463 exortum
458 2428 521 2463 esse
536 2427 612 2462 nemo
635 2428 689 2462 non
707 2409 789 2463 ridet.

330 2495 407 2546 Haec
423 2494 512 2547 omnia
528 2512 561 2546 ex
576 2495 656 2565 ipsis,
673 2511 744 2564 quae
762 2494 851 2546 adhuc
864 2499 1025 2564 supersunt,
1041 2491 1209 2546 Sesostridis
1223 2509 1384 2548 monumen·

245 2579 282 2632 tis
299 2596 385 2648 aeque
408 2577 491 2630 ducta
513 2583 595 2647 atque
620 2599 634 2632 e
658 2579 823 2648 scriptorum
840 2583 966 2632 veterum
986 2579 1040 2632 lide
1061 2578 1206 2645 dignorum
1226 2577 1385 2631 tesimeniis

247 2663 316 2718 sutis
331 2663 484 2730 docebunt,
508 2663 574 2733 qnid
588 2663 622 2718 de
639 2663 675 2716 iis
691 2663 864 2724 sentiendum
882 2664 934 2732 sit,
956 2663 1003 2734 qui
1018 2664 1053 2716 nd
1068 2659 1175 2716 fabulas
1191 2667 1239 2714 eut
1262 2664 1385 2716 carmine

246 2748 324 2820 epioe
345 2765 369 2800 s.
391 2747 504 2816 gentilis
526 2749 625 2801 referri
647 2749 761 2816 volunt,
788 2765 858 2819 quae
880 2749 913 2801 de
930 2748 1086 2802 Sesostride
1107 2746 1250 2800 memorias
1271 2748 1385 2818 prodite

246 2839 313 2888 sunt
327 2849 343 2884 s
358 2832 541 2902 scriptoribus
557 2833 716 2886 veteribus:
740 2851 857 2903 quorum
874 2852 889 2887 e
906 2849 1018 2886 numero
1034 2849 1117 2886 unum
1133 2829 1291 2899 Augustum
1309 2833 1383 2885 Gni-

247 2918 354 2972 lelmum
375 2917 408 2970 de
423 2917 590 2986 Scblegel†)
612 2918 655 2970 bie
676 2917 804 2971 attulisse
825 2918 965 2986 sufficiet,
991 2918 1039 2988 qni
1059 2915 1201 2989 (lndiscbe
1223 2915 1384 2970 Bibliotbek

245 3003 412 3072 1‚4.p.411
430 3003 524 3072 seqq.)
541 3020 644 3056 omnem
660 3003 869 3056 deSesostridis
887 3003 971 3056 rebus
989 3001 1173 3056 narrationem
1187 2999 1305 3054 fluxisse
1322 3002 1383 3071 opi·

246 3093 329 3142 netur
345 3103 378 3139 ex
394 3087 497 3156 epicis,
514 3105 585 3156 quoe
602 3089 698 3157 lingit,
716 3087 913 3158 Aegyptiorum
929 3087 1103 3152 carminibus,
1120 3086 1167 3156 qui
1182 3084 1226 3138 vel
1242 3104 1275 3140 ex
1290 3086 1382 3154 ludis,

245 3172 318 3226 unde
338 3171 367 3222 in
384 3169 538 3241 Aegyptum
557 3172 618 3224 olim
641 3174 870 3242 immigraverint,
896 3173 962 3225 baec
979 3173 1008 3225 in
1028 3188 1114 3224 novae
1131 3171 1213 3224 sedes
1230 3188 1323 3224 secum
1340 3179 1383 3224 at-

244 3256 376 3322 tulerint,
406 3255 571 3325 lndicasque
590 3257 698 3310 tabulas
721 3257 748 3308 in
772 3257 937 3326 Aegyptium
965 3275 1055 3326 regem
1076 3253 1285 3324 transtulerint3
1320 3274 1382 3310 curu

246 3357 317 3411 qnae
333 3339 367 3390 de
382 3337 540 3392 Sesostride
557 3340 639 3409 vulgo
662 3345 825 3410 narrentur,
847 3348 901 3394 tam
917 3343 1021 3395 absona
1035 3342 1092 3394 sint
1107 3346 1135 3392 et
1150 3341 1184 3391 ab
1200 3339 1271 3393 omni
1288 3358 1381 3396 rerurn

246 3425 365 3490 veritate
381 3441 497 3492 prorsus
513 3425 616 3495 aliena,
638 3435 668 3478 nt
683 3425 743 3478 lieri
759 3427 968 3498 haudquaquam
988 3425 1033 3478 ille
1050 3425 1177 3496 poluisse
1193 3425 1381 3480 existimemus

250 3527 367 3564 necesse
384 3509 430 3560 sit.
464 3508 495 3561 In
512 3510 613 3579 quibus
637 3510 795 3564 refellendis
811 3509 892 3564 nolim
908 3529 1017 3584 operam
1037 3509 1179 3580 oleumque
1194 3509 1328 3579 perdere;
1352 3512 1382 3564 id

244 3596 339 3665 potius
362 3593 488 3660 afferam,
511 3595 585 3664 qnod
608 3596 642 3648 ad
656 3595 824 3649 Herodotum
848 3597 934 3664 magis
955 3597 1076 3668 pertinet
1094 3595 1128 3648 de
1143 3594 1302 3648 Sesostride
1322 3601 1381 3650 tre-

244 3681 368 3732 dentem:
393 3677 481 3730 videri
496 3679 559 3732 mihi
575 3697 621 3748 ea,
645 3697 716 3749 qnae
735 3697 795 3750 cap.
813 3687 864 3740 102
886 3681 919 3733 de
941 3681 1046 3736 bellicis
1068 3679 1291 3751 expeditionibus
1313 3698 1381 3750 pro-

244 3765 364 3830 duntur,
388 3762 503 3816 eundem
524 3763 610 3818 locum
631 3769 741 3832 tenere,
768 3771 850 3834 atque
870 3783 917 3832 ea,
944 3784 1015 3837 quse
1036 3765 1109 3836 epod
1130 3765 1254 3817 Tacitum
1279 3764 1381 3818 Annel.

312 3893 339 3958 t)
364 3893 466 3944 Zollois
489 3899 516 3946 et
539 3894 681 3946 Divilliers
705 3895 844 3960 Descript.
872 3894 905 3945 de
927 3894 1048 3960 l'Egypt.
1074 3893 1186 3958 Antiqq.
1213 3893 1247 3943 Τ.
1265 3893 1279 3943 1
1306 3893 1380 3958 (De-

245 3965 340 4029 script.
359 3962 469 4028 general
487 3964 656 4016 desTbbbes
678 3963 790 4028 chapp
784 3963 903 4082 ,καφ
897 3981 943 4030 ..p
959 3961 1029 4028 121).
1054 3961 1376 4014 Guilblem.del'1toad.

245 4034 439 4098 desIneoript.
461 4035 493 4084 T.
514 4034 770 4099 V111.p..131sqq
790 4033 869 4084 Philo
854 4049 924 4100 o.og
944 4033 1023 4086 XIII.
1043 4033 1117 4098 p89
1130 4047 1206 4097 seqq

310 4101 354 4164 **)
373 4103 453 4154 ilem.
473 4103 505 4154 de
523 4103 628 4154 leed.
648 4103 675 4153 d.
694 4104 780 4154 lusor.
800 4104 886 4168 1X.p
889 4104 970 4156 .317.

286 4169 371 4290 ᾖξ’)
398 4171 439 4224 Oi.
466 4172 671 4239 Ohempollion:
695 4173 804 4224 Lettres
827 4171 927 4224 doritee
946 4173 1083 4238 d'Egypte
1106 4175 1135 4222 et
1158 4170 1191 4220 de
1206 4167 1297 4220 Nubis
1321 4175 1377 4222 etc.

355 4256 413 4302 sn

243 4253 708 4378 ρ’11ι1ιῑ1011ιι111ῃ1,0111111
727 4311 922 4364 Rosellinild.
938 4329 963 4377 p.
975 4311 1034 4364 228.
1053 4310 1214 4376 Brngscbp.
1226 4307 1278 4362 288
1294 4325 1374 4376 seqq.

311 4375 340 4440 †)
360 4329 553 4444 adstipuletur·
571 4379 688 4433 Bohlen.
709 4382 767 4432 Dus
787 4381 842 4433 ulte
860 4382 966 4434 ludien.
985 4382 1007 4432 Ι,
1027 4397 1054 4446 p.
1070 4382 1115 4432 121
1133 4395 1209 4446 seqq
