3088 4944
617 276 744 340 OLIO.
766 278 792 338 Ι.
816 285 876 342 185.

1249 278 1312 342 367

179 450 217 520 δὲ
239 443 379 520 iuerat
401 445 545 536 ποταμὸς
568 446 633 518 ἀνὰ
651 447 689 518 τὸ
711 454 829 520 πεδίον
843 454 912 520 πᾶν
932 457 1133 538 πελαγίζειν.
1163 447 1205 522 ‘H
1215 451 1253 522 dt
1268 449 1380 541 disee

180 552 341 640 δεύτερον
357 550 521 640 γενομένη
541 551 662 640 ταύτης
676 559 844 638 βασίλεια,
872 559 911 642 τῇ
932 551 1060 643 οὕνομα
1079 545 1122 643 ἦν
1140 561 1311 646 Νίτωκρις

180 719 290 784 perfuso
314 733 368 767 non
387 715 468 768 aliter
492 721 574 782 atque
591 717 654 768 Nilo
672 719 722 768 Ae·

180 789 275 853 gyptio
297 787 388 837 omnia
410 785 491 854 longe
514 787 621 852 lateque
645 788 722 838 inuu-

181 858 288 908 deutur.
325 857 374 907 Cui
392 857 432 906 rei
457 856 606 906 incolarum
630 857 721 908 soller-

179 927 220 976 tia
233 927 271 976 ita
284 927 436 991 prospexit,
456 931 486 975 ut
505 942 558 976 uon
571 926 656 976 solum
674 943 720 992 ag·

179 997 289 1060 peribus
303 995 473 1047 exstruendis
484 997 601 1046 fluminis
611 997 666 1046 vim
676 1011 720 1046 co·

180 1066 316 1128 biberent,
346 1081 439 1116 verum
466 1066 548 1116 etiam
579 1065 720 1116 canalibus

178 1135 242 1184 inde
260 1135 397 1197 deductis,
416 1134 513 1200 quibus
525 1135 603 1186 simul
620 1139 720 1186 terram

178 1205 249 1256 alias
268 1206 368 1255 siccam
386 1209 414 1254 et
426 1203 492 1254 solis
511 1205 601 1256 calore
619 1209 721 1256 tostam

179 1275 323 1340 irrigarent
336 1289 447 1338 eamque
458 1274 651 1324 fertilissimam
661 1276 720 1326 red-

178 1343 283 1395 derent.
319 1344 361 1394 De
373 1343 472 1408 quibus
483 1343 589 1395 consul.
601 1345 718 1396 Heereu.

178 1413 261 1463 Ideeu
277 1414 300 1476 1,
314 1415 340 1465 2.
359 1427 421 1478 pag.
437 1412 488 1464 135
505 1429 581 1479 seqq.
600 1413 659 1478 139,
672 1415 719 1464 ubi

178 1483 260 1533 etiam
278 1483 345 1534 illud
362 1483 462 1547 optime
478 1488 584 1546 monet,
609 1499 654 1534 ees
673 1499 720 1550 ag-

178 1567 255 1618 geres
272 1553 469 1618 antiquissimis
480 1553 646 1618 temporibus
664 1555 718 1604 iam

179 1627 330 1673 exstructos
356 1622 442 1673 videri
465 1623 580 1687 ideoque
603 1624 719 1674 Semira-

179 1691 243 1741 midi
254 1692 336 1758 vulgo
349 1691 480 1753 adscribi,
499 1693 599 1758 quippe
616 1694 659 1742 cui
671 1709 719 1759 per

177 1766 262 1812 tutam
276 1762 368 1830 Asiam
380 1762 493 1827 quaevis
512 1777 593 1826 opera
610 1778 718 1827 magna,

178 1830 309 1894 aedificia,
328 1830 426 1893 moles,
444 1831 477 1881 de
495 1846 609 1896 qnorum
626 1837 719 1883 aucto-

178 1900 251 1950 ribus
280 1917 334 1952 nou
369 1901 501 1965 liqueat,
524 1902 717 1952 attribuantur.

179 1970 215 2020 Ut
245 1969 280 2019 ad
303 1970 471 2020 Herodotum
498 1971 622 2034 redeam,
650 1973 719 2021 bene

176 2037 248 2089 bunc
266 2039 353 2104 ipstlm
370 2040 459 2090 locum
477 2041 511 2090 ad
529 2040 718 2105 explicandum

177 2108 325 2172 propbetas
340 2108 428 2159 locum
447 2109 512 2173 (Ies.
532 2109 606 2172 XXI,
627 2111 652 2176 1)
671 2111 718 2162 ad-

177 2177 265 2226 hibuit
284 2179 413 2228 (leseuius
426 2179 453 2227 iu
469 2179 664 2230 Commentarr.
682 2179 717 2230 ad

179 2245 233 2296 Ies.
251 2246 270 2296 l.
288 2245 306 2296 l.
325 2262 388 2312 pag.
407 2247 457 2298 oss
475 2263 492 2298 a
516 2250 559 2300 Or.
579 2249 716 2312 laudatus,

178 2317 225 2380 qui
242 2315 295 2366 iam
313 2317 347 2366 de
357 2314 495 2382 Babylone
513 2318 660 2383 Euphratis
669 2335 717 2369 uu-

178 2385 220 2436 dis
239 2389 313 2436 tecta
331 2392 389 2436 erat
406 2386 608 2452 intelligendus.
646 2388 717 2454 Aby-

177 2453 274 2505 denum
291 2471 398 2521 quoque
415 2457 458 2507 Cr.
479 2456 574 2507 laudat
587 2457 643 2523 (ap.
661 2459 716 2508 En·

176 2525 234 2575 seb.
251 2525 381 2590 Praepar.
399 2526 522 2591 evangel.
536 2527 586 2577 IX.
600 2527 714 2592 pules),

174 2599 329 2644 narrantem
353 2611 460 2646 omnem
486 2595 555 2646 banc
577 2597 715 2661 regionem

174 2664 300 2727 primitus
316 2666 394 2730 aquis
404 2664 570 2715 submersam
582 2681 631 2730 pro
647 2667 716 2716 mari

175 2733 296 2784 babitans
312 2749 381 2784 esse.
417 2734 472 2786 Sed
490 2735 557 2786 baec
582 2734 638 2786 alic
656 2751 715 2802 spe·

174 2807 249 2854 ctare
265 2803 402 2856 videntur.

323 2975 388 3026 (lar.
409 2975 565 3028 CLXXXV.

207 3073 244 3141 τῇ
265 3065 376 3142 οὕνομα
402 3065 441 3143 ἦν
464 3078 617 3146 Νίτωκρις]
645 3079 715 3130 Nite-

173 3147 225 3196 err's
242 3145 359 3212 Aegypti
377 3149 471 3213 regina
490 3134 715 3200 commemoffltnr

175 3215 289 3275 iutrall,
303 3215 359 3279 100,
373 3218 421 3267 ubi
434 3218 490 3269 vid.
502 3224 572 3270 nott.
590 3221 632 3269 De
641 3225 715 3270 utra·

174 3299 227 3349 que
257 3285 411 3349 Nitoedde,
445 3293 473 3337 et
504 3288 657 3353 Babylonia
686 3292 714 3338 et

173 3354 357 3418 Aegyptiace,
376 3361 498 3407 veterum
514 3359 672 3408 testimonia
682 3373 714 3408 ac

174 3424 354 3474 recentiorum
373 3426 475 3476 iudicia
494 3427 602 3477 exbibet
616 3427 649 3478 1..
664 3427 714 3478 Ge·

173 3485 246 3557 orgd
260 3493 289 3542 in
305 3494 394 3559 Pauly
410 3495 619 3562 Realencyclop.
636 3497 671 3546 V.
687 3513 714 3560 p.

173 3562 225 3612 662
243 3577 301 3626 seq.
338 3564 413 3615 Deae
436 3581 534 3616 nomeu
551 3581 611 3615 esee
628 3580 715 3629 aeque

174 3645 207 3680 ae
230 3631 413 3683 Semiramidis
440 3631 506 3696 (vid.
536 3639 605 3685 nott.
633 3635 667 3684 ad
691 3635 714 3696 1,

175 3699 235 3765 186)
260 3702 400 3752 contendit
420 3704 529 3754 Movers
552 3703 571 3754 l.
595 3703 614 3753 l.
638 3703 661 3754 1.
687 3719 713 3767 p.

175 3769 241 3819 028:
280 3771 352 3836 quod
384 3787 449 3822 vero
482 3771 549 3822 nibil
577 3773 715 3837 impedire,

174 3851 227 3902 quo
248 3839 336 3890 minus
361 3840 521 3892 mortalibus
547 3857 654 3907 quoque
675 3857 716 3892 re·

173 3907 245 3970 ginis
268 3909 339 3958 idem
362 3909 498 3960 tribuatur
521 3925 634 3976 nomeu,
660 3912 715 3961 iam

173 3977 333 4029 monuimus.
364 3977 476 4029 Nitocris
487 3980 571 4044 igitur
583 3981 650 4030 haec
662 3981 714 4030 Ba-

174 4043 285 4108 bylonia
301 4047 443 4098 cuiusnam
456 4050 528 4114 regis
543 4065 611 4099 uxor
623 4049 713 4112 inerit,

174 4113 254 4164 valdo
271 4116 342 4164 inter
365 4117 438 4166 viros
463 4117 557 4168 doctos
581 4117 714 4182 discepte-

173 4187 227 4232 tur.
263 4183 344 4234 Multi
361 4183 401 4248 (in
423 4187 521 4250 quibus
545 4188 624 4236 etiam
642 4188 715 4236 Hee-

173 4265 231 4300 ren.
256 4252 341 4303 ldeau
364 4257 417 4306 etc.
443 4254 466 4317 I,
486 4257 511 4304 2.
529 4269 556 4318 p.
583 4255 644 4312 154)
661 4257 715 4306 Na·

172 4317 391 4373 bucbodonosori
419 4338 442 4374 s.
478 4322 715 4376 Nebueadueasria

773 733 881 768 uxorem
894 733 954 768 esse
965 717 1075 782 volunt,
1093 718 1208 786 indeque
1222 720 1311 770 aviam

772 786 860 838 ultimi
883 787 1094 853 Babyloniorum
1123 791 1196 855 ragis
1223 792 1311 855 Laby-

772 858 828 907 neti
847 873 870 908 s.
888 857 1041 920 Nabouedi,
1068 859 1113 923 qui
1138 859 1211 924 apud
1227 861 1311 910 Dani-

772 925 838 975 elem
858 931 971 976 vocatur
990 927 1140 978 Beltaasar.
1177 929 1250 992 Quos
1270 946 1311 979 se-

771 996 862 1060 quitur
872 995 1033 1058 Larcberns,
1051 999 1097 1062 qui
1111 997 1218 1048 Medica
1227 1001 1312 1064 stirpe

771 1063 845 1115 illam
869 1066 1040 1130 progenitum
1057 1071 1101 1130 (ut
1120 1068 1253 1118 Eusebius
1272 1073 1312 1117 at-

771 1149 823 1199 que
850 1133 992 1200 Syneellue
1023 1135 1145 1199 tradunt)
1169 1137 1313 1202 Babyloni-

771 1219 847 1254 orum
865 1205 924 1270 regi
942 1204 1004 1254 huic
1018 1204 1152 1255 elocatum
1168 1207 1246 1269 pouit
1259 1206 1312 1256 6⁶20

771 1287 796 1324 a.
818 1273 881 1324 Chr.
900 1290 927 1323 n.
941 1273 1122 1340 Wesseliugio
1137 1274 1252 1340 aliisque
1261 1276 1313 1326 Ne-

771 1341 967 1394 bucaduezaris
979 1342 1049 1406 filio,
1069 1345 1116 1408 qni
1128 1344 1227 1394 dieitur
1238 1345 1312 1394 Evil-

770 1411 960 1475 merodacbus‚
983 1419 1070 1478 nupta
1092 1414 1177 1464 fuisse
1196 1414 1311 1476 videtur,

770 1497 849 1548 quem
882 1497 967 1549 regno
1003 1484 1139 1548 exceperit
1170 1483 1312 1534 Beltaasar

770 1549 1018 1616 (Nebueadneaaris
1027 1569 1111 1617 nepos
1122 1553 1246 1618 idemque
1255 1554 1279 1604 N
1281 1569 1311 1604 a·

769 1621 892 1672 bonedas
909 1621 1019 1688 dictus),
1036 1623 1247 1687 Babyloniorum
1267 1639 1310 1673 ex·

769 1697 881 1742 tremus.
913 1692 1024 1742 Addunt
1037 1693 1204 1743 Herodotum
1221 1694 1310 1758 ipsum

770 1760 794 1822 l,
815 1760 874 1822 188,
892 1761 938 1810 ubi
955 1762 1087 1812 Nitoorim
1101 1763 1245 1827 Labyueti,
1263 1763 1310 1828 qui

769 1845 863 1896 regum
880 1830 1091 1894 Babyloniorum
1114 1831 1225 1882 ultimus
1247 1833 1309 1896 suit,

769 1905 883 1950 matrem
903 1898 968 1963 (non
991 1901 1094 1962 avium,
1115 1906 1145 1952 ut
1165 1901 1204 1950 illi
1223 1903 1309 1966 perbi-

768 1968 845 2034 bent)
864 1969 992 2033 appellat,
1012 1969 1239 2036 comprobantque
1258 1972 1309 2022 boc

769 2039 875 2090 lesaiae
893 2039 965 2088 vatis
984 2041 1138 2090 testimonio
1151 2041 1264 2104 XXVII,
1283 2043 1308 2104 7,

768 2108 892 2159 canentis
902 2109 1141 2171 Nebucadneaari‚
1159 2109 1214 2160 lilio
1228 2116 1309 2162 etue-

767 2179 838 2242 poti,
854 2191 909 2228 non
926 2178 1000 2228 ultra
1011 2180 1086 2230 dicto
1098 2178 1239 2230 audientes
1250 2181 1308 2231 lore

767 2252 872 2312 gentes.
911 2247 989 2309 Quod
1009 2264 1073 2299 sero
1097 2248 1239 2312 obiicitur,
1262 2251 1308 2300 Ni-

766 2331 831 2366 num
849 2318 954 2368 Nitocri
978 2323 1108 2384 regnante
1126 2319 1179 2370 iam
1198 2325 1307 2384 captam

767 2385 866 2449 luisse,
886 2387 914 2436 id
932 2387 1004 2452 quod
1023 2389 1154 2438 acciderit
1169 2403 1240 2439 anuo
1255 2390 1311 2440 606

766 2470 792 2506 a.
818 2455 880 2507 Obr.
905 2471 933 2508 n.
958 2457 1001 2507 vel
1027 2461 1119 2522 potins
1142 2457 1192 2508 007
1218 2458 1306 2526 (coni.

765 2529 823 2576 not.
838 2525 873 2575 ad
887 2526 910 2587 1,
931 2525 1003 2590 106),
1021 2528 1105 2592 igitur
1117 2527 1230 2578 multum
1244 2532 1307 2592 post
1386 2555 1388 2558 ·

765 2594 976 2646 Nitocrimanno
985 2597 1069 2649 62οι.
1077 2597 1139 2650 Cbr.
1148 2613 1175 2648 n.
1187 2597 1307 2648 locatam

765 2663 977 2730 Babyloniorum
994 2667 1066 2732 regi,
1085 2666 1113 2716 id
1132 2666 1199 2716 nibil
1214 2667 1305 2718 valere
1334 2683 1338 2692 ·

765 2740 860 2784 censet
884 2733 1057 2801 Wessobng,
1083 2751 1143 2786 cum
1166 2737 1239 2788 hand
1260 2752 1306 2786 no-

766 2817 842 2854 eesse
860 2803 910 2866 sit,
928 2819 978 2854 nee
997 2806 1057 2871 ipsa
1075 2805 1207 2856 Herodoti
1222 2807 1306 2876 verba

766 2873 888 2938 exigant,
913 2876 944 2922 ut
961 2873 1036 2924 illius
1054 2874 1164 2937 reginae
1185 2871 1305 2938 tempore

765 2941 830 2992 urbs
853 2941 968 2992 subacta
990 2949 1141 2994 censeatur.
1181 2944 1306 3008 Namque

766 3026 836 3062 anno
858 3009 909 3062 633
931 3011 985 3061 iam
1009 3029 1026 3062 a
1044 3013 1166 3076 cyaxare
1187 3012 1235 3062 illa
1259 3012 1318 3072 eb-,

766 3081 849 3131 sideri
866 3095 914 3130 coe
934 3086 963 3131 ta
981 3087 1032 3133 est.
1072 3080 1126 3131 Sed
1148 3083 1232 3133 verba
1250 3083 1307 3132 lle-

764 3150 891 3202 rodotea:
909 3149 979 3200 ullu
996 3165 1024 3200 rs
1034 3141 1212 3216 ἀραιρημένα
1220 3141 1306 3202 ἄστεα

764 3209 891 3282 αὐτοῖσι,
911 3210 941 3269 ἐν
956 3215 988 3270 δὲ
1006 3213 1043 3285 δὴ
1062 3216 1109 3270 aul
1127 3214 1181 3286 τὴν
1199 3222 1303 3285 Νῖνον,

765 3289 837 3339 clare
856 3289 978 3340 iudicare
991 3291 1131 3355 videntur,
1151 3293 1250 3344 Ninum
1263 3307 1306 3342 ur·

763 3359 826 3408 bem
837 3373 870 3410 ex
882 3359 1015 3410 Herodoti
1033 3365 1122 3412 mente
1144 3377 1199 3412 nou
1216 3363 1307 3413 obses·

765 3442 832 3487 sam,
844 3443 937 3478 verum
946 3435 1053 3493 captam
1063 3445 1095 3480 ac
1107 3429 1236 3482 domitam
1246 3445 1307 3480 cen·

766 3497 877 3548 sendam
889 3513 958 3548 csse.
993 3499 1087 3564 Neque
1104 3515 1168 3550 vero
1183 3503 1304 3564 propter-

766 3581 798 3616 ea
820 3566 983 3618 Bouberium
1001 3583 1114 3634 sequar,
1138 3569 1184 3633 qui
1203 3569 1304 3620 Ninum

764 3635 807 3684 bis
825 3635 854 3685 in
871 3636 1011 3688 Medorum
1032 3637 1161 3688 ditionem
1184 3642 1211 3687 et
1231 3641 1305 3702 pote·

766 3708 865 3754 statem
887 3707 996 3757 venisse
1018 3707 1223 3772 suspicabatur,
1252 3707 1304 3770 pri·

765 3788 838 3826 mum
867 3775 991 3840 cyaxare
1020 3776 1176 3836 obsidente,
1207 3775 1303 3828 iterum

765 3843 886 3908 Astyage
905 3850 1069 3910 occupante,
1094 3845 1166 3894 coni.
1185 3845 1303 3896 Dissert.

764 3911 897 3962 Herodot.
914 3929 974 3977 cap.
988 3915 1032 3975 21,
1049 3915 1090 3965 11.
1104 3929 1130 3977 p.
1147 3913 1208 3964 ²40.
1234 3915 1304 3964 Nam

763 3981 891 4032 universa
911 3983 1061 4046 antiquitas
1080 3982 1233 4034 huiusmodi
1245 3999 1306 4033 seu·

764 4050 878 4100 tentiam
895 4052 1007 4115 respuit.
1037 4051 1170 4117 Equidem
1181 4053 1264 4104 nolim
1276 4054 1305 4102 in

764 4117 807 4168 his
839 4119 985 4184 quidquam
1016 4122 1204 4185 pronuntiare,
1235 4137 1305 4187 quae

764 4188 811 4237 vix
829 4203 947 4253 unquam
970 4190 1039 4240 satis
1057 4191 1176 4255 expediri
1195 4196 1304 4256 queant,

765 4257 819 4305 uisi
844 4273 917 4308 nova
938 4257 983 4308 lux
1006 4258 1129 4320 aliunde,
1154 4275 1187 4310 ex
1212 4261 1305 4310 inscri-

766 4325 904 4389 ptionibus
928 4328 1051 4380 cuneatis
1078 4343 1163 4394 nuper
1191 4329 1305 4380 detectis
