3086 4952
202 251 263 314 2ss

636 235 909 301 HERODOTI

204 420 365 513 στάμενος
385 420 461 508 περὶ
479 416 598 507 Κύρου
617 416 674 484 καὶ
697 417 874 503 τριφασίας
893 408 995 522 ἄλλοις
1018 407 1129 496 λόγων
1147 400 1247 487 ὁδοὺς
1270 409 1336 493 φῆ-

204 624 296 675 Perss.
316 623 341 684 ξ.
360 619 377 668 2
395 631 471 682 seqq.
507 615 586 665 Hanc
600 630 666 666 vero
685 614 746 666 Cte·
795 615 862 665 lium
893 619 956 665 sunt
984 611 1125 673 traducta,
1149 623 1228 676 quem
1250 606 1339 658 Ptole-

205 694 262 744 siae
279 687 476 748 narrationem,
499 685 650 736 breviorem
672 685 746 736 illam
797 699 890 735 masne
905 682 1055 748 Hephaest.
1075 697 1134 744 cap.
1154 679 1180 730 3.
1199 695 1226 743 p.
1245 679 1277 728 21
1297 677 1338 727 ed.

205 761 321 828 quidem,
343 757 417 808 haud
437 757 493 806 scio
514 771 549 805 an
567 755 746 820 copiosiorem
797 753 899 806 Ronlea
922 753 1014 814 tradit,
1034 755 1154 802 amatre
1176 749 1337 813 expositum,

205 846 277 882 nunc
298 829 376 879 nobis
400 830 540 892 praestent
561 824 669 876 Nicolai
692 826 746 874 Da-

204 899 326 952 masceni
353 898 490 961 Excerpta
522 910 607 959 nuper
636 895 748 944 inventa

206 972 354 1035 (Fragmm.
376 967 441 1016 hist.
470 965 516 1016 Gr.
544 964 587 1015 ed.
613 965 643 1015 C.
664 964 749 1014 Muel-

205 1041 246 1092 ler
269 1040 302 1090 T.
326 1036 380 1088 111.
404 1052 431 1100 p.
461 1035 511 1086 397
538 1049 614 1100 seqq.
642 1035 699 1085 sive
720 1051 748 1100 p.

209 1109 257 1161 107
277 1123 352 1173 seqq.
371 1105 414 1156 ed.
426 1102 534 1167 Feder),
553 1119 666 1170 quorum
679 1121 750 1155 rum-

207 1195 278 1230 mam
302 1175 383 1226 retuli
403 1175 431 1224 in
454 1173 568 1225 Jahrbb.
594 1175 638 1224 tur
660 1175 750 1226 Philo-

206 1249 262 1314 log.
282 1261 310 1297 u.
328 1243 448 1308 Paedag.
467 1243 540 1304 LIX,
559 1245 583 1295 3.
610 1259 674 1309 pag.
698 1244 750 1294 260

207 1333 283 1382 seqq.
308 1315 341 1365 In
357 1314 399 1363 his
417 1327 523 1379 quoque
548 1312 677 1378 legimns,
699 1314 750 1378 Cy-

206 1403 265 1438 rum
283 1383 359 1435 nulla
372 1383 535 1448 cognatione
551 1398 611 1432 curn
620 1385 749 1448 Astyage,

207 1459 351 1508 Persarum
370 1468 447 1518 rege,
465 1452 550 1501 luisse
567 1453 749 1514 coniunctum,

208 1526 256 1576 sed
279 1523 390 1573 natione
413 1521 537 1570 Mardum
563 1536 597 1571 ac
627 1522 751 1586 pauperi-

208 1597 259 1646 bus
278 1591 436 1658 parentibus
463 1595 557 1640 natum
583 1591 619 1640 ad
647 1592 750 1657 regium

209 1664 300 1715 aulam
316 1661 458 1711 devenisse
476 1675 597 1725 puerum,
621 1662 667 1726 qui
689 1677 751 1712 mox

211 1738 306 1801 gratus
325 1731 407 1782 luerit
425 1729 594 1796 hrtsmbari,
613 1731 752 1796 pincerna·

209 1819 267 1855 rum
290 1801 443 1868 praesecto,
466 1801 639 1866 eiusdemque
661 1817 752 1852 amore

209 1879 237 1926 et
261 1873 352 1940 gratia
374 1871 414 1921 ita
437 1872 567 1935 creverit,
592 1877 623 1922 ut
647 1873 680 1923 ab
704 1872 752 1922 Ar-

210 1943 331 1995 tembare
356 1945 462 1992 mortuo
491 1940 562 1992 filius
589 1947 752 1993 testamento

210 2013 365 2064 declaratus
388 2011 417 2059 in
446 2009 525 2060 huius
554 2012 639 2075 ipsius
663 2012 752 2062 locum

211 2083 422 2133 substitueretur
454 2084 482 2128 et
516 2084 606 2144 pater,
644 2082 753 2130 nomine

211 2150 358 2202 Atradstes
381 2164 404 2199 s.
431 2147 641 2210 Tosatradstes,
668 2155 754 2199 satra·

210 2237 261 2287 pas
290 2233 387 2268 munus
417 2217 562 2281 acciperet.
599 2219 663 2268 Mox
688 2234 752 2268 vero

211 2291 263 2354 (ita
285 2287 398 2337 tradunt
422 2287 558 2352 Excerpta
586 2285 643 2352 illa)
667 2288 755 2353 Cyrus

212 2359 247 2410 ad
265 2362 370 2407 tantam
388 2355 548 2420 dignitatern
566 2362 675 2406 evectus
694 2371 754 2408 oum

210 2433 297 2495 patre,
312 2427 418 2476 Oebare
431 2426 517 2476 Persa
534 2431 655 2476 assmnto
670 2426 754 2487 socio,

212 2497 390 2548 deiectionem
405 2499 484 2560 parat
498 2494 650 2560 bellumque
670 2497 755 2545 exori-

211 2573 256 2618 tur
275 2565 464 2632 grarissimum
482 2565 553 2614 inter
564 2565 712 2631 Astyagem
728 2569 755 2615 et

212 2637 320 2701 Cyrum,
341 2635 386 2700 qui
404 2634 438 2684 ab
462 2634 591 2700 Astyagis
613 2635 698 2700 copiis
716 2635 755 2684 vi·

212 2711 273 2756 ctus
291 2703 326 2753 ad
337 2703 557 2770 Pasargadarum
573 2710 677 2755 montes
697 2705 755 2755 lau-

148 2779 150 2784 '
214 2789 313 2840 casque
330 2774 482 2840 regreditur
499 2774 702 2842 Astyagsmque
712 2791 757 2826 ac·

213 2845 352 2896 cedentem
382 2843 497 2908 repellit.
536 2845 664 2910 Reliqua,
684 2845 756 2912 quod

213 2915 329 2966 maxime
346 2913 499 2976 dolendum,
519 2915 625 2967 desunt.
652 2917 704 2967 Sed
724 2931 757 2966 ss

214 2987 757 3118 ittitttszzts‘sstti'itit?

214 3125 270 3174 rint
285 3123 410 3184 colorem,
430 3123 517 3186 magis
539 3124 575 3172 ad
598 3141 690 3176 verum
713 3143 757 3176 ao-

214 3192 310 3245 cedere
347 3197 430 3257 atque
466 3194 629 3243 Herodoteis
664 3196 758 3260 utique

214 3267 355 3330 praestare
383 3261 518 3312 videntur.
558 3263 637 3323 Quod
671 3265 756 3329 ipsum

215 3335 310 3386 horum
323 3333 518 3395 Excerptorum
536 3331 624 3382 editor
640 3333 693 3384 iam
712 3349 758 3384 an-

215 3410 263 3455 tea
279 3403 329 3469 tad
347 3401 457 3452 Ctesias
475 3403 611 3468 Fragmm.
637 3419 700 3470 pag.
719 3403 757 3470 5.)

216 3481 275 3526 erat
291 3473 441 3540 professus.
459 3471 593 3522 Herodoti
611 3474 681 3522 eninr
699 3489 759 3522 nar-

216 3545 287 3595 ratio
314 3544 347 3593 ds
375 3543 439 3608 Cyri
470 3542 634 3608 originibus,
664 3543 760 3592 eduea-

216 3613 300 3675 tione,
311 3613 422 3678 reliquis
441 3613 486 3661 vix
504 3613 582 3662 nobis
599 3612 760 3664 satisfacere

216 3684 326 3748 poterit,
350 3683 451 3747 quippe
473 3697 542 3746 qnae
566 3681 708 3733 Graeciam
731 3683 759 3732 in

216 3751 289 3802 haud
309 3753 405 3816 paucis
428 3751 550 3802 redolere
576 3755 603 3802 st
625 3753 660 3802 sd
678 3751 760 3802 Grae-

217 3819 665 3872 corumiabulaseffictas-iduatus.
681 3821 758 3872 Coni.

216 3888 379 3941 Dahlmann.
409 3890 541 3941 Herodot.
569 3908 596 3956 p.
628 3892 675 3940 142
703 3907 759 3956 seq.

216 3959 340 4009 Pertinet
358 3957 419 4020 huc,
439 3958 493 4008 alia
513 3964 543 4010 ut
560 3965 680 4024 taceam,
700 3977 761 4011 nar·

218 4028 288 4079 ratio
301 4027 334 4076 ds
346 4025 410 4090 Cyri
422 4027 569 4092 natalibus,
580 4045 649 4095 quae
665 4037 762 4094 sponte

217 4098 247 4148 in
263 4096 557 4161 memorismvrevocat,
572 4115 642 4163 quse
662 4100 696 4150 de
711 4101 762 4150 Os-

218 4166 283 4232 dipo
316 4166 480 4216 Graecorum
509 4167 608 4217 tabulis
639 4170 762 4220 carmini·

217 4237 323 4300 busque
345 4233 501 4284 ferebantur
522 4241 604 4302 atque
633 4239 762 4303 quodam-

218 4305 298 4358 modo
318 4303 362 4356 rel
379 4304 413 4356 ad
431 4305 544 4357 Darium
567 4307 714 4376 Hystaspis
732 4307 762 4358 fi-

799 824 896 875 deindc
929 839 1014 889 equae
1050 819 1172 872 mammis
1208 818 1340 868 nutritum

799 910 864 946 cura
882 894 1063 958 Spargapisae
1083 889 1226 956 agasonis,
1244 893 1341 953 postea

800 965 862 1030 equi
880 963 987 1014 hinnitu
1001 962 1036 1012 ad
1054 975 1166 1027 regnum
1175 959 1339 1025 pervenisse.

800 1034 934 1085 Medicam
953 1033 1053 1082 lamam
1071 1033 1142 1082 inter
1159 1028 1290 1094 triplicem
1310 1027 1342 1078 il·

800 1105 855 1155 lam
872 1105 981 1164 lamam,
1001 1116 1071 1168 qnae
1089 1101 1122 1152 de
1130 1101 1201 1166 Cyro
1214 1099 1341 1160 obtinuit,

801 1175 835 1225 ab
859 1172 999 1225 Herodoto
1023 1176 1171 1222 assumtam
1196 1170 1280 1219 fuisse
1304 1169 1343 1218 iu-

801 1245 875 1294 dicat
902 1241 1044 1308 Lengerlre
1076 1242 1111 1292 ad
1139 1239 1248 1290 Daniel.
1278 1254 1342 1304 pag.

801 1313 852 1365 213
876 1317 958 1378 atque
978 1313 1054 1362 Mure
1072 1310 1177 1362 critical
1192 1309 1297 1373 history
1315 1309 1345 1358 oi

801 1383 847 1433 the
863 1382 936 1447 lang.
951 1381 1004 1432 and
1014 1381 1114 1432 litarat.
1130 1381 1161 1431 oi
1174 1395 1232 1429 ano.
1243 1379 1343 1431 Graece

801 1453 848 1504 1v.
873 1469 901 1517 p.
922 1454 971 1502 atr
995 1467 1064 1517 seq.,
1083 1449 1223 1502 Duuolrer.
1246 1448 1343 1499 Gesoh.

801 1524 828 1574 d.
847 1522 962 1574 Alterth.
983 1521 1020 1571 II.
1040 1538 1067 1586 p.
1088 1521 1139 1571 475
1157 1535 1246 1585 seqq,
1265 1519 1345 1584 quie

800 1593 884 1644 variis
903 1592 1042 1642 elementis
1061 1592 1207 1642 conflatam
1225 1589 1344 1640 vultHa-

801 1663 890 1714 rodoti
908 1662 1100 1724 narrationem,
1119 1676 1188 1726 quas
1206 1659 1271 1710 licet
1283 1660 1343 1724 ipsa

801 1749 867 1783 vera
885 1748 945 1784 esse
963 1748 1017 1783 nou
1035 1732 1137 1797 possit,
1157 1735 1248 1780 tamen
1266 1730 1347 1780 Nico·

802 1803 839 1854 lsi
858 1803 1009 1854 narrationi
1026 1803 1063 1852 sit
1087 1800 1274 1867 praeferenda.
1304 1801 1345 1850 De

803 1889 856 1939 quo
875 1874 1000 1939 equidem
1023 1872 1102 1922 aliter
1120 1871 1217 1922 sentio.
1253 1871 1347 1934 Neque

803 1944 913 2009 probari
930 1943 1010 1994 video
1028 1943 1139 1992 Winero
1164 1939 1246 2002 (Bibl.
1270 1939 1348 1990 Resi-

803 2014 929 2064 ubrterb.
955 2015 979 2065 1.
1007 2029 1034 2078 p.
1059 2010 1134 2073 280.)
1164 2009 1348 2061 Herodoteam

804 2082 837 2132 de
855 2083 918 2147 Cyri
936 2083 1134 2142 narrationem,
1153 2096 1170 2129 a
1188 2095 1267 2130 sacra
1285 2080 1349 2130 sori·

803 2157 885 2216 ptura
901 2152 981 2201 nimis
999 2151 1177 2210 recedentem,
1193 2151 1221 2199 in
1234 2165 1288 2214 qua
1300 2149 1345 2215 qui

804 2220 957 2286 appellatur
985 2221 1100 2270 Korescls
1130 2217 1176 2281 (ci.
1212 2223 1283 2269 nott.
1314 2219 1348 2268 ad

806 2291 828 2352 1,
851 2287 935 2350 tlt).
960 2305 1019 2339 eum
1047 2287 1148 2338 nullum
1178 2286 1260 2336 alium
1289 2301 1349 2336 esse

805 2359 858 2408 uisi
887 2359 977 2422 Cyrum
1014 2357 1196 2407 Herodoteum
1241 2354 1349 2404 demon·

805 2434 893 2478 strare
903 2433 1016 2478 conatus
1025 2431 1067 2476 est
1079 2426 1125 2476 Fr.
1136 2421 1206 2474 uuit.
1222 2423 1346 2473 Schultz:

806 2497 920 2549 Studien
934 2513 962 2548 u.
980 2496 1105 2546 Kritilren
1128 2510 1155 2544 r.
1174 2491 1300 2542 Ullmann
1318 2507 1346 2540 ιι.

805 2568 930 2620 Umbreit
954 2565 1030 2619 1853.
1050 2581 1075 2630 p.
1094 2565 1146 2614 624
1168 2577 1244 2628 seqq.
1270 2567 1297 2611 et
1321 2561 1349 2610 in

806 2639 881 2689 Dies.
901 2638 935 2688 de
959 2637 1029 2700 Cyro
1055 2637 1164 2700 Magno,
1186 2631 1348 2683 Iudaeorum

805 2708 961 2758 liberatore.
980 2705 1099 2757 Berolin.
1122 2700 1196 2754 1853.
1214 2703 1265 2754 His
1279 2702 1349 2751 viro·

807 2795 864 2829 rum
900 2778 1040 2828 doctorum
1071 2773 1213 2825 sententiis
1247 2771 1349 2834 allatis,

808 2849 872 2915 qnid
896 2849 953 2913 ipse
978 2847 1106 2906 sentiam,
1131 2842 1226 2909 paucis
1251 2842 1350 2893 addere

809 2919 907 2985 placet.
928 2917 1035 2968 Etenim
1055 2915 1127 2982 apud
1141 2913 1285 2964 orientales
1304 2928 1351 2962 na-

809 2989 897 3040 tiones
918 3003 991 3049 errm,
1011 2987 1056 3052 qui
1078 2999 1191 3050 rognum
1216 2983 1351 3048 quoddam

809 3060 946 3124 regiamve
966 3057 1127 3124 dignitatem
1146 3053 1199 3104 sibi
1217 3053 1351 3118 acquirat,

808 3130 879 3180 haud
909 3143 971 3178 raro
1000 3127 1123 3177 videmus
1151 3139 1248 3174 nomen
1274 3123 1352 3188 quasi

809 3216 841 3250 ac
868 3197 977 3249 titulum
1001 3197 1058 3246 eius
1081 3195 1153 3260 regis
1174 3194 1267 3243 eiusve
1293 3193 1352 3242 stir·

808 3270 860 3335 pis,
877 3283 946 3335 quae
964 3267 999 3316 ab
1017 3268 1077 3332 ipso
1095 3264 1172 3330 regis
1190 3263 1226 3312 sit
1244 3264 1353 3327 privata

809 3339 952 3404 dignitate,
971 3351 1120 3397 assumere,
1146 3335 1287 3398 ipsamque
1314 3332 1352 3382 al-

809 3409 942 3459 finitatem
961 3423 1021 3458 curn
1039 3406 1087 3456 illa
1110 3403 1279 3464 contrahere,
1298 3418 1352 3452 ma-

810 3479 935 3529 trimonio
954 3478 1031 3527 inito.
1050 3477 1111 3526 Hoc
1126 3476 1197 3524 enim
1210 3472 1289 3523 modo
1306 3473 1352 3522 im-

810 3551 914 3614 perium
938 3547 991 3612 ipsi
1015 3545 1046 3595 fit
1065 3545 1151 3608 magis
1172 3543 1305 3592 firmatum
1326 3546 1353 3592 et

812 3619 845 3668 ab
865 3617 936 3668 omni
956 3615 1125 3666 subditarum
1144 3613 1265 3678 gentium
1284 3613 1352 3662 sedi-

811 3688 885 3737 tione
910 3691 1012 3747 tutum,
1037 3699 1106 3749 quae
1130 3683 1237 3748 quando
1261 3697 1352 3746 rogem

812 3757 932 3807 eiusdem
949 3756 1005 3806 sere
1025 3754 1116 3818 stirpis
1136 3753 1257 3817 adeoque
1275 3751 1351 3800 iami-

811 3826 864 3875 liae
893 3825 928 3874 ad
956 3823 1053 3874 solium
1083 3827 1206 3872 erectum
1231 3819 1352 3882 audiant,

812 3895 959 3945 seditiones
981 3893 1053 3942 haud
1076 3896 1185 3942 movent
1207 3891 1353 3955 iugumque

811 3965 967 4029 impositum
983 3962 1057 4012 haud
1075 3977 1155 4026 aegre
1174 3962 1274 4010 ierunt.
1299 3961 1353 4010 Ita·

812 4049 865 4098 que
889 4033 976 4082 Medis
999 4033 1027 4081 in
1054 4033 1197 4082 Persarum
1224 4029 1354 4080 ditionem

812 4103 929 4152 redactis
952 4101 1050 4152 solatio
1069 4117 1128 4152 osse
1146 4104 1263 4165 poterat,
1282 4099 1354 4164 quod

813 4173 921 4237 Cyrum,
938 4187 1037 4221 novum
1056 4187 1159 4236 regem,
1183 4169 1267 4234 priori
1292 4185 1353 4219 cnm

813 4243 897 4306 stirpe
916 4242 990 4307 regia
1008 4241 1103 4290 mirum
1119 4242 1146 4290 irr
1165 4239 1273 4289 modum
1291 4253 1354 4288 oon·

812 4313 934 4364 iunctum
960 4311 1100 4378 ipsiusque
1120 4309 1251 4376 Astyagis
1268 4323 1355 4376 ¹nepo-
