3086 4952
241 275 302 340 238
669 281 938 343 HERODOTI

239 461 384 543 κομι-ἔνην
410 453 447 522 δὲ
468 452 654 542 ἐφύλασσε,
683 454 888 544 βουλόμενος
915 454 953 555 τό
982 455 1196 548 γεννώμενον
1216 463 1249 544 ἐξ
1270 457 1373 551 αὐτῆς

240 563 457 647 διαφθεῖραι·
486 560 522 626 ἐκ
546 560 610 648 γάρ
631 565 667 628 οἱ
679 565 737 648 τῆς
760 557 854 642 ὄφιος
879 566 912 630 oi
934 565 1001 630 τῶν
1021 561 1139 649 μάγων
1161 560 1370 656 ὀνειροπόλοι

239 661 436 751 ἐσήμαινον,
462 656 513 731 ὅτι
533 665 646 751 μέλλοι
667 658 685 732 ὁ
706 667 763 752 τῆς
781 661 951 753 θυγατρὸς
973 661 1078 734 αὐτοῦ
1095 666 1193 752 γόνος
1213 671 1370 756 βασιλεύ-

239 785 312 836 σειν
329 761 403 834 ἀντὶ
418 766 560 836 ἐκείνου.
606 771 716 836 Ταῦτα
736 765 777 856 δή
798 758 846 836 ὧν
868 767 1121 858 φυλασσόμενος
1139 766 1157 840 ὁ
1177 768 1370 862 Ἀστυάγης,

239 863 283 949 ως
306 871 437 956 ἐγένετο
459 864 477 938 ὁ
500 876 630 960 Κῦρος,
658 873 799 951 καλέσας
818 867 1007 960 Ἅρπαγον,
1035 871 1143 963 άνδρα
1164 875 1295 967 ολκήλον
1316 879 1371 947 καὶ

238 971 436 1042 πιστότατόν
461 1001 497 1042 τε
517 975 650 1064 Μήδων
679 976 733 1044 καλ
764 973 901 1046 πάντων
925 979 1106 1066 ἐπίτροπον
1135 983 1204 1048 τῶν
1232 983 1370 1068 ἑωυτοῦ,

238 1078 334 1164 ἔλεγέ
349 1080 384 1146 ολ
396 1076 526 1147 τοιάδε·
545 1075 712 1170 Ἅρπαγε,
734 1083 885 1169 πρήγμα,
909 1079 946 1150 τό
971 1077 1014 1150 άν
1031 1109 1081 1150 τοι
1105 1087 1280 1170 προσθέω,
1306 1113 1369 1174 μη-

238 1185 350 1269 δαμῶς
370 1180 581 1272 παραχρήσῃ·
611 1182 694 1273 μηδὲ
715 1185 774 1272 ἐμέ
795 1211 830 1253 τε
855 1183 1050 1273 παραβάλῃ,
1080 1187 1135 1254 καὶ
1155 1183 1278 1268 ἄλλους
1295 1189 1368 1260 ἑλό-

237 1348 368 1400 Thomam
401 1348 526 1414 Magistr.
564 1364 590 1414 p.
627 1348 677 1400 357
709 1350 775 1416 ibiq.
827 1350 880 1412 ΙΙΙ,
894 1349 937 1400 62.
954 1349 987 1413 V,
1007 1349 1049 1401 30.
1068 1351 1110 1400 De
1125 1352 1284 1403 accusativo
1298 1350 1370 1418 πρῆ-

236 1417 435 1469 Hemsterhusii
450 1422 518 1481 not.‚
532 1417 678 1483 Phrynich.
691 1417 777 1484 psas
828 1435 884 1484 γμα
908 1418 1023 1470 relativo
1044 1421 1195 1483 pronomini
1220 1438 1267 1488 per
1286 1429 1371 1473 ottre-

236 1489 301 1554 ibiq.
315 1488 435 1539 Lobcck.
454 1487 486 1537 In
504 1487 702 1553 significatione
719 1489 777 1539 nul·
828 1489 945 1540 ctionem
963 1489 1070 1540 adiecto
1089 1491 1125 1542 ci.
1145 1491 1243 1542 Mutth.
1263 1495 1289 1556 §-
1307 1495 1368 1544 474.

236 1557 263 1607 le
276 1558 468 1623 discrepantia.
488 1557 627 1608 Iudicatur
641 1559 710 1608 euim
721 1575 777 1609 mu·
827 1589 861 1599 -
888 1555 1092 1624 παραγρήσδαι
1119 1560 1214 1626 obiter,
1243 1564 1370 1628 neplectim

235 1627 294 1690 lier,
313 1645 377 1694 ηοοο
391 1630 482 1690 partui
497 1630 676 1691 estproximo.
826 1637 948 1692 sacrm,
967 1631 1102 1695 παράμενε,
1122 1631 1240 1682 occurrit
1257 1631 1295 1696 11,
1311 1633 1368 1696 1-11,

269 1695 359 1747 ταῦτα
381 1689 418 1762 δή
441 1684 482 1746 τόν
509 1690 775 1762 φυλασσόμενος
827 1699 874 1750 ubi
890 1699 945 1750 vid.
964 1703 1034 1750 nott.

236 1757 427 1833 ὁἎστνάγης]
447 1768 465 1817 i.
485 1782 508 1818 o.
531 1767 594 1818 daec
610 1767 658 1818 sibi
674 1783 774 1819 conano.
860 1763 931 1833 μηδὲ
950 1759 997 1833 ἐμὲ
1014 1783 1043 1818 τε
1066 1761 1227 1836 παραβάλῃ,
1250 1764 1297 1819 καλ
1322 1759 1369 1818 άλ-

236 1837 278 1888 cf.
300 1837 403 1888 Herod.
427 1837 490 1900 VII,
515 1836 565 1888 130
590 1838 681 1904 ibique
703 1842 774 1888 nott.
825 1837 892 1896 λους
911 1829 1051 1902 ἑλόμενος,
1067 1828 1094 1898 ἐξ
1114 1828 1233 1905 ὑστέρης
1248 1852 1292 1889 σοι
1302 1828 1370 1888 ἕσιν-

237 1911 264 1956 et
287 1905 414 1972 Aeschyl.
445 1905 562 1972 Choeph.
591 1906 652 1958 sol.
681 1907 774 1973 Suppl.
826 1905 866 1975 soi
883 1905 1048 1974 περιπέσῃς]
1064 1901 1213 1975 παραβάλῃ
1222 1925 1283 1959 cum
1292 1909 1369 1974 wyt-

235 1975 287 2026 ³44
312 1975 433 2040 (Both:).
465 1975 544 2038 Quod
573 1977 630 2026 noli
659 1993 776 2028 commu·
826 1977 969 2028 teubachio
989 1979 1017 2026 in
1035 1977 1147 2029 Seleott.
1171 1979 1235 2030 hist.
1259 1995 1285 2044 p.
1307 1979 1367 2030 351.

235 2051 294 2096 tere
312 2061 373 2096 cum
391 2047 414 2106 1,
441 2045 475 2095 49
498 2037 625 2108 φυλάξας
652 2039 706 2113 τήν
727 2063 776 2096 κυ-

236 2113 303 2178 ρίην
325 2113 382 2164 τοῖν
404 2104 544 2178 ἡμερέων,
573 2131 634 2166 nam
659 2117 698 2167 ibi
723 2131 776 2181 φυ-

235 2176 348 2232 λάσσειν
372 2182 411 2248 (in
437 2183 539 2250 activo)
568 2190 609 2236 est
630 2187 776 2238 obseruare.

235 2283 270 2292 —
295 2251 328 2302 In
357 2269 432 2319 seqq.
461 2243 553 2319 ἄνδρα
579 2249 693 2322 ολκήῖον
722 2271 777 2306 uon

232 2323 397 2387 familiarem,
426 2322 473 2374 scd
503 2333 630 2390 copiatum
656 2327 777 2377 indicere

234 2397 345 2458 propter
361 2392 445 2443 verbe
469 2409 530 2459 cap.
555 2409 611 2461 seq.
636 2411 684 2460 μοι
712 2410 776 2460 συγ-

235 2454 320 2528 γενής
337 2453 393 2512 ἔστι
412 2453 428 2512 ὁ
450 2466 518 2522 παῖς
536 2470 627 2516 monet
645 2466 773 2516 Lcroher.

235 2534 327 2598 Ipsum
345 2533 466 2598 Horpupi
481 2550 586 2598 nomen,
606 2535 678 2602 quod
693 2549 775 2600 supro

235 2604 257 2666 1,
275 2603 310 2655 80
322 2603 375 2653 iam
393 2604 553 2668 invenimus,
565 2606 689 2671 quodque
701 2621 777 2670 prae-

235 2677 276 2722 ter
292 2673 364 2722 hunc
380 2674 538 2739 Harpagum
560 2691 630 2725 unus
654 2675 736 2725 etism
760 2690 775 2724 e

234 2743 313 2794 Darii
342 2742 456 2793 ducibus
483 2745 553 2808 gerit
585 2745 698 2806 (Herod.
725 2743 774 2805 v1,

235 2813 289 2878 28),
313 2813 358 2862 vix
377 2813 413 2863 ad
435 2813 571 2864 Persicam
594 2831 616 2866 s.
639 2814 775 2864 Medicam

235 2883 345 2948 stirpem
362 2883 473 2944 reseras,
483 2884 615 2934 Graecum
631 2885 701 2934 enim
716 2899 776 2934 esse

234 2953 343 3004 videtur
369 2969 401 3003 ao
429 2953 475 3002 vix
502 2953 638 3004 divorsum
661 2969 678 3004 a
707 2969 775 3006 voce

234 3011 338 3087 ἅρπαξ,
357 3038 427 3088 quse
444 3023 576 3073 homiuem
600 3039 718 3089 rapacem
742 3025 776 3072 si-

236 3092 356 3157 gnificat.
382 3092 546 3142 Observavit
561 3094 698 3145 Letronne
715 3093 777 3158 (Ro-

235 3175 288 3211 ruo
306 3159 466 3226 Arohdolog.
486 3163 533 3213 IV.
557 3178 585 3227 p.
606 3166 667 3215 472.
693 3162 774 3214 Mem.

195 3251 197 3258 ’
236 3231 269 3281 do
289 3230 394 3281 i'Aoad.
415 3231 461 3281 des
480 3232 566 3285 Inscr.
584 3234 658 3297 xlx,
674 3235 698 3284 1.
712 3249 775 3300 pag.

237 3297 309 3364 1⁶24),
319 3299 346 3350 id
355 3300 493 3366 adiicisus,
507 3302 625 3353 Graecos
638 3319 776 3368 uunquam

233 3369 387 3421 huiusmodi
405 3386 486 3422 voces
497 3370 653 3424 adhibuisse
668 3374 703 3423 ad
716 3389 777 3424 suo-

234 3455 293 3490 rum
318 3441 426 3491 nomine
448 3441 564 3506 proprie,
590 3443 638 3493 sed
661 3457 694 3493 eu
715 3443 775 3508 ipso

235 3509 268 3560 de
286 3525 369 3560 ceusu
385 3511 420 3560 sd
429 3511 541 3562 Persam
561 3526 582 3562 s.
602 3511 711 3563 Modum
729 3527 775 3576 op-

233 3579 365 3645 plieasss,
391 3581 468 3632 cuius
490 3595 584 3631 verum
611 3581 707 3633 nomen
735 3583 775 3632 ite

235 3649 418 3701 adulteratum
435 3651 526 3702 fuerit.

268 3717 392 3786 πρῆγμα,
405 3711 436 3770 τὸ
452 3711 488 3770 άν
505 3733 548 3770 τοι
561 3716 706 3784 προσθέω,
721 3733 773 3784 μη-

234 3783 330 3853 δαμῶς
348 3783 530 3857 παραχρήσῃ]
553 3785 688 3855 μηδαμῶς
710 3787 773 3840 offo·

234 3863 296 3906 runt
310 3859 457 3922 uredinem,
475 3859 677 3911 Schellershem.
693 3858 774 3909 alins-

234 3941 285 3990 que
305 3925 381 3978 liber.
417 3929 490 3978 Hinc
512 3945 571 3980 cum
595 3929 682 3981 Gsisi.
705 3928 772 3979 illud

233 3996 350 4060 recipere
365 4011 419 4046 non
438 3997 631 4049 dubitavimus.
650 3997 704 4049 Alii
720 4014 771 4064 μη-

826 2053 933 2098 vertore
948 2047 1026 2098 lieet:
1045 2063 1112 2112 „nec
1128 2065 1165 2099 me
1183 2049 1309 2113 deceptum
1326 2049 1369 2099 ob-

826 2120 899 2170 iicias
914 2119 1057 2182 periculo.“
1082 2118 1205 2184 Namque
1226 2111 1369 2185 παραβάλ·

827 2186 1014 2237 transscribi:
1031 2189 1144 2250 perierdo
1158 2205 1214 2238 sese
1232 2203 1368 2252 exponere,

825 2257 983 2320 periclitari,¹
1001 2256 1035 2307 de
1052 2272 1105 2322 quo
1125 2257 1243 2308 diximus
1258 2258 1293 2308 sd
1306 2259 1368 2308 Plu-

826 2326 914 2376 tarchi
929 2325 1096 2390 Philopoom.
1116 2341 1179 2392 pag.
1198 2329 1241 2378 52.
1259 2328 1302 2378 Cf.
1313 2329 1367 2377 Ho-

826 2397 915 2447 rodot.
934 2395 1054 2458 vl1,10.
1075 2399 1100 2459 ξ.
1119 2396 1145 2447 8.
1164 2426 1196 2436 -
1211 2396 1301 2447 Verba
1319 2387 1366 2444 ἄλ-

826 2465 892 2522 λους
913 2455 1046 2528 ἑλόμενος
1070 2465 1146 2526 (alios
1168 2465 1276 2530 clipeos)
1294 2465 1365 2514 idem

825 2533 1051 2599 Wytteubaohius
1063 2533 1193 2598 spplicat:
1207 2537 1311 2584 ationem
1322 2530 1366 2582 αἴ-

826 2617 911 2668 ρεσιν,
926 2605 1068 2668 [παλίντιτα
1085 2605 1304 2668 recepissemus
1322 2603 1366 2652 δο-

825 2676 894 2723 minis
923 2673 1037 2738 studens,
1065 2678 1256 2739 comparatque
1278 2675 1367 2724 Xeno-

825 2743 918 2808 phont.
942 2741 1076 2793 Hellenic.
1101 2743 1154 2806 ΙΙΙ,
1181 2744 1205 2806 1,
1229 2745 1254 2794 2.
1278 2773 1313 2782 -
1336 2733 1364 2803 ἐξ

826 2803 945 2876 ὑστέρης
962 2812 1048 2862 valet:
1065 2814 1200 2877 μοιλοιοδο,
1215 2818 1246 2863 ut
1256 2813 1289 2875 V,
1305 2811 1364 2863 106.

825 2882 874 2944 vl,
893 2882 936 2933 85.
956 2881 1035 2933 conf.
1054 2897 1136 2946 supra
1145 2883 1179 2932 od
1191 2883 1213 2947 1,
1227 2883 1261 2934 60
1271 2881 1363 2932 luudd.

825 2983 860 2992 -
877 2952 910 3001 In
929 2953 1056 3017 proximis
1081 2951 1172 3003 verbis
1195 2952 1278 3019 vulgo
1296 2953 1366 3003 desi-

826 3023 936 3073 deretur
964 3033 1023 3086 σοι,
1047 3023 1119 3088 quod
1146 3023 1258 3088 praebet
1281 3022 1366 3073 Medi·

826 3107 889 3144 oeus
902 3092 971 3142 liber
989 3095 1017 3142 et
1035 3091 1104 3142 alius
1120 3093 1271 3156 Parisinus,
1283 3092 1366 3160 quod·

826 3179 876 3228 que
895 3162 1031 3214 Grouovio
1056 3168 1083 3213 ot
1099 3163 1281 3230 Wesseliugio
1305 3177 1365 3228 pro-

825 3233 919 3282 batum
937 3247 1009 3281 nuuc
1027 3232 1054 3281 iu
1072 3237 1149 3282 textu
1171 3233 1279 3299 iegitur.
1311 3231 1365 3284 Alii

825 3302 887 3351 libri
904 3300 1019 3351 offerunt
1039 3293 1087 3364 οδ,
1111 3303 1184 3368 quod
1206 3319 1255 3354 nec
1277 3303 1364 3367 ipsum

825 3365 950 3436 displicet
959 3369 1148 3438 Wssselingio,
1162 3373 1208 3438 qni
1225 3373 1253 3422 in
1262 3378 1364 3422 utram-

826 3457 877 3507 que
895 3445 1059 3491 structuram
1075 3441 1170 3491 landst
1186 3441 1311 3493 Aeschiu.
1330 3441 1363 3490 do

826 3509 900 3561 Fals.
919 3511 1014 3576 Legat.
1034 3525 1061 3574 p.
1080 3509 1128 3561 311
1149 3512 1191 3562 ed.
1208 3511 1299 3562 Reislr.
1320 3509 1360 3558 lo.

825 3580 1009 3645 chrysostom.
1028 3580 1062 3630 V.
1081 3595 1107 3644 p.
1127 3581 1161 3630 24
1189 3581 1221 3630 B.
1237 3581 1270 3630 F.
1298 3577 1360 3628 vn.

824 3665 851 3715 p.
872 3649 921 3702 831
948 3649 977 3700 0.
1002 3649 1136 3700 Matthiae
1160 3649 1247 3701 denuo
1272 3647 1363 3698 omisit

825 3731 878 3780 σοι,
895 3719 993 3784 quippe
1009 3734 1069 3770 cum
1090 3714 1135 3768 σολ
1161 3709 1255 3787 ἐαυτῷ
1276 3718 1362 3769 soloc-

823 3803 883 3837 cum
901 3788 1035 3839 videatur.
1055 3787 1134 3851 Quod
1157 3789 1223 3839 mihi
1244 3789 1363 3840 noudum

823 3871 932 3923 prorsus
955 3863 997 3908 est
1020 3873 1192 3924 persuasum,
1216 3860 1262 3923 qui
1283 3859 1363 3909 libro-

822 3942 882 3976 rum
899 3926 1039 3978 meliorum
1060 3930 1252 3979 auctoritatem
1273 3929 1300 3978 in
1320 3927 1362 3977 his

822 4011 927 4062 quoque
947 3998 1023 4064 sequi
1039 3996 1131 4050 malui.
1157 3998 1317 4050 Schaeierus
1335 4001 1362 4047 et

233 4061 318 4128 δαμή,
332 4063 379 4114 clii
391 4057 595 4132 μηδαμᾶ,ηοοδ
611 4072 771 4132 receperunt
821 4071 934 4118 recenti.
953 4067 1014 4118 edd.
1035 4081 1095 4118 oum
1110 4067 1243 4120 Bredovio
1268 4083 1292 4132 p.
1311 4067 1362 4118 284

232 4132 351 4183 Diodori
367 4139 394 4184 et
408 4135 530 4187 Distsch.
546 4137 588 4186 Ad
606 4137 772 4188 coniunctivi
820 4137 986 4202 scripserunt
1004 4136 1130 4205 σεωυτῷ,
1153 4137 1226 4204 quod
1243 4137 1271 4186 in
1288 4135 1361 4186 nullo

233 4203 347 4253 formum
370 4201 506 4266 προσθέω
534 4204 571 4254 ci.
599 4205 715 4256 Brsdov.
741 4223 769 4271 p.
820 4205 889 4256 libro
905 4205 1014 4272 legitur.
1033 4207 1146 4258 Sensum
1163 4208 1231 4258 bene
1246 4205 1362 4256 reddidit

221 4269 294 4342 ,³⁹4
312 4271 393 4324 Valet
411 4270 437 4323 h.
454 4269 675 4337 inposuimus
694 4278 769 4338 sirpo·
819 4275 934 4325 Latinus
948 4276 1091 4340 interpres:
1110 4292 1198 4340 ,μονα
1214 4289 1245 4326 πο
1258 4305 1292 4316 -
1303 4275 1362 4325 alita

232 4355 301 4406 nere,
315 4339 577 4407 interposuimus
591 4342 724 4407 imperare,
738 4347 769 4394 ut
818 4343 951 4396 dominibus
977 4345 1081 4398 εωδεοι
1112 4347 1161 4397 οδε
1187 4347 1241 4409 ipss
1264 4343 1362 4395 σινδόνι
