3064 4940
1182 253 1199 278 ἡ
1269 311 1327 372 125

642 311 768 372 OLIO.
791 313 816 371 I.
839 321 884 376 ⁵9.

192 483 255 575 τὴν
275 489 461 573 τυραννίδα
478 481 592 574 ἤγειρε
610 493 727 574 τρίτην
747 485 873 556 στάσιν.
900 485 1060 566 συλλέξας
1081 483 1118 554 δὲ
1133 483 1326 568 στασιώτας,

192 592 248 658 καὶ
275 594 320 682 τῷ
346 587 433 680 λόγῳ
460 593 529 657 τῶν
555 584 770 678 ὑπερακρίων
796 586 955 679 προστὰς,
991 592 1177 676 μηχανᾶται
1203 588 1325 658 τοιάδε.

147 699 399 782 98τριοματίσας
422 692 549 762 ἑωυτόν
569 719 604 760 τε
633 695 688 762 καὶ
708 689 866 781 ἡμιόνους
888 690 990 781 ἤλασε
1011 695 1043 772 ἐς
1064 689 1125 780 τὴν
1144 689 1271 782 ἀγορὴν
1290 691 1328 762 τὸ

62 791 65 796 ’
191 801 322 883 ζεῦγος,
350 791 394 875 ὥς
423 795 640 883 ἐκπεφευγὼς
661 795 739 876 τοὺς
760 793 918 884 ἐχθροὺς,
945 801 980 865 οῗ
1004 823 1063 884 μιν
1088 796 1274 866 ἐλαύνοντα
1294 800 1327 876 ἐς

191 961 237 1027 δα]
263 963 471 1027 καταφρονεῖν,
496 962 568 1030 quod
592 963 674 1028 vulgo
693 968 735 1012 est
785 969 829 1012 tur
838 963 1008 1026 Pisistratus,
1024 964 1071 1028 qui
1086 969 1327 1015 reverasuastan-

190 1041 353 1096 contemnere,
368 1032 494 1097 quodque
512 1033 583 1083 binis
607 1033 669 1083 aliis
688 1047 735 1082 no·
786 1039 843 1082 tum
862 1048 905 1082 res
923 1035 952 1082 in
972 1033 1014 1083 hle
1038 1036 1210 1112 spectaverit.
1243 1035 1326 1100 Equi-

191 1104 241 1154 stri
263 1103 403 1168 scriptoris
431 1101 499 1152 loeis
524 1103 561 1170 (1,
589 1103 632 1156 66.
655 1103 733 1166 VIII,
787 1103 857 1167 dem,
881 1109 912 1152 ut
940 1103 1058 1153 concedo
1088 1101 1125 1170 τῷ
1152 1097 1224 1171 λόγῳ
1254 1105 1326 1155 haud

193 1176 246 1237 19.)
268 1173 389 1237 putandi,
415 1175 576 1223 ιπίιιὶιιιοιισί
597 1139 734 1223 notionenl
786 1189 847 1222 raro
865 1173 905 1222 sio
922 1173 1052 1235 adhiberi,
1064 1173 1110 1222 ubi
1124 1175 1269 1238 opponitur
1287 1191 1324 1242 τῳ

191 1244 281 1306 habet,
313 1243 436 1308 quamvis
468 1258 522 1292 nou
552 1243 611 1292 siue
638 1243 733 1293 addita
786 1237 856 1310 ίργῳ
875 1242 918 1292 vel
937 1210 1325 1307 srmrlrbus(1205.11,l(ltl.

190 1313 306 1380 quadam
328 1311 500 1376 arrogantiae
518 1312 561 1362 vel
580 1317 732 1364 contemtus

191 1382 399 1448 significatione,
415 1382 536 1432 hocloco
548 1384 689 1448 affectandi
699 1399 732 1433 ac

190 1453 326 1504 meditandi
342 1453 452 1502 notione
471 1453 558 1517 accipi
573 1468 654 1517 posse
670 1469 732 1503 oon·

190 1523 314 1572 tendunt
353 1521 431 1582 Quod
455 1537 514 1572 oum
532 1522 601 1572 male
620 1523 732 1573 haberet

190 1592 411 1654 Valckenarium,
429 1593 545 1642 coniecit
560 1600 630 1670 (pro
648 1608 732 1642 κατα-

190 1655 363 1726 φρονήσας)ι
393 1657 440 1710 καὶ
471 1655 631 1726 φρονήσας,
659 1665 677 1712 i.
707 1679 730 1712 e.

189 1737 262 1782 etium
288 1732 430 1795 tyrannidis
452 1733 612 1793 occupandae
640 1733 732 1782 surdio-

189 1817 248 1860 sne,-
266 1817 319 1866 quo
337 1815 419 1850 sensu
439 1802 560 1865 φρονεῖν
578 1799 734 1865 τυραννίδα

94 1861 100 1874 ’
191 1873 218 1919 in
242 1870 417 1936 Aristophan.
442 1871 524 1934 Vesp.
549 1871 609 1922 595.
640 1872 735 1936 Neque

190 1955 253 1989 voro
275 1941 378 2005 recepit
396 1939 563 2004 soussign,
589 1939 633 1989 oui
650 1955 734 1988 ιιοιτα-

190 2012 310 2073 φρονεῖν
332 2011 359 2062 h.
383 2010 402 2059 l.
429 2026 477 2075 pro
505 2009 589 2059 verbo
618 2008 734 2074 simplici

193 2081 314 2142 φρονεῖν
331 2081 449 2144 positum
468 2079 584 2142 ridetur,
600 2085 631 2128 ut
649 2093 733 2128 κατα-

189 2145 288 2196 δουιίν
303 2164 351 2212 ριο
370 2147 482 2212 δοκεῖν,
507 2148 562 2198 alia
584 2149 611 2198 id
635 2164 730 2214 genus.

187 2219 246 2268 Nee
267 2217 345 2268 aliter
368 2219 439 2284 apud
463 2219 656 2284 Hippocratem
676 2233 732 2267 κα-

188 2289 358 2350 ταφρονεῖν,
382 2289 429 2338 ubi
457 2288 531 2338 valet
558 2306 623 2339 ιαιια
652 2297 731 2339 ruente

188 2373 254 2418 erre,
274 2360 353 2406 αιιίιιιο
371 2359 432 2422 quid
442 2361 555 2423 operare..
572 2360 648 2421 Quae
665 2358 731 2408 mihi

188 2428 228 2476 ita
240 2427 396 2490 probantur,
411 2432 441 2476 nt
453 2428 570 2493 aliquam
586 2437 660 2480 uerte
669 2443 730 2479 eon-

188 2501 289 2546 temtus
314 2496 451 2546 notionem
469 2497 512 2546 hie
534 2513 640 2563 quoque
659 2498 732 2547 adie-

188 2573 260 2616 ctam
280 2567 439 2626 existimem,
456 2581 537 2629 quam
549 2568 589 2617 ita
599 2567 732 2632 expressit

187 2635 321 2686 Matthiae
339 2635 400 2700 (Gr
423 2603 469 2686 (ln.
493 2636 518 2697 ᾖ,
544 2635 604 2688 ³78
628 2642 685 2688 not.
704 2639 729 2687 2.

188 2722 253 2772 pag.
270 2703 335 2766 696,
353 2705 398 2754 ubi
417 2701 534 2767 vid.:,)
538 2710 588 2768 ,mit
617 2706 731 2757 Verucl-

188 2783 249 2840 ιιιιιρ
271 2778 355 2824 seiuer
380 2775 479 2838 depuer
501 2776 550 2836 mrf
570 2777 611 2827 die
634 2777 731 2826 Alicio

187 2844 333 2906 derrsclost
353 2842 491 2895 stanend.“
526 2846 616 2910 Atque
633 2847 731 2912 Negris

188 2929 296 2994 quoque
308 2904 528 2988 καταφρονήσας
541 2917 664 2994 exponit:
683 2931 731 2964 ιια-

187 2977 223 3033 mir
241 2980 332 3047 φρένα
351 2975 543 3046 ποιησάμενος
560 2999 613 3050 την
630 2999 732 3050 τυραν-

188 3049 265 3114 νίδα,
285 3058 316 3102 ut
331 3051 436 3102 scilieet
449 3066 508 3102 eam
519 3060 673 3118 occuparet.
684 3055 730 3105 Fr.

188 3122 323 3188 Hoeger‘
316 3137 343 3170 ιιι
355 3123 429 3172 Actt.
441 3121 545 3185 philoll.
558 3123 729 3174 Monaoeuss.

188 3193 242 3255 III,
265 3195 292 3243 4.
318 3207 344 3256 p.
369 3191 429 3241 486.
455 3192 538 3241 scribi
561 3194 619 3243 vult
642 3187 731 3257 κάρτα

189 3255 399 3326 φρονήσας-
366 3261 449 3310 —Iu
467 3275 542 3327 seqq.
561 3253 654 3327 ἤγειρε
673 3263 731 3326 (ια-

188 3331 283 3396 citorit)
309 3346 369 3380 eum
392 3329 527 3380 Bredovio
553 3347 580 3395 p.
607 3330 667 3382 300.
698 3331 732 3380 ab

188 3392 286 3466 ἐγείραι
304 3399 488 3465 repetendum,
502 3415 598 3467 nequo,
610 3404 641 3449 ut
658 3402 733 3449 Diet-

187 3470 263 3520 sehio
284 3469 372 3534 placet
396 3469 522 3532 (Jahrbb
542 3471 568 3519 d.
588 3468 685 3528 Philol.
705 3485 732 3518 u.

107 3573 111 3580 ·
174 3539 308 3604 ,Poetae
327 3539 399 3589 LIX.
419 3539 544 3603 p.327.),
564 3529 732 3620 abreptaque

188 3611 290 3670 obstat,
304 3608 387 3684 quod
411 3609 533 3691 sequitur
552 3602 685 3668 συλλέξας
702 3599 734 3656 δε

167 3670 377 3741 1στρατιώταις
404 3677 457 3726 uisi
480 3677 522 3727 bis
542 3677 613 3728 idem
631 3678 733 3727 dixisse

187 3752 300 3814 putetur
318 3747 426 3808 Noster,
446 3747 517 3812 quod
535 3747 599 3796 mihi
624 3747 732 3812 quidem

188 3817 262 3867 haud
280 3817 408 3867 credibile
427 3832 487 3866 esse
504 3817 620 3866 videtur.

224 3882 271 3934 καὶ
295 3883 333 3952 τῷ
361 3879 434 3951 λόγῳ
464 3883 522 3935 τιιῑν
550 3876 732 3950 υπερααρίων

95 3970 100 3978 ·
189 3946 358 4020 πρυστας]ἰ.
381 3971 405 4005 e.
423 3971 476 4004 ιιιιιι
494 3959 607 4006 oratioue
623 3971 731 4018 persuu-

134 4021 140 4032 '
188 4028 265 4075 steret
287 4028 420 4088 montaum,
445 4040 498 4072 ιινιι
520 4039 563 4075 eos
587 4024 670 4075 verbra
688 4025 733 4072 od·

189 4095 320 4155 desisset,
348 4103 376 4143 ut
396 4097 493 4156 prinmo
516 4095 567 4156 ipsi
591 4095 732 4158 deferrent.

189 4161 297 4212 Mavult
314 4161 437 4214 Dietsoh.
457 4162 476 4213 l.
495 4161 514 4212 l.
542 4162 608 4212 haee
633 4164 673 4212 ita
692 4178 735 4212 ae-

190 4231 295 4296 oipere,
319 4237 350 4280 ut
371 4235 456 4294 speeie
478 4239 550 4281 renus
576 4229 628 4298 (τῷ
652 4223 734 4296 λόγῳ,

189 4315 244 4350 zeno
267 4299 370 4362 selein,
394 4301 448 4349 dem
469 4301 561 4350 Nomen
584 4299 661 4356 nortl
678 4305 737 4349 tau-

191 4375 249 4419 tum
274 4371 410 4420 montanis
432 4369 585 4432 praefuisse
602 4371 737 4420 existIme-

785 1314 833 1376 VI,
852 1313 894 1364 38.
916 1313 978 1374 VII,
998 1313 1068 1378 155),
1086 1313 1125 1361 ita
1146 1313 1180 1363 ub
1197 1312 1327 1362 hocloco

783 1384 811 1432 id
830 1383 947 1432 alienum
968 1387 1049 1446 puto,
1073 1383 1100 1430 in
1124 1398 1177 1447 quo
1201 1373 1327 1432 Pisistrri-

782 1459 827 1503 tus
852 1467 906 1502 uon
934 1453 1025 1517 speeie
1049 1457 1156 1502 tantum
1179 1453 1324 1517 verboque,

783 1523 831 1572 sed
855 1537 951 1573 revera
977 1523 1113 1573 montanis
1137 1521 1196 1573 sola
1219 1523 1326 1572 dicendi

782 1594 810 1642 vi
828 1593 967 1657 permotis,
986 1597 1018 1642 ut
1033 1593 1121 1658 ipsum
1139 1599 1325 1658 sequerentur,

782 1663 935 1728 praefuisse
962 1662 1070 1714 dieitur.
1106 1663 1195 1713 Suave
1218 1662 1326 1713 dicendi

784 1747 868 1797 genus
886 1747 1028 1796 moresque
1051 1731 1183 1782 humanos
1208 1735 1235 1782 in
1258 1733 1326 1782 Pisi-

786 1807 872 1850 strato
891 1801 1029 1851 oollaudat
1053 1801 1193 1851 Plutarch.
1218 1804 1246 1850 ln
1268 1803 1324 1850 Vit.

786 1870 877 1922 Solon.
897 1886 957 1935 cap.
977 1870 1020 1932 29,
1038 1870 1084 1918 ubi
1104 1871 1159 1920 vid.
1163 1869 1274 1950 plura,

820 1936 856 1988 οῗ
865 1955 914 2018 μιν
933 1905 1089 1988 ἐλαύνοντα
1107 1930 1169 1996 ἒς’
1153 1931 1243 2002 αγρδν
1258 1932 1326 2018 ἠθέ

784 2008 873 2073 iquos
898 2000 1034 2059 ἀπολέσαι
1065 2005 1169 2074 dritten]
1199 2001 1329 2058 ἑλαυνειν

783 2079 827 2128 hle
844 2078 975 2158 absolute,
996 2079 1040 2128 cui
1057 2078 1139 2144 paulo
1164 2083 1228 2129 ante
1250 2079 1327 2128 addi-

783 2148 860 2199 derat
882 2140 914 2197 τὸ
938 2146 1044 2211 ζεῦγος.
1080 2149 1159 2198 Cous.
1186 2149 1326 2200 SeirasIer.

783 2219 817 2268 ad
836 2218 974 2269 Lambert.
999 2219 1062 2268 Bos
1090 2218 1201 2284 Ellipss
1226 2220 1258 2270 L.
1278 2219 1326 2270 Gr.

782 2305 844 2355 pag.
864 2288 923 2340 868.
944 2287 1005 2338 eoll.
1017 2303 1080 2353 pag.
1097 2289 1139 2338 41.
1152 2279 1327 2354 -ίςαγρὸν

782 2360 870 2422 resero
889 2357 924 2407 ad
939 2357 1000 2408 losa
1011 2359 1120 2415 Atticae
1133 2363 1222 2410 terroe
1234 2359 1325 2424 plana,

781 2429 828 2478 nbi
848 2429 1013 2479 Pedieeormo
1031 2429 1123 2490 factio,
1140 2429 1209 2479 duee
1225 2430 1327 2495 Lyeur-

783 2515 826 2564 go,
852 2497 996 2562 plurimum
1021 2499 1118 2548 valuIt.
1156 2499 1223 2548 Cum
1252 2500 1325 2548 hisee

784 2573 873 2618 autern
904 2569 1025 2632 prordme
1060 2568 1232 2618 eontendIsse
1254 2569 1325 2619 Pisi-

783 2645 899 2688 stratum
922 2643 1019 2687 auotor
1048 2644 1091 2690 eat
1113 2638 1273 2689 Aristoteles
1298 2640 1326 2687 in

782 2707 864 2758 Polit.
881 2709 913 2770 V,
934 2709 959 2757 5.
987 2707 1041 2758 Sed
1060 2709 1171 2758 Forulos
1189 2709 1274 2759 luisse
1292 2721 1325 2758 ex

782 2777 920 2842 Polyaeno
940 2776 973 2840 (Ι,
994 2779 1037 2827 21.
1056 2776 1080 2839 ξ.
1100 2776 1139 2840 3.)
1165 2779 1226 2843 quis
1251 2777 1326 2828 eolli-

783 2851 838 2912 gat,
856 2847 902 2896 ubi
920 2845 1072 2912 Megaoles,
1095 2848 1174 2897 huius
1198 2848 1325 2897 factionis

783 2916 846 2978 dux,
875 2916 1048 2968 adversarius
1074 2919 1229 2966 nominatur
1255 2917 1326 2966 Pisi-

783 2986 872 3047 strati,
891 2987 936 3052 qui
953 2987 1012 3051 ipse
1035 3001 1183 3052 pauperum
1207 3001 1249 3036 res
1275 2987 1327 3036 tui·

782 3061 826 3106 tus
841 3056 885 3105 eit.
912 3057 954 3106 Tu
972 3056 1027 3106 vid.
1052 3071 1135 3121 supra
1159 3057 1273 3121 disputt.
1291 3085 1327 3094 -

782 3126 814 3175 In
839 3141 907 3176 vooe
930 3123 1025 3190 δῆθεν
1048 3126 1157 3192 elegans
1181 3127 1253 3176 inest
1275 3127 1327 3175 iro-

782 3196 845 3245 niae
861 3195 994 3259 quaedam
1013 3195 1186 3262 significatio,
1199 3196 1251 3248 hoe
1269 3197 1326 3246 iere

782 3279 878 3314 sensu:
900 3267 963 3329 „qui
983 3265 1113 3319 scilieet
1136 3267 1169 3332 (s.
1194 3272 1225 3316 ut
1245 3268 1326 3316 simu-

782 3333 869 3397 labat)
892 3336 971 3395 iprrou
993 3338 1019 3384 ιἰι
1041 3350 1141 3398 carpos
1165 3339 1326 3400 proficiscen-

784 3411 830 3451 tem
848 3405 988 3462 interficere
1005 3405 1170 3454 υοίιιιὶιιιιιι.“
1190 3406 1235 3456 Sia
1248 3406 1269 3464 l,
1281 3405 1324 3455 73.
1406 3417 1408 3419 ’

783 3469 833 3530 v1,
853 3471 877 3520 1.
896 3469 938 3521 39.
954 3471 997 3520 66.
1015 3471 1176 3522 AliaZeuue
1189 3473 1224 3523 ad
1232 3473 1325 3537 Vigor.

785 3541 849 3603 pag.
868 3539 928 3588 499.
948 3545 1003 3589 not.
1029 3546 1057 3588 ot
1081 3541 1181 3591 Matth.
1206 3543 1253 3592 Gr.
1278 3541 1324 3591 Gr.

785 3611 809 3670 5.
829 3607 889 3657 693.
910 3623 973 3673 pag.
996 3609 1069 3659 1210.
1089 3603 1191 3667 Deoiq
1211 3607 1327 3674 δῆθεν

784 3678 889 3727 monuit
905 3677 1056 3744 Blomfleld.
1077 3679 1112 3728 ad
1124 3679 1251 3746 Aeschyl.
1262 3679 1326 3730 Pro·

784 3747 865 3797 metir.
876 3745 938 3797 210.
953 3747 995 3798 Ad
1006 3753 1193 3814 argumentum
1206 3749 1248 3802 Or.
1264 3764 1327 3800 eou-

783 3818 837 3868 fert
861 3815 957 3866 similis
980 3817 1084 3868 fraudis
1103 3819 1137 3869 ab
1155 3819 1236 3871 Uliae
1254 3835 1325 3870 eom·

783 3887 883 3938 missas
919 3887 1069 3956 exemplum
1105 3891 1178 3955 apud
1213 3891 1324 3942 Homer.

784 3957 883 4021 Odyss.
902 3957 949 4020 IV,
964 3959 1024 4009 244.
1044 3958 1134 4024 Atque
1146 3961 1225 4010 huius
1240 3961 1326 4026 ipsius

784 4027 959 4076 Pisistratum
985 4026 1048 4077 olim
1076 4029 1217 4080 admonuit
1244 4031 1327 4081 Solon

785 4095 857 4159 apud
869 4095 1008 4146 Plutarch
1026 4098 1081 4148 vit.
1095 4099 1188 4150 Solon.
1207 4115 1267 4165 esp.
1282 4101 1327 4152 36

786 4179 812 4228 p.
838 4165 872 4214 95
898 4167 933 4214 D.
963 4167 1019 4216 Nee
1046 4168 1138 4233 dispar
1163 4174 1206 4220 est
1227 4170 1327 4236 Zopyri

786 4233 861 4282 trous
880 4233 952 4298 apud
965 4235 1097 4287 Herodot.
1117 4238 1170 4300 111,
1189 4239 1236 4289 154
1249 4255 1325 4302 seqq

787 4316 820 4351 ae
842 4303 968 4366 Dionysii
996 4306 1067 4369 apud
1097 4275 1211 4358 Diodor.
1240 4306 1325 4358 Sieul.

787 4371 861 4434 XXI,
880 4371 923 4422 95.
