3064 4940
650 195 777 291 emo
800 231 825 291 ι
847 241 892 294 ιο

1279 237 1337 302 163

199 399 278 480 σοῦ,
301 397 452 487 σταθμὸν
466 401 656 472 διτάλαντα.
691 399 839 474 ἐποιέετο
854 406 891 475 dl
906 409 961 478 καί
976 412 1155 490 λέοντοςί
1123 437 1138 480 ε
1154 411 1237 482 κόνα
1254 441 1334 503 χον-

199 521 264 568 σου
251 496 452 590 ἀπέφθου,
475 509 641 576 ἕλκουσαν
654 505 807 598 σταθμὸν
820 508 965 582 τάλαντα
977 515 1068 583 dexo.
1093 506 1190 640 οὗτος
1205 547 1223 588 ο
1212 512 1336 602 λέων,

199 599 278 672 ἐπεί
288 631 323 672 τε
337 605 556 678 κατεκαίετο
541 637 559 679 o
575 606 612 680 ἒν
626 621 791 698 Δελφοῖσι
805 611 900 702 νηὸς,
921 621 1081 687 κατέπεσε
1095 615 1161 690 ἀπὸ
1175 626 1244 691 τοῖν
1257 617 1332 712 ἡμι-

198 715 384 780 πλινθίων·
414 707 469 780 inl
496 710 559 800 γὰρ
587 713 734 784 τούτοισι
757 720 896 806 ἵδρυτο·
923 721 978 790 καλ
1002 725 1068 792 νῦν
1087 737 1193 794 κεῖται
1222 721 1260 794 ἓν
1287 731 1333 819 τῷ

198 819 398 899 Κορινθίων
420 821 602 910 θησαυρῷ,
629 821 738 888 ἕλκων
759 819 911 910 σταθμὸν
934 826 1079 914 ἕβδομον
1099 821 1332 915 ἡμιτάλαντον.

200 1014 327 1096 singulae
344 1015 411 1066 duas
425 1019 512 1070 minas
530 1018 681 1081 habuerint
698 1037 745 1072 au·
797 1023 829 1071 In
851 1021 968 1072 Bolrlreri
991 1023 1113 1076 Aneedd.
1134 1025 1198 1092 I.p
1201 1026 1280 1090 ,94,
1298 1030 1333 1080 26

195 1085 292 1150 reique
311 1085 398 1136 leonis
416 1093 444 1138 et
461 1088 577 1139 feminae
596 1091 692 1156 signis,
705 1091 745 1141 ita
795 1091 862 1142 haee
872 1091 1010 1211 leguntur
1005 1087 1095 1143 ἕλκει
1108 1087 1251 1176 σταθμον
1269 1065 1334 1148 ἀντὶ

194 1160 227 1205 ut
248 1171 327 1206 omne
340 1155 407 1206 illud
427 1173 522 1210 aurum
540 1160 617 1210 iuxta
635 1163 743 1226 argenti
794 1160 846 1211 τοῦ
870 1151 945 1242 ἄγει·
970 1152 1192 1245 ίκβαλλονσιν’
1173 1181 1212 1223 ως
1235 1156 1333 1216 ἀδόκι-

193 1226 331 1276 rationem
345 1227 518 1282 aestimatum
536 1235 652 1296 quatuor
669 1231 742 1282 mille
791 1245 861 1296 μον
876 1222 1032 1296 Ἡρόδοτος
1050 1229 1162 1301 πρώτῳ.

193 1295 305 1346 9816193
326 1297 453 1350 ⁰ff0⁰⁰¹¹l·
826 1327 933 1385 ἐπείτε
950 1333 1112 1385 κατεκαίετο
1125 1349 1140 1384 o
1130 1325 1182 1386 Ἰν
1193 1336 1333 1402 Δελφοῖσι

231 1388 413 1450 ίτιοιὲιτολ
381 1393 413 1450 dl
435 1397 482 1451 καλ
504 1397 618 1462 λέοντος
639 1397 738 1455 είκόνα
789 1396 868 1473 νηὸς]
886 1405 928 1456 De
946 1405 1045 1470 templo
1065 1404 1197 1470 Delphico
1217 1407 1332 1459 dammis

191 1487 220 1520 ιι.
242 1485 265 1518 τ.
290 1469 326 1536 λ]
350 1471 427 1521 Haec
450 1477 477 1522 et
499 1476 642 1540 sequentia
665 1477 737 1542 apud
788 1481 930 1526 consumto
949 1476 1049 1526 Noster
1067 1475 1178 1538 11,180.
1198 1477 1272 1540 etV,
1287 1479 1330 1542 62,

194 1539 366 1590 Priscianum
384 1540 511 1606 leguntur
530 1543 591 1595 loeo
614 1545 736 1598 laudato.
788 1545 835 1595 ubi
859 1545 914 1596 vid.
940 1551 1009 1597 nott.
1039 1545 1140 1596 Incidit
1170 1546 1236 1610 boe,
1259 1553 1331 1598 teste

179 1609 249 1661 ·Uhi
267 1626 326 1660 curn
346 1611 499 1662 inveniatur
513 1606 671 1678 κατεκὰετο,
686 1616 739 1666 hoe
788 1615 971 1678 PausaniaX,
985 1617 1010 1678 5,
1024 1617 1073 1678 5,
1065 1631 1093 1665 ιιι
1105 1615 1213 1682 Olymp.
1226 1585 1329 1682 LVIII,

191 1685 290 1730 nostro
309 1680 369 1731 loco
387 1683 526 1732 exstitisse
543 1688 623 1748 putat
640 1685 739 1734 Linde·
791 1685 804 1733 l
826 1701 849 1735 τ.
868 1685 919 1735 548
937 1699 962 1735 a.
982 1653 1049 1736 Chr.
1064 1701 1091 1735 n.
1106 1687 1236 1736 archonte
1253 1689 1330 1738 Ετιιί-

190 1765 286 1800 manu.
306 1766 368 1816 pag.
389 1751 449 1804 376.
469 1751 518 1802 Cui
537 1759 619 1816 reete,
638 1755 739 1820 siquid
791 1753 870 1804 elide.
890 1755 976 1804 Vetus
991 1754 1120 1818 templum
1138 1771 1155 1804 a
1173 1755 1329 1820 Trophonio

190 1820 284 1880 video,
296 1819 437 1871 oblocutus
449 1823 647 1874 eatHerruanu
660 1823 735 1890 (pag.
791 1829 873 1888 atque
895 1823 1032 1888 Agamede
1067 1828 1235 1873 exstructum
1263 1826 1330 1875 lere-

190 1889 245 1943 397
264 1889 353 1955 ibid.,)
373 1893 500 1958 quoniam
522 1885 671 1942 resauciare
690 1895 736 1944 At·
789 1893 878 1943 batur.
898 1893 1003 1943 Recens
1019 1893 1090 1958 quod
1103 1893 1330 1958 Amphictyonum

190 1961 250 2010 tica
273 1961 363 2024 potius
387 1961 424 2010 sit
446 1963 533 2012 forma
555 1978 587 2012 ae
614 1963 735 2030 vulgaris
788 1964 864 2014 iussu
886 1962 919 2012 ab
938 1962 1138 2013 Alcmaeonidis
1162 1968 1330 2015 exstructum

190 2029 315 2080 dialecti.
335 2031 377 2081 'Iu
403 2031 457 2082 vid.
480 2031 597 2084 Bredov.
621 2049 648 2098 p.
674 2033 733 2096 140,
787 2039 829 2083 est
847 2031 985 2098 templum,
1004 2033 1092 2098 priore
1112 2031 1278 2098 splendidius
1297 2049 1329 2086 ae

189 2101 239 2166 qui
258 2114 350 2150 omues
369 2101 502 2153 Herodoti
520 2103 594 2153 locos
614 2102 732 2169 collegit.
786 2103 1018 2168 magnificentius,
1042 2117 1124 2168 supra
1152 2103 1246 2154 urbem
1277 2105 1329 2154 fuit

188 2172 234 2221 Ad
254 2175 440 2236 argumentum
453 2171 505 2222 1οοί
522 2171 573 2223 hoc
588 2176 674 2223 teneri
688 2191 733 2225 vo
785 2174 867 2223 situm
884 2173 1033 2239 amplisque
1054 2172 1197 2224 vestibulis
1216 2173 1329 2226 atriisvc

173 2242 294 2290 dumus:
313 2239 418 2291 leonem
430 2257 447 2292 a
459 2242 559 2293 Croeso
577 2243 731 2294 dedicatum

188 2326 253 2362 esse
272 2326 286 2359 e
309 2309 439 2376 religione
456 2312 606 2378 Lydorum,
627 2314 673 2364 ubi
692 2315 733 2365 sol

187 2397 224 2432 ae
241 2379 348 2446 reliqua
369 2381 458 2432 sidera
480 2384 650 2448 potissimum
669 2389 733 2436 sunt

187 2449 350 2514 spectanda.
370 2452 491 2502 Pertinet
509 2469 540 2504 eo
560 2455 680 2505 narratio
699 2455 732 2506 de

186 2520 316 2582 Hercule,
328 2521 374 2585 qui
393 2521 434 2571 vel
453 2523 544 2588 regine
561 2524 653 2588 stirpis
670 2541 732 2575 eou-

187 2591 264 2640 ditor
286 2590 349 2640 olim
373 2591 522 2656 ferebatur,
551 2593 670 2658 pertinet
699 2611 731 2646 eo

185 2659 266 2719 illud,
291 2673 344 2726 quo
367 2675 448 2726 supra
476 2663 504 2712 in
531 2663 615 2728 Gygir
638 2664 732 2714 sabula

185 2731 226 2796 (Ι,
258 2727 305 2786 12)
293 2727 508 2794 lattendimus,
536 2733 673 2796 pertinent
700 2749 732 2784 eo

185 2770 540 2865 alia,quaeiufra1,ll4.
563 2801 733 2868 relatalegi-

185 2885 259 2921 mus.
278 2869 396 2921 Leonem
415 2877 507 2921 autem
531 2871 599 2920 satis
623 2877 732 2922 constat

185 2939 224 2990 ad
246 2939 330 2990 solem
359 2940 470 3006 eiusque
499 2955 578 2990 saera
608 2945 732 3006 spectare

184 3011 276 3074 iisque
293 3011 448 3060 numinibus
466 3009 558 3072 tribui,
576 3011 673 3075 quihus
689 3027 731 3062 so-

184 3081 271 3131 larem
312 3079 367 3130 vim
405 3079 547 3146 designare
587 3079 731 3132 voluerunt

184 3150 328 3202 Asiaticae
343 3155 451 3215 gentes:
466 3165 548 3214 quare
562 3149 675 3200 eundem
685 3149 731 3201 ad-

185 3221 275 3270 ditum
299 3219 421 3270 videmus
451 3219 504 3284 ipei
531 3217 661 3280 Herculi,
684 3221 730 3286 qui

184 3289 286 3342 solaris
306 3295 347 3340 est
366 3291 441 3350 deus,
461 3290 489 3338 in
507 3289 592 3339 saeris
606 3289 731 3354 Assyrio·

184 3377 255 3420 rum,
264 3375 315 3409 nee
328 3361 486 3410 mirabimur
498 3358 526 3408 in
537 3357 675 3423 Lydorum
691 3376 731 3409 re-

182 3430 349 3496 ligionibus,
378 3445 448 3496 quae
475 3429 509 3480 ab
536 3428 656 3492 Assyriis
687 3429 731 3480 de-

183 3501 286 3552 ductae
299 3503 371 3562 sunt,
384 3499 477 3550 eodem
493 3497 553 3549 loco
571 3499 665 3549 haberi
678 3498 732 3550 leo-

183 3587 258 3632 nem,
281 3585 388 3620 suerum
405 3567 505 3620 animal
524 3583 556 3620 ae
580 3569 730 3626 donarium.

182 3639 308 3704 Delphos
326 3639 388 3691 inde
406 3655 423 3690 a
440 3639 540 3690 Croeso
552 3640 673 3692 missum.
688 3641 730 3691 Tu

182 3709 250 3759 vide
284 3710 392 3774 copiose
422 3708 455 3759 de
478 3707 520 3758 his
547 3709 730 3776 disputantem

184 3777 277 3832 Raoul
290 3778 422 3830 Roehette
438 3779 466 3828 in
485 3785 628 3830 comment.
647 3797 729 3846 supra

180 3853 240 3901 iam
255 3845 306 3911 (ad
324 3847 347 3912 I,
364 3849 388 3912 7,
401 3849 447 3898 ubi
459 3847 528 3912 vid.)
538 3847 651 3900 laudata
662 3866 726 3916 pag.

180 3921 237 3974 312
257 3933 332 3983 seqq.
353 3918 444 3984 etqui
465 3933 519 3968 non
542 3920 630 3970 minua
650 3936 727 3971 aceu-

179 3991 246 4042 ratd
268 3987 301 4037 de
319 3987 409 4051 leone,
428 3987 493 4038 solis
512 3989 633 4054 symbolo
652 3989 727 4040 inde·

179 4075 238 4128 qne
263 4057 372 4108 deorum
390 4026 517 4108 slilarium
536 4060 642 4120 comite,
661 4059 726 4110 scri·

179 4129 243 4198 psit
263 4127 375 4178 Rivola
397 4127 519 4178 Bacchus
536 4144 562 4179 u.
578 4097 725 4180 Peulbeus.

178 4203 217 4253 P.
236 4197 277 4250 11.
298 4213 325 4262 p.
346 4197 377 4248 15
395 4213 470 4262 seqq.

217 4297 358 4354 ἕλκουσαν
370 4291 499 4365 σταθμὸν
514 4293 636 4351 τάλαντα
646 4295 725 4367 δέκα]

784 2249 917 2294 omatum.
939 2241 1000 2294 Vid.
1019 2243 1108 2294 Kruse
1126 2243 1221 2294 Hellas
1244 2245 1282 2308 II,
1300 2247 1326 2296 ².

783 2329 847 2379 pag.
872 2313 914 2365 ’.46
938 2313 1035 2364 37.-
1000 2305 1123 2377 -νηὸς
1146 2313 1190 2364 bie
1216 2315 1274 2364 de
1267 2329 1328 2382 ipse

784 2385 850 2434 aede
868 2383 974 2434 aeolia
989 2381 1194 2448 intelligendum
1207 2399 1266 2434 esse
1281 2401 1326 2436 ne-

783 2469 835 2520 que
850 2454 883 2503 de
900 2457 958 2504 toto
970 2452 1079 2518 templo,
1094 2453 1166 2518 quod
1177 2459 1219 2504 eat
1238 2447 1326 2520 ἱερὸν,

783 2529 935 2573 monstrant
952 2523 1070 2573 aliiloei
1094 2523 1131 2584 ΙΙ,
1151 2522 1209 2574 138.
1229 2525 1262 2586 V,
1281 2525 1325 2576 45.

782 2595 831 2657 Vl,
856 2593 898 2644 19.
921 2593 1000 2656 VIII,
1025 2591 1067 2655 ³7,
1097 2561 1132 2643 ad
1159 2609 1226 2658 quos
1250 2561 1326 2645 locos

783 2632 838 2714 vid
865 2667 933 2713 nott.
963 2667 991 2713 et
1020 2663 1092 2713 eous.
1122 2677 1192 2728 quae
1216 2662 1325 2715 Ulriehs

782 2733 834 2784 hae
846 2733 878 2784 de
895 2749 963 2784 voce
978 2732 1091 2794 monuit,
1102 2731 1272 2784 Herodotum
1285 2749 1325 2785 re-

783 2804 909 2923 spIcipuq,
929 2803 956 2852 in
974 2802 1057 2923 lqilsiro:
1083 2803 1184 2853 Reisen
1206 2803 1234 2852 in
1251 2804 1325 2855 Grie-

783 2887 871 2924 eeu.
907 2888 959 2938 .p.
1015 2907 1022 2922 .

817 2965 862 3025 lul
885 2967 938 3040 γὰρ
963 2967 1088 3026 τούτοισι
1112 2971 1221 3041 ἴδοντο]
1246 2975 1325 3038 Quod

781 3045 925 3108 lateribus,
945 3061 996 3096 uec
1013 3043 1060 3096 alii
1077 3045 1137 3096 basi
1161 3043 1274 3109 solidae,
1296 3063 1322 3097 v.

782 3131 805 3166 e.
825 3115 908 3180 lapidi
927 3115 1072 3166 metalleve
1090 3115 1187 3179 solido,
1209 3115 1251 3167 leo
1270 3115 1323 3168 iste

781 3185 1005 3250 superimpositus
1030 3185 1096 3248 fuit,
1120 3185 1148 3236 in
1170 3201 1202 3236 eo
1223 3188 1323 3252 respici

781 3255 877 3305 volunt
895 3269 995 3304 morem
1012 3253 1183 3318 aedificandi,
1201 3257 1248 3320 qui
1261 3258 1324 3308 Sar-

782 3324 861 3374 dibus
879 3323 987 3373 omnino
1011 3324 1137 3386 obtinuit,
1161 3325 1208 3374 uhi
1231 3325 1323 3390 singn-

782 3394 825 3444 lee
838 3393 980 3444 aedesnon
987 3391 1132 3458 lapidibus,
1144 3393 1192 3442 sed
1209 3393 1321 3444 calamis

781 3463 825 3514 vel
836 3461 967 3512 lateribus
975 3463 1060 3512 coetis
1070 3465 1224 3512 exstructae
1234 3468 1321 3513 erant.

782 3533 843 3584 Vid.
859 3531 991 3582 Herodot.
1003 3531 1036 3593 V,
1048 3527 1107 3581 101.
1117 3529 1262 3594 Antholog.
1276 3533 1321 3584 Br.

781 3603 818 3666 II,
833 3603 894 3654 157.
914 3602 995 3652 Hune
1006 3615 1106 3650 morem
1120 3605 1229 3650 secutus
1241 3599 1322 3652 Croe-

781 3689 827 3725 sus
843 3671 931 3739 ¹leonia
950 3669 1029 3720 basin
1052 3667 1134 3719 simili
1153 3669 1233 3720 modo
1252 3685 1267 3721 e
1284 3669 1322 3722 la-

780 3744 884 3795 teribus
908 3739 1006 3804 effecit,
1031 3755 1124 3790 verum
1147 3756 1201 3792 uon
1225 3743 1320 3805 coetis,

779 3814 827 3865 sed
853 3811 952 3864 aureis.
988 3813 1112 3876 Quatuor
1138 3809 1237 3863 lateres
1260 3813 1321 3880 puri

779 3885 838 3935 auri
871 3881 1036 3948 superiorem
1068 3882 1096 3932 iu
1126 3881 1188 3933 basi
1220 3881 1319 3949 locum,

779 3955 824 4005 cui
842 3953 893 4018 ipsi
910 3951 953 4002 leo
971 3956 1172 4018 superstructus
1188 3957 1260 4017 erat,
1281 3959 1320 4005 te·

778 4023 870 4074 nuisse
885 4021 1025 4087 videntur,
1047 4022 1145 4088 reliqui
1161 4023 1260 4075 lateres
1278 4025 1319 4076 in-

777 4094 966 4144 feriorem-
988 4095 1030 4144 De
1048 4093 1246 4144 Corinthiorum
1262 4096 1320 4146 the-

777 4178 857 4214 sauro
885 4163 1224 4226 vid.nott.ad1,ll.
1255 4165 1317 4218 coll.

776 4233 915 4286 Plutarch.
940 4235 974 4287 de
994 4235 1075 4303 Pyth.
1100 4234 1198 4286 Οτιιοο.
1217 4251 1243 4300 p.
1267 4235 1320 4286 460
