3020 4930
257 296 317 358 834
666 291 933 355 EXOURSUS
963 293 980 352 I

256 461 1414 529 Mm.ffimmmffmmmmmwffloemmmOEffim

258 552 403 606 contendit
421 551 549 604 Bochart.
571 551 599 603 in
616 552 720 618 Geogr.
739 569 810 604 sacr.
827 552 849 620 l,
871 555 914 610 42.
938 567 1001 620 pag.
1022 554 1089 615 664,
1114 565 1146 601 ac
1167 562 1256 618 nuper
1278 549 1388 618 quidem

257 633 1388 706 fflffliwspmmmmmmmmmfflwmmmmwb

258 727 434 786 Adrasteom,
463 723 534 774 haud
557 721 669 774 multum
689 739 837 792 sanequarn
859 721 994 773 diversam
1018 736 1034 770 a
1056 718 1177 787 Phrygia
1201 723 1286 771 matre
1308 717 1387 772 dedm

257 808 382 878 adeoque
397 807 483 876 ipsam
498 806 637 874 Cybelen,
654 823 724 876 quae
740 807 813 877 apud
830 808 953 858 Graecos
970 809 1117 860 Adrastaoe
1135 821 1231 856 nomen
1248 804 1387 874 acceperit

257 910 273 943 a
289 891 348 944 loco
362 890 409 943 illo
424 890 578 961 temploque
599 890 783 944 celeberrimo.
823 892 880 954 Qui
897 890 966 943 enim
983 890 1142 943 Adrasteam
1155 887 1262 941 Melissi
1282 889 1389 940 faciant

256 977 352 1044 liliam,
377 993 424 1028 eos
438 976 472 1028 ad
486 976 641 1046 posteriora
655 981 777 1046 tempora
790 976 930 1046 pertinere
944 975 1014 1029 idem
1027 974 1104 1026 addit
1118 974 1137 1026 l.
1154 973 1172 1024 l.
1188 993 1216 1044 p.
1232 979 1292 1033 194.

340 1062 397 1114 Iam
415 1079 482 1113 vero
504 1061 569 1114 haec
590 1053 679 1114 omnia
699 1079 759 1114 eum
781 1061 810 1114 in
831 1062 912 1114 linem
933 1058 1148 1130 disputavimus,
1180 1075 1235 1128 quo
1251 1076 1385 1112 common-

258 1151 376 1200 stremus
397 1146 491 1217 (quod
511 1147 546 1199 ad
564 1146 700 1198 Herodoti
720 1146 904 1200 narrationem
926 1144 1126 1198 diiudicandum
1151 1143 1273 1196 nonnihil
1294 1145 1387 1196 lacere

257 1231 377 1302 potest),
402 1231 511 1285 Adrasti
532 1249 628 1284 nomen
650 1231 674 1283 si
691 1230 841 1300 Phrygium
862 1231 914 1298 sit,
943 1235 971 1282 et
989 1231 1079 1300 ipsum
1096 1228 1236 1298 pertinere
1257 1229 1292 1280 ad
1307 1246 1387 1282 sacra

257 1333 352 1385 regum
368 1315 483 1382 nomina,
497 1332 513 1368 a
526 1315 682 1369 numinibus
697 1316 807 1370 summis
818 1315 949 1386 repetita3
966 1320 997 1367 ut
1011 1313 1148 1367 Adrastus
1165 1313 1245 1383 qussi
1259 1313 1387 1366 alumnus

257 1401 435 1472 perhibeatur
452 1400 519 1453 deae
535 1399 685 1454 Adrasteae
701 1402 741 1473 (h.
759 1420 783 1454 e.
800 1401 918 1454 Veneris
936 1399 1065 1452 Victricis
1084 1418 1107 1452 s.
1124 1399 1268 1452 Minervae
1284 1399 1386 1451 Victri-

258 1488 299 1540 cis
318 1493 346 1538 et
360 1484 500 1552 Ultricis).
533 1485 633 1538 Verum
648 1503 665 1538 a
679 1488 787 1538 Graeca
801 1486 889 1556 stirpe
910 1486 936 1538 si
952 1489 1094 1554 repetatur
1109 1501 1204 1536 nomen
1226 1487 1295 1556 (quo
1310 1484 1389 1536 ducit

258 1571 355 1624 fratris
374 1570 408 1621 ab
423 1569 542 1622 Adrasto
555 1570 695 1623 interfecti
713 1589 808 1625 nomen
824 1571 997 1643 Agammeia),
1014 1569 1082 1622 illud
1097 1569 1190 1638 potius
1206 1570 1388 1638 spectandum

259 1656 383 1723 videtur,
410 1659 441 1708 ut
460 1653 597 1708 Adrastus
620 1656 698 1709 modo
720 1659 792 1711 ultor
809 1657 847 1708 sit
869 1655 1107 1726 (quemadmodum
1128 1653 1208 1705 Talai
1234 1653 1279 1706 ille
1302 1653 1388 1720 filius,

259 1745 341 1794 notus
362 1740 390 1791 in
411 1739 598 1809 Epigonorum
619 1741 754 1794 adversus
771 1741 883 1794 Thebas
905 1739 1096 1811 expeditione,
1126 1739 1212 1791 irater
1226 1738 1387 1808 Eriphyles,

259 1843 332 1895 quae
351 1823 434 1877 fatale
457 1824 533 1878 istud
554 1826 652 1878 monile
673 1831 733 1878 erat
753 1831 849 1895 nacta,
872 1826 921 1895 qui
940 1825 1011 1878 idern
1032 1824 1157 1892 Tydeum
1183 1824 1327 1892 perfugam
1353 1824 1388 1875 ob

257 1911 353 1964 fratris
381 1909 490 1962 caedem
517 1910 637 1980 expiat),
663 1910 740 1963 modo
762 1911 883 1982 punitas,
910 1929 987 1978 sons,
1013 1911 1119 1980 infelix,
1140 1916 1250 1980 sagae,
1280 1925 1388 1978 suaque

257 1995 347 2065 ipsius
367 2011 447 2046 manu
469 1996 646 2063 occumbens,
676 2001 707 2048 ut
728 1995 773 2048 ille
791 1995 922 2049 Herculis
943 1995 1027 2048 lilius.
1062 1994 1123 2047 Nec
1145 1993 1290 2059 abhorret,
1314 1993 1389 2062 quod

258 2081 326 2134 deae
338 2079 450 2132 Nemesi
467 2078 604 2132 Adrastus
619 2081 728 2150 quidam
739 2081 868 2150 templum
882 2079 1024 2132 dedicasse
1039 2079 1173 2146 traditur3
1198 2079 1248 2130 hoc
1266 2079 1339 2131 eninr
1354 2077 1389 2129 ad

258 2165 375 2218 Troicas
389 2164 580 2236 Phrygiasque
596 2165 745 2234 religiones
760 2166 857 2236 utique
869 2165 999 2235 pertinet.
1027 2164 1103 2227 Quin
1113 2163 1290 2216 Herodoteus
1301 2161 1388 2214 Adra-

259 2255 336 2316 stus,
359 2248 458 2301 Gordii
479 2248 594 2317 Phrygii
616 2250 706 2318 lilius,
729 2251 875 2304 Nemesios
899 2249 979 2320 qussi
1000 2249 1124 2302 minister
1140 2267 1171 2301 ac
1192 2247 1311 2300 famulus
1335 2257 1390 2312 est,

258 2334 333 2404 quod
347 2333 493 2386 vindictam
509 2334 614 2386 Croeso
630 2337 751 2404 superbo
766 2335 884 2389 debitam
899 2334 983 2403 exigit
998 2335 1088 2387 occiso
1105 2334 1166 2386 eius
1181 2333 1237 2387 filio
1249 2329 1288 2400 *).
1322 2334 1388 2402 lpse

258 2435 325 2471 vero
346 2433 411 2471 reus
433 2423 489 2486 est,
511 2436 578 2470 sons
599 2436 631 2471 ac
651 2421 736 2488 fugax
758 2439 782 2474 s.
805 2420 897 2488 exsul,
921 2419 969 2488 qui
989 2436 1040 2472 sua
1060 2418 1150 2488 ipsius
1172 2419 1293 2495 denique
1315 2419 1390 2487 pent

258 2501 1388 2574 memmmmnmmmmmmfflmfflmm:

258 2588 332 2640 haud
347 2602 433 2656 pauca
453 2586 482 2638 in
503 2588 694 2658 antiquissima
707 2590 847 2659 Lydorum
861 2607 956 2658 regum
971 2587 1088 2642 historia
1109 2588 1244 2656 inveniri,
1268 2605 1340 2658 qnae
1355 2585 1390 2641 ad

260 2671 418 2741 religionem
434 2672 527 2742 potius
542 2674 689 2727 reserenda
704 2675 761 2728 sint
782 2675 955 2745 animumque
973 2672 1085 2744 pietatis
1107 2673 1262 2744 praeceptis
1277 2675 1390 2726 confor-

261 2757 395 2810 mendum.

345 2841 406 2910 His,
424 2858 495 2912 quae
509 2860 631 2912 magnam
645 2851 749 2914 partem
763 2865 779 2898 e
789 2847 914 2902 &sceeri
927 2843 1037 2898 schedis
1051 2843 1133 2896 ducta
1147 2847 1223 2911 sant,
1239 2842 1291 2895 alia
1305 2861 1392 2914 quaes

260 2927 321 2980 dam
338 2927 438 2980 addere
455 2926 559 2997 placet,
581 2945 652 2998 quae
664 2930 709 2983 ad
723 2931 805 2984 huius
825 2929 992 2985 narrationis
1011 2929 1065 2982 vim
1085 2933 1113 2981 et
1132 2928 1265 2982 rationem
1280 2930 1392 2998 perspi7

260 3012 383 3065 ciendam
397 3012 516 3064 valeant.
546 3013 655 3066 Etenim
671 3018 739 3084 Atys,
759 3016 857 3070 Croesi
872 3016 955 3081 lilius,
975 3013 1022 3085 qui
1037 3013 1204 3066 interficitur
1217 3013 1252 3064 ab
1265 3017 1393 3082 Adrasto,

261 3097 340 3149 cuius
354 3096 437 3149 telum
451 3097 485 3148 ab
501 3114 568 3166 apro
583 3117 606 3151 s.
622 3115 672 3151 sue
687 3101 848 3168 aberravit,¹
866 3105 966 3171 sponte
981 3098 1009 3151 in
1024 3102 1139 3152 mentem
1155 3103 1267 3152 revocat
1283 3102 1352 3168 Atyn
1367 3119 1392 3152 s.

260 3183 334 3236 Attin
346 3181 425 3234 deum
439 3199 489 3251 per
497 3181 643 3251 Phrygiam
654 3183 755 3239 cultum
766 3186 914 3256 eodemque
924 3184 1018 3252 modo,
1033 3201 1088 3255 quo
1099 3183 1259 3250 Adonidem‚
1274 3185 1309 3236 ah
1322 3201 1393 3254 apro

260 3266 447 3320 interemtum:
466 3266 499 3319 de
514 3283 570 3337 qua
584 3285 615 3321 re
632 3270 770 3324 cecinerat
781 3271 978 3324 Hermesianax
993 3274 1066 3322 teste
1082 3267 1203 3322 Pausan.
1219 3267 1281 3336 Vll,
1299 3271 1344 3334 17,
1363 3277 1391 3327 5.

261 3349 386 3419 Utroque
401 3351 466 3419 deo,
488 3351 547 3404 sive
561 3350 632 3420 Atye
647 3354 706 3407 sive
721 3354 854 3424 Adonide,
875 3356 944 3408 satis
960 3359 1069 3407 constat
1083 3353 1184 3406 solaris
1200 3353 1321 3407 numinis
1337 3355 1393 3408 rim

261 3435 410 3504 declarari,
437 3451 570 3506 quarere
592 3437 706 3491 ineunte
724 3440 752 3492 in
774 3457 865 3494 rerum
879 3447 979 3494 natura
998 3439 1087 3491 omnia
1107 3444 1135 3490 et
1155 3439 1347 3507 producantur
1364 3447 1395 3491 et

261 3519 384 3572 alantur:
412 3537 482 3590 quae
503 3521 594 3575 eadem
615 3522 700 3576 hieme
716 3525 861 3578 accedente
881 3524 994 3595 soleque
1017 3523 1163 3576 recedente
1185 3523 1266 3592 plane
1286 3540 1392 3575 marce-

263 3609 346 3657 scunt
360 3603 482 3676 adeoque
497 3611 619 3660 emortua
633 3608 692 3662 sere
711 3610 790 3662 fiunt.
813 3609 873 3662 Hoc
885 3627 952 3664 vero
966 3615 1074 3679 tempus
1090 3606 1203 3660 hiemale
1218 3625 1286 3677 apro
1302 3607 1392 3676 signi-

261 3689 338 3742 ficari
354 3689 439 3742 tradit
453 3688 611 3744 Macrobius
627 3691 685 3745 Sat.
698 3693 719 3760 Ι,
732 3701 783 3754 21:
806 3695 879 3749 unde
896 3695 967 3748 satis
987 3695 1018 3746 iit
1031 3692 1219 3759 manifestum,
1235 3709 1290 3762 quo
1306 3709 1394 3746 sensu

262 3773 332 3841 Atys
353 3775 387 3825 ab
408 3791 475 3844 apro
503 3775 622 3829 interfici
645 3777 767 3846 dicatur3
797 3781 833 3832 cf.
856 3781 989 3834 Creusae.
1012 3778 1105 3846 Symb.
1130 3777 1167 3828 ll.
1195 3795 1224 3846 p.
1244 3780 1305 3836 424·
1328 3782 1394 3838 429-

262 3857 323 3910 coll.
334 3860 396 3918 376.
418 3859 562 3913 Welcker:
581 3859 680 3915 Rhein.
695 3862 769 3917 Mus.
782 3865 855 3932 11,4.
874 3884 901 3936 p.
915 3869 977 3924 504.
1006 3864 1069 3926 Quo
1093 3861 1186 3917 eodem
1205 3863 1291 3916 terme
1308 3862 1394 3926 redit,

263 3943 288 3995 si
307 3959 401 4012 aprum
416 3943 516 3998 Martis
529 3945 655 4015 planetae
673 3947 770 4002 animal
788 3949 878 4018 dicas,
900 3949 980 4002 cuius
995 3947 1096 4001 sideris
1111 3947 1139 4000 vi
1152 3946 1242 4000 omnia
1259 3947 1289 4000 in
1307 3947 1396 4000 terris

264 4027 345 4079 nimio
365 4027 455 4081 calore
473 4035 630 4099 premantur
649 4037 731 4104 atque
749 4033 892 4088 deleantur
907 4033 1049 4103 omnisque
1072 4037 1187 4086 naturae
1206 4031 1249 4084 vis
1264 4049 1396 4102 procrea-

262 4111 316 4162 trix
338 4121 462 4166 emortua
482 4116 541 4168 lere
562 4116 704 4186 videatur,
728 4121 801 4172 utlit
815 4119 920 4173 hiemali
939 4125 1078 4186 tempore3
1108 4117 1164 4172 rid.
1186 4117 1316 4172 Movere:
1342 4117 1397 4169 Die

263 4241 476 4256 *¹¹*—

313 4303 358 4391 f)
384 4309 462 4365 Ocni.
478 4311 581 4370 Herod.
600 4314 623 4380 1,
642 4315 677 4368 34
696 4315 733 4368 in.
758 4311 836 4384 ἔλαβε
859 4307 888 4368 ia
906 4313 980 4367 θεοῦ
998 4313 1107 4383 νέμεσις
1127 4308 1232 4388 μεγάλη
1251 4314 1396 4382 Κροῖσον.

266 4375 320 4428 Ubi
341 4382 413 4434 conl.
433 4389 504 4436 nott.
1025 4415 1028 4426 ·
1079 4409 1082 4416 ’
1181 4425 1187 4438 .
