3064 4940
684 287 957 352 HERODO'PI

251 285 310 356 138

200 475 241 537 65
330 465 414 549 Τούς
446 469 508 555 μέν
540 493 607 536 νυν
637 459 839 554 ’.46ηναίους
863 468 1000 536 τοιαῦτα
1029 462 1089 534 τὸν
1113 465 1236 555 χρόνον
1262 473 1381 540 τοῦτον

248 571 460 644 ἐπυνθάνετο
480 567 498 640 ὁ
513 579 658 660 Κροῖσος
676 571 870 656 κατέχοντα·
900 567 977 650 τούς
991 568 1028 638 δὲ
1041 575 1331 659 Λακεδαιμονίους
1345 576 1381 643 ἐκ

248 683 362 748 κακῶν
382 704 417 746 τε
436 675 592 765 μεγάλων
613 673 837 762 πεφευγότας,
866 675 923 742 καὶ
943 673 1059 753 ἐόντας
1083 671 1148 762 ἤδη
1173 681 1220 768 τῷ
1249 679 1379 772 πολέμῳ

248 784 514 870 κατυπερτέρους
532 779 733 867 Τεγεητέων.
761 778 816 847 ἐπὶ
838 775 901 867 γύρ
915 781 1058 857 Λέοντος
1071 779 1307 865 βασιλεύοντος
1325 783 1382 850 καὶ

242 883 456 975 Ἡγησικλέος
476 887 513 954 ἐν
532 882 672 972 Σπάρτῃ
694 879 772 961 τούς
794 878 916 961 ἄλλους
937 883 1101 970 πολέμους
1121 878 1332 971 εὐτυχέοντες
1351 890 1385 956 of

246 988 506 1077 Λακεδαιμόνιοι
539 985 622 1075 πρὸς
647 985 809 1076 Τεγεήτας
833 985 980 1075 μούνους
1005 989 1239 1075 προσέπταιον.
1279 985 1317 1057 sd
1344 969 1381 1060 dl

249 1161 308 1214 ll7.
334 1164 361 1210 et
384 1156 456 1210 Guil.
480 1155 607 1206 Vischer:
630 1155 721 1206 Uebcr
744 1156 787 1206 die
833 1145 988 1220 Ἑλλήνων]
1007 1154 1111 1205 Eodem
1128 1159 1235 1220 spectat
1245 1156 1380 1222 Thucydi
1440 1179 1442 1184 ·

246 1230 370 1294 Stellnng
394 1229 441 1278 des
463 1225 639 1277 Geschlechts
662 1226 709 1276 der
728 1226 790 1278 Alc-

841 1226 882 1276 dis
904 1225 1089 1276 testimoninm
1111 1225 1138 1288 I,
1163 1225 1196 1278 16
1220 1227 1379 1278 scribentis.

248 1299 382 1351 maeonid
395 1291 704 1378 (Basil.1847.)p.13.
723 1297 791 1347 Inde
840 1287 928 1360 ἡγὰρ
948 1291 1141 1376 Λακεδαίμων
1156 1287 1225 1358 μετὰ
1247 1289 1304 1376 τὴν
1322 1296 1379 1347 κτί-

245 1387 300 1421 rec.
334 1369 395 1420 edd.
429 1369 588 1431 receperunt
610 1357 789 1430 Ἀλκμαιωνι-

246 1438 321 1490 dicor
339 1438 433 1489 inritis
452 1437 529 1488 libris
547 1436 672 1499 scriptis,
692 1453 708 1487 a
733 1437 790 1503 qui-

246 1511 297 1562 bus
316 1526 366 1576 ego
385 1507 523 1558 discedere
539 1505 623 1556 nolui.

431 1681 497 1732 (iar.
520 1679 603 1730 LXV.

280 1775 332 1834 τὸν
362 1776 468 1849 χρόνον
495 1779 608 1850 τοῦτον]
635 1782 678 1834 Ad
700 1788 788 1836 toturn

244 1855 311 1906 illud
329 1861 434 1920 tempus
454 1853 649 1904 discordiarum
667 1855 786 1906 civilium

245 1928 345 1977 Noster
363 1929 478 1990 spectat,
500 1925 529 1974 in
553 1925 625 1989 quod
648 1925 788 1976 Pisistrati

244 1997 345 2062 pluries
365 1995 478 2046 Athenis
498 1995 578 2045 eiecti
602 2010 689 2059 eoque
712 1997 787 2046 rede-

244 2066 317 2116 untis
332 2081 375 2116 res
393 2065 524 2114 incidunt.
549 2064 591 2115 Cf.
615 2069 685 2115 nott.
709 2065 745 2116 ad
763 2065 785 2124 Ι,

244 2137 288 2188 fri).
303 2135 336 2185 64
351 2135 412 2184 init.
431 2166 466 2174 -
489 2135 564 2196 Quae
579 2141 738 2200 sequuntur,
752 2135 786 2185 ad

244 2206 384 2256 Laconum
401 2220 444 2254 res
465 2205 602 2270 pertinent
625 2210 653 2254 et
676 2205 711 2256 ad
733 2206 786 2269 Ly·

244 2275 474 2394 οιέἷςέαἰιμιωὶιμοο,
495 2275 546 2393 ὴμο
563 2274 624 2394 leeg
643 2276 787 2395 ⁰⁰ss⁸⁸i⁰¹¹l³

244 2362 260 2395 ο
291 2360 308 2395 a
374 2361 408 2395 an
462 2359 604 2396 raeereun
624 2361 650 2395 a.
696 2362 710 2395 e
747 2361 786 2394 ur-

244 2417 295 2465 bus
313 2415 342 2464 in
359 2361 514 2465 nnivedsnm
530 2429 664 2479 exponere
677 2361 786 2465 nouqat-

244 2487 314 2536 tinet
331 2489 394 2551 post
413 2501 457 2548 ea,
477 2501 546 2550 qnae
569 2489 611 2535 tot
633 2485 686 2536 viri
710 2485 784 2535 docti

244 2561 272 2607 et
299 2556 449 2606 recentiore
477 2559 568 2606 aetate
597 2559 624 2606 et
647 2555 784 2622 superiore

244 2626 278 2676 de
296 2626 339 2676 his
363 2626 443 2676 rebus
467 2623 698 2690 conscripserunt,
719 2641 783 2687 quo-

243 2713 302 2746 rum
312 2701 488 2760 conspectum
498 2695 607 2746 exhibet
626 2696 656 2746 G.
670 2697 702 2746 F.
714 2697 783 2746 Her-

243 2781 334 2817 mann.
352 2765 459 2817 Griech.
478 2765 681 2816 Staatsalterth.
700 2765 724 2828 ᾖ.
738 2765 782 2816 23.

243 2841 299 2887 ιιο1.
322 2837 346 2887 l.
366 2835 407 2886 ed.
428 2841 532 2901 quart.;
551 2851 634 2886 unum
653 2851 724 2886 nunc
736 2835 782 2886 ad-

244 2907 277 2956 do
301 2908 416 2957 Kortiim
449 2905 556 2957 Griech.
582 2905 679 2958 Gescb.
703 2906 726 2956 1.
753 2923 780 2971 p.

244 2978 295 3030 104
322 2991 397 3042 seqq.
426 2975 483 3026 Nos
512 2991 545 3028 ea
570 2980 688 3039 tantum,
713 2991 783 3042 quae

241 3045 277 3096 ad
294 3045 463 3096 Herodotum
486 3045 674 3111 explicandum
699 3047 782 3110 perti-

241 3120 316 3175 nent,
335 3116 488 3167 afferamus.

277 3180 324 3234 καὶ
350 3176 540 3250 Ἡγησικλέος]
572 3183 651 3266 Apud
680 3185 783 3236 Pansa-

242 3255 316 3304 niam
346 3256 398 3317 111,
429 3256 454 3304 7.
486 3254 585 3305 dicitnr
611 3245 779 3317 Ἀγασικλῆς

241 3325 379 3376 Aristonis
397 3328 484 3390 pater,
504 3325 538 3374 de
555 3325 648 3388 quel,
664 3323 698 3374 67
719 3325 779 3375 luit.

241 3396 312 3446 Add.
335 3398 456 3446 Peneon.
480 3395 533 3455 Ill,
556 3393 582 3444 3.
615 3394 716 3444 Incidit
739 3411 781 3446 re·

241 3482 322 3529 gurim
347 3466 447 3516 Leonis
473 3469 500 3514 et
526 3463 680 3529 Hegesiclis
707 3465 780 3515 circa

240 3535 379 3589 uuo-590
397 3541 460 3586 ante
478 3534 541 3584 Chr.
566 3549 593 3584 n.
617 3533 780 3585 observante

241 3607 359 3687 Clintqn.
377 3608 455 3657 Fast.
473 3603 546 3654 Hell.
564 3603 587 3653 1.
608 3619 634 3668 p.
654 3602 716 3656 336.

275 3669 347 3738 πρὸς
370 3667 509 3741 Τεγεήτας
529 3663 656 3736 μούνους
677 3670 778 3736 προσέ-

841 1379 886 1416 σιν
907 1362 965 1414 τῶν
994 1361 1048 1416 νύν
1074 1355 1165 1428 αύτὴν
1189 1355 1380 1416 ἐνοικούντων

841 1429 975 1514 Δωριέων
997 1426 1042 1484 fut
1075 1423 1252 1485 πλειστον
1231 1451 1272 1484 ων
1298 1433 1379 1500 ἴσμεν

840 1497 946 1570 χρόνον
964 1496 1135 1555 crassescunt
1153 1521 1178 1554 κ.
1196 1520 1219 1553 τ.
1239 1505 1277 1566 7.‚
1297 1511 1380 1572 etque

840 1576 970 1628 Isocratis
988 1577 1082 1626 eadem
1096 1576 1152 1626 fere
1169 1541 1358 1626 declardutis'
1350 1593 1379 1626 in

839 1645 990 1696 Panathen.
1009 1643 1102 1710 (XII.)
1120 1649 1145 1709 ξ.
1166 1645 1224 1696 177.
1240 1661 1262 1696 s.
1279 1662 1306 1711 p.
1317 1647 1376 1698 270.

839 1716 901 1766 vid.
925 1717 1008 1766 etiam
1029 1715 1102 1766 Plnt.
1126 1715 1181 1767 Vit.
1207 1716 1326 1783 Lycurg.
1351 1719 1376 1768 2.

840 1791 867 1837 et
894 1787 965 1836 conf.
996 1787 1111 1837 Kortiim
1140 1785 1247 1838 Griecb.
1280 1787 1378 1840 Gesch.

838 1857 861 1907 I.
888 1873 915 1920 p.
939 1857 997 1909 104.
1035 1856 1113 1920 Quod
1135 1861 1199 1907 ante
1224 1858 1379 1925 Lycurgum

836 1928 949 1989 pessimis
965 1925 1061 1992 lapitas
1078 1943 1137 1978 usos
1154 1943 1209 1978 esee
1229 1927 1379 1993 Spartanos

837 1997 908 2046 inter
932 2011 1024 2047 omnes
1054 1998 1111 2048 fere
1137 1997 1256 2050 Graecos
1284 1999 1379 2050 scribit

836 2066 1002 2129 Herodotus,
1018 2066 1046 2116 id
1065 2067 1095 2119 O.
1111 2067 1145 2119 Ο.
1162 2067 1284 2120 Mueller.
1298 2069 1378 2134 (Dor.

836 2137 875 2186 11.
899 2152 925 2201 p.
951 2138 983 2188 15
1005 2137 1075 2201 seq.)
1098 2137 1133 2188 ad
1159 2139 1252 2204 priora
1276 2139 1378 2190 Dorum

836 2207 965 2256 instituta
984 2211 1109 2269 spectaro
1131 2207 1204 2270 vult,
1227 2213 1378 2273 temporum

837 2275 952 2326 decursu
969 2275 1146 2337 labefactata,
1159 2277 1279 2338 turbata,
1292 2279 1320 2328 in
1333 2279 1378 2328 de-

816 2346 921 2396 ·terins
948 2345 1039 2409 lapsa:
1077 2361 1147 2411 qnae
1179 2348 1242 2410 ipsa
1271 2348 1378 2411 integra

836 2417 915 2480 qnasi
933 2431 1077 2466 revocasse
1096 2421 1123 2466 et
1140 2416 1306 2478 restituisse,
1327 2432 1376 2466 nec

834 2501 898 2535 vero
922 2501 1015 2536 recens
1037 2487 1190 2536 instituisse
1211 2486 1375 2550 Lycurgum,

834 2555 904 2606 idern
923 2557 1020 2606 statuit
1031 2556 1073 2604 vir
1089 2555 1195 2606 doctus.
1213 2555 1375 2604 Accnratius

834 2642 906 2677 nunc
935 2627 962 2675 in
995 2625 1064 2675 banc
1092 2641 1147 2676 rem
1174 2625 1316 2689 inquisivit
1343 2624 1373 2674 O.

833 2697 866 2748 F.
890 2697 1062 2746 Hermannns
1084 2697 1112 2745 in
1133 2695 1318 2760 disputatione
1341 2694 1375 2745 de
1470 2727 1480 2742 .

833 2770 908 2816 statu
932 2765 1207 2816 Lacedaemoniorum
1236 2769 1299 2814 ants
1322 2767 1374 2829 Ly-

833 2851 943 2900 curgum
980 2834 1102 2900 (antiqq.
1137 2835 1282 2886 Laconico.
1313 2835 1376 2886 libri

833 2909 958 2970 quatuor.
982 2905 1120 2970 Marbnrg.
1150 2906 1227 2958 1841.
1251 2905 1289 2972 4.)
1311 2921 1374 2971 pag.

833 2976 849 3028 3
868 2991 943 3041 seqq.
962 2975 1042 3040 idque
1054 2976 1171 3037 edocuit,
1184 2975 1256 3026 hunc
1274 2980 1376 3026 statum

832 3061 920 3096 rarum
938 3045 1135 3097 Laconicarum
1156 3045 1309 3108 turbatum,
1330 3046 1376 3111 qui

833 3120 896 3166 ante
913 3117 1068 3182 Lycurgum
1091 3116 1158 3178 init,
1183 3115 1251 3166 adeo
1275 3121 1305 3166 ut
1323 3117 1375 3167 La-

833 3186 1020 3237 cedaemonios
1057 3187 1175 3238 omnium
1210 3187 1374 3238 Graecorum

830 3256 955 3319 pessimis
983 3256 1090 3318 legibus
1116 3258 1157 3306 uti
1184 3257 1284 3308 Noster
1311 3257 1375 3307 scri·

830 3325 895 3376 bere
915 3327 1049 3392 potuerit,
1072 3342 1103 3376 eo
1121 3327 1291 3392 potissimum
1309 3327 1374 3376 alla-

830 3401 888 3447 tum
906 3396 992 3446 fuisse
1008 3397 1109 3458 videri,
1134 3397 1206 3462 quod
1230 3401 1372 3461 postquam
1466 3427 1471 3433 -

830 3468 918 3518 Dores
932 3468 1148 3532 Peloponnesum
1166 3466 1283 3531 ingressi
1294 3465 1372 3514 sedes

830 3553 915 3588 novas
939 3537 1111 3602 occuparint,
1141 3537 1211 3586 inter
1238 3535 1319 3584 duces
1347 3549 1370 3582 s.

830 3623 907 3672 reges
926 3611 953 3657 et
975 3609 1063 3672 ipsum
1081 3605 1208 3671 populum
1226 3603 1312 3654 multa
1328 3618 1371 3652 ea-

831 3693 883 3740 qne
901 3675 1185 3741 gravissimadissidia
1201 3679 1295 3724 exorta
1307 3674 1371 3734 siut,

240 3743 391 3810 πταιον]1.
411 3762 435 3796 e.
455 3745 578 3794 adversm
599 3741 723 3808 Ττγτολαε
738 3759 779 3794 so·
830 3751 886 3795 tarn
905 3745 938 3796 de
956 3748 1036 3798 terris
1054 3745 1215 3812 expugnatis
1228 3759 1372 3808 aanrmque

241 3817 278 3865 fos
300 3815 442 3877 infelices·
431 3832 457 3866 m
479 3829 582 3898 papus
588 3820 672 3864 στοαί.
691 3826 779 3874 προσ
830 3815 1035 3878 distributione,
1054 3833 1134 3881 quam
1152 3816 1186 3866 de
1203 3815 1263 3865 aliis
1282 3815 1371 3876 rebus,

241 3881 354 3932 πταίειν
386 3889 414 3934 et
445 3880 623 3946 περιπταίειν
652 3882 779 3947 frequens
831 3885 928 3948 quibus
947 3901 1039 3948 regum
1055 3889 1179 3950 potestas
1200 3885 1307 3950 augeri,
1326 3899 1372 3949 po·

241 3952 292 4002 hoc
315 3966 397 4002 sensu
422 3951 603 4016 (offenderes
596 3970 614 4004 r.
634 3969 658 4003 e.
684 3952 780 4003 sladen
831 3953 888 4018 puli
911 3969 954 4004 res
983 3955 1095 4018 infringi
1116 3955 1268 4006 rideretur.
1291 3970 1372 4020 quum

241 4019 371 4084 accipere)
390 4026 447 4071 tum
465 4023 538 4084 apud
559 4022 727 4074 Herodotum
746 4020 779 4085 (1,
831 4039 943 4085 „,reges
971 4025 1018 4088 qui
1037 4027 1184 4088 potestatis
1210 4040 1276 4075 suae
1305 4023 1372 4076 fines

243 4090 976 4154 16.11,161.111,16.ΙἿ,45ο1ο.),οι1οπιΙοιο
1009 4094 1123 4158 plusque
1154 4095 1207 4145 sibi
1242 4110 1323 4159 quam
1354 4110 1372 4144 a

241 4165 299 4210 tnm
317 4159 388 4223 apud
411 4160 490 4210 alios
529 4159 592 4210 Vid.
620 4165 721 4213 notatt
745 4160 779 4212 ad
831 4163 978 4212 maioribus
994 4163 1125 4232 traditum
1144 4164 1373 4228 accepissentau-

240 4228 378 4282 Plutarch.
395 4229 492 4307 Pyrrh.
511 4245 573 4294 pag.
593 4229 651 4281 166.
830 4233 966 4283 ctoritatis
985 4227 1112 4298 arrogare
1131 4236 1284 4296 studerent,
1305 4234 1373 4284 indi-

276 4291 350 4349 τοδε
361 4293 401 4347 ἔτι
411 4311 550 4378 προτερον
558 4313 668 4348 τουτων
676 4297 724 4349 καὶ
730 4315 779 4350 κα
830 4317 960 4368 genarum
979 4303 1031 4352 sibi
1044 4304 1150 4354 animos
1165 4305 1312 4355 conciliare
1330 4319 1372 4352 ao-

240 4359 433 4435 ιιονομιύτατοι
449 4355 523 4434 ἦσαν
545 4359 647 4434 σχεδὸν
664 4361 780 4420 πάντων
829 4388 941 4440 τύπτομαι
966 4387 1048 4438 opera
1071 4379 1168 4424 contra
1190 4375 1264 4438 ipsos
1288 4387 1372 4439 popu·
