3086 4952
631 291 804 356 0L10.1.
830 303 890 358 106.
1267 290 1328 354 235

179 466 358 553 ἑκάστων,
384 463 423 536 τὸ
441 465 607 537 ἑκάστοισι
624 469 824 557 ἐπέβαλλον·
853 469 954 560 χωρίς
975 468 1012 538 dl
1029 473 1090 538 τοῦ
1108 467 1235 560 φόρον,
1264 469 1324 564 ἥρ-

179 579 292 655 παζον
311 570 587 660 περιελαύνοντες
602 577 717 659 τοῦτο,
739 570 804 643 ὅτι
822 579 929 662 ἔχοιεν
948 576 1090 643 ἕκαστοι.
1119 575 1324 648 καὶτούτων

177 675 248 765 μὲν
275 673 353 755 τοὺς
376 681 523 757 πλεῦνας
545 675 721 766 Κυαξάρης
750 705 785 747 τε
815 679 870 748 καί
893 682 1009 766 Μῆδοι
1039 681 1241 762 ξεινίσαντες
1268 684 1324 753 καὶ
1355 759 1357 764 ,

134 841 135 844 ,
177 777 480 868 καταμεθύσαντες
509 781 778 874 κατεφόνευσαν,
809 783 864 852 καὶ
897 777 985 851 οὕτω
1016 779 1228 855 άνεσιάσαντο
1261 783 1324 876 τὴν

129 905 167 958 54
179 881 295 973 ἀρχὴν
318 889 450 972 Μῆδοι,
473 885 528 952 καί
551 885 771 974 ἐπεκράτεον,
801 891 871 956 τάν
891 912 954 974 περ
978 889 1034 954 καὶ
1057 886 1229 978 πρότερον.
1266 893 1322 961 καί

177 988 247 1078 τήν
276 1015 313 1056 τε
333 995 442 1058 Νίνον
466 981 556 1057 εἶλον
590 983 649 1070 (ὦς
677 989 714 1058 δὲ
740 984 844 1074 εἷλον,
881 993 918 1058 ἐν
941 991 1080 1079 ἑτέροισι
1108 990 1234 1078 λόγοισι
1262 999 1322 1083 dq-

178 1163 258 1209 trum
268 1156 370 1221 placet:
383 1171 434 1207 uec
447 1157 534 1222 magis
544 1156 643 1222 placet,
658 1158 730 1225 quod
782 1173 797 1208 e
814 1156 894 1208 eodd.
914 1171 947 1206 ac
964 1155 1135 1206 versionibus
1152 1159 1271 1223 antiquis
1285 1177 1324 1210 rs-

178 1227 306 1279 Diudors
314 1227 431 1292 recepit:
449 1241 489 1290 χω
510 1222 535 1284 ίς
549 1221 663 1292 μὲνγὰρ
677 1220 729 1292 φό-
780 1216 1323 1293 ροείιιιοιτίᾰοαιαεἩσίοδοςρτοἩρό-

178 1313 243 1348 νων
266 1295 384 1360 (praem
406 1242 524 1358 asedech,
552 1297 629 1348 libris
656 1303 729 1350 certe
780 1295 874 1354 ὄντος.
904 1297 946 1346 De
959 1311 1012 1361 quo
1033 1295 1322 1348 videaturSchneideri

177 1367 294 1432 seriptis
313 1367 439 1418 omnibus
457 1365 560 1418 invitis.
780 1367 922 1418 adnotatio
940 1370 967 1417 et
984 1365 1113 1418 Schoellii
1131 1367 1159 1416 in
1176 1366 1321 1418 Schneide-

214 1429 372 1501 Κυαξάρης
395 1450 424 1486 τε
447 1431 494 1485 καί
518 1435 618 1502 Μῆδοι
642 1434 728 1499 ξεινί-

176 1503 294 1572 σαντες]
320 1503 509 1567 ξεινίσαντες
529 1522 577 1570 pro
600 1503 728 1568 ξενίσαν·

174 1593 224 1635 τες
249 1593 322 1628 nuuc
346 1577 404 1626 iure
429 1591 444 1626 e
469 1575 727 1628 Sobellsrshemisuo

175 1648 253 1698 libro
265 1646 376 1712 alioque
388 1645 513 1696 Parisino
530 1647 647 1710 editum,
666 1663 726 1698 cum

175 1721 283 1770 Noster
308 1719 467 1768 constanter
491 1715 543 1768 hac
574 1717 661 1768 forma
690 1719 727 1768 sit

175 1803 264 1839 usus:
283 1787 340 1838 vid.
359 1786 476 1837 Bredov.
498 1804 523 1852 p.
545 1787 604 1840 llil.

214 1853 265 1906 aul
288 1851 342 1922 τήν
364 1870 392 1906 τε
414 1855 509 1906 Νῖνον
531 1851 617 1922 sileo]
646 1857 725 1910 Geni.

176 1943 243 1978 oum
261 1926 303 1976 his
322 1925 423 1977 Herod.
442 1926 466 1990 I,
487 1925 545 1979 118.
567 1925 624 1980 lea.
661 1928 726 1978 Ilie-

175 2012 310 2062 ronymus
339 1998 367 2046 in
397 1996 529 2047 Chronico
560 2013 577 2046 a
604 1998 727 2062 cyaxare

175 2067 263 2118 bledo
286 2067 386 2117 Ninum
414 2066 558 2117 εαόντετιυα
580 2083 641 2117 osse
666 2085 726 2119 oum

175 2137 292 2199 scribit,
314 2137 446 2188 Graecum
471 2136 633 2188 vocabulum
653 2131 726 2188 aller

175 2207 209 2270 (i.
232 2223 255 2258 e.
277 2203 362 2271 cepit)
381 2207 474 2256 lorsan
495 2206 546 2258 hoo
570 2207 649 2258 modo
667 2209 726 2260 red-

174 2277 261 2328 didit.
303 2277 421 2342 'Iempus
448 2292 528 2340 vero,
556 2293 610 2343 quo
638 2279 725 2330 Ninus

175 2352 263 2412 capta
282 2347 367 2396 luisse
385 2345 555 2412 perhibetur,
573 2347 724 2400 Larcherus

175 2418 281 2468 statuit
303 2431 366 2468 auu.
388 2416 439 2468 003
461 2431 486 2468 a.
513 2417 575 2468 chr.
600 2434 641 2481 u.,
662 2419 725 2469 Vol-

176 2489 260 2538 neius
287 2486 336 2538 5117
362 2501 388 2537 a.
407 2486 470 2537 Chr.
495 2503 522 2537 u.
563 2488 655 2553 Nuper
678 2489 724 2539 ad-

175 2557 290 2608 modum
307 2557 429 2622 pluribus
453 2557 481 2606 iu
498 2556 566 2608 haec
582 2558 725 2622 inquisivit

177 2627 266 2678 Graff.
292 2627 320 2677 in
337 2633 549 2693 programmate,
574 2628 646 2692 quod
664 2645 724 2694 pro·

177 2697 231 2747 ‹liit
250 2695 380 2748 Wetzlar.
402 2696 480 2748 1828.
500 2713 563 2762 pag.
584 2698 613 2748 ll
634 2713 721 2764 seqq,

177 2767 280 2818 Ninum
291 2783 308 2818 a
321 2767 446 2832 cyaxare
455 2781 576 2818 eversam
589 2783 649 2818 esse
659 2785 722 2820 cou-

178 2837 269 2887 tendit
300 2853 372 2887 anuo
400 2835 453 2888 606
481 2853 507 2887 a.
533 2837 597 2890 Chr.
620 2854 648 2888 u.
690 2841 723 2890 In

178 2906 295 2958 eundem
312 2923 412 2958 anuum
433 2906 586 2958 inciderunt
604 2907 721 2960 Glintou.

177 2975 198 3026 1.
216 2977 237 3029 1.
257 2994 282 3042 p.
302 2975 368 3040 269,
394 2976 516 3028 Fischer.
537 2977 556 3028 l.
576 2977 593 3028 l.
617 2995 642 3043 p.
663 2981 722 3044 108,

177 3047 309 3113 Eupleld.
328 3049 356 3097 in
369 3047 515 3098 Dissertat.
531 3047 564 3098 de
579 3049 660 3098 rebus
675 3050 724 3099 As-

177 3133 234 3182 syr.
257 3117 321 3183 p.8
350 3115 441 3181 (Spec.
464 3115 500 3181 I.)
524 3123 552 3168 et
579 3118 657 3183 Spee.
683 3119 722 3172 11.

176 3203 205 3252 p.
224 3189 272 3250 45,
302 3186 469 3239 Itawlinson.
493 3187 597 3238 Abriss.
629 3190 724 3240 ι1.Αε-

779 1439 842 1488 win.
862 1435 994 1502 Philolog.
1015 1437 1064 1487 IX.
1083 1453 1110 1502 p.
1126 1436 1184 1502 209,
1206 1437 1252 1502 qui
1266 1439 1322 1488 Cte-

779 1510 834 1558 rioe
856 1506 940 1558 libros
964 1508 997 1558 de
1013 1506 1185 1572 Assyriorum
1209 1508 1324 1558 historia

778 1577 1031 1643 apudAristotelem
1043 1578 1195 1643 intelligere
1207 1578 1320 1629 mavult.

777 1649 820 1698 De
851 1649 911 1712 ipsa
937 1647 1050 1712 Assyria
1078 1648 1206 1710 historia,
1239 1665 1320 1715 qnam

777 1718 877 1768 Noster
896 1717 968 1767 binis
991 1717 1065 1768 hisce
1083 1717 1150 1768 locis
1168 1718 1320 1783 pollicetur,

778 1788 932 1838 accuratius
959 1787 1103 1851 inquisivit
1123 1788 1321 1853 Wesseliugius

777 1858 936 1907 Dissertatt.
955 1855 1098 1907 Herodoti.
1127 1871 1185 1921 cap.
1206 1858 1230 1906 1.
1249 1875 1275 1922 p.
1294 1858 1319 1909 9.

777 1927 846 1978 Sunt
859 1927 929 1976 enim
940 1926 985 1990 qui
998 1925 1232 1990 peculisreNostri
1242 1943 1321 1992 opus-

778 1995 867 2047 eulum
891 1997 924 2047 de
943 1995 1116 2060 Assyriorum
1139 1995 1253 2046 historia
1277 2014 1320 2048 ex-

778 2067 883 2117 stitisse
892 2065 955 2117 inde
966 2065 1141 2128 concludant;
1155 2081 1320 2133 quamquam

777 2137 873 2187 mirum
890 2135 1011 2201 profecto
1030 2140 1086 2199 est,
1105 2152 1122 2187 a
1140 2137 1247 2188 nemine
1264 2139 1319 2190 allo

777 2208 909 2272 scriptore
926 2207 1083 2271 posterioris
1106 2208 1205 2258 aetatis
1228 2209 1265 2275 (si
1283 2210 1318 2260 ab

775 2293 830 2328 uno
840 2276 996 2328 Aristotelis
1015 2277 1075 2328 loco
1092 2278 1213 2328 incertae
1225 2278 1319 2330 lectio-

776 2348 818 2397 nis
844 2345 1012 2412 discesseris)
1036 2347 1106 2399 banc
1123 2349 1257 2400 Herodoti
1279 2349 1318 2400 hi-

775 2419 888 2468 storiam
914 2418 1052 2482 Assyriam
1080 2417 1197 2470 laudari.
1238 2419 1318 2471 Unde

774 2487 839 2538 mihi
862 2491 935 2538 certe
959 2477 1037 2539 valde
1065 2487 1176 2538 dubium
1200 2488 1317 2552 videtur,

774 2557 942 2608 Herodotum
960 2574 1078 2624 uuquam
1091 2557 1146 2609 tale
1159 2573 1227 2623 opus
1239 2575 1316 2624 prae-

774 2632 815 2679 ter
827 2629 936 2692 Musas,
955 2644 1022 2694 quas
1038 2628 1182 2693 habemus,
1200 2630 1317 2680 conscri-

773 2699 874 2763 psisse;
905 2699 950 2764 qui
980 2715 1039 2749 cum
1062 2699 1171 2764 saepius
1200 2698 1251 2750 hoc
1280 2700 1317 2750 ci-

774 2769 850 2818 tandi
868 2767 947 2818 modo
971 2773 1079 2831 utatur,
1106 2773 1137 2818 ut
1162 2767 1196 2816 ad
1215 2760 1316 2833 ίόγους

773 2838 816 2889 νε1
827 2852 1001 2904 praegressos
1015 2838 1058 2888 vel
1069 2841 1213 2902 sequentes
1223 2853 1317 2888 aman-

774 2908 820 2960 det
842 2908 973 2969 lectores,
999 2907 1071 2958 binis
1096 2906 1150 2955 illis
1168 2905 1236 2956 locis
1256 2922 1317 2956 eam

774 2979 862 3044 operis
881 2977 924 3026 sui
942 2980 1046 3040 partem
1069 2991 1091 3026 s.
1111 2978 1194 3038 caput
1214 2974 1317 3024 intelle-

773 3049 846 3098 xisse
858 3045 979 3109 videtur,
997 3060 1050 3111 quo
1062 3043 1250 3110 peculiariter,
1268 3059 1316 3110 per

774 3117 924 3183 episodium
949 3115 1057 3181 opinor,
1088 3117 1255 3166 tractaverat
1283 3114 1316 3166 de

773 3188 946 3253 Assyriorum
959 3185 1082 3238 historia.
1111 3186 1148 3236 At
1162 3185 1217 3237 tale
1230 3185 1316 3251 episo-

774 3259 847 3308 dium
869 3273 941 3309 nunc
963 3257 1064 3308 frustra
1086 3271 1201 3322 quaeras
1221 3257 1250 3306 iu
1272 3257 1314 3320 iis,

714 3367 721 3380 .
773 3343 843 3396 quae
861 3328 894 3377 de
906 3328 1064 3378 Herodoteo
1082 3342 1162 3392 opere
1176 3327 1261 3377 Musis
1276 3327 1315 3375 iu·

177 3413 204 3463 p.
229 3395 264 3448 94
287 3412 343 3463 seq.
375 3402 401 3447 et
423 3413 448 3462 p.
475 3396 534 3448 118.
576 3400 631 3449 Hie
653 3400 723 3450 euim
773 3399 875 3462 scripto
908 3396 996 3446 adhue
1023 3401 1178 3460 supersunt.
1221 3396 1316 3458 Neque

175 3467 294 3534 probare
306 3467 420 3530 studuit,
433 3466 532 3517 Ninum
542 3473 649 3533 captam
662 3485 723 3520 esso
773 3466 824 3518 hoc
841 3465 946 3515 mirum.
983 3465 1089 3516 Scimus
1108 3465 1179 3514 enim
1194 3463 1315 3514 Herodo-

175 3537 475 3590 anonomaston.
512 3539 612 3589 Martio
632 3553 723 3589 mense
772 3541 830 3588 tum
851 3535 950 3585 multos
973 3549 1020 3599 per
1047 3547 1132 3583 annos
1161 3531 1315 3582 elaborasse

175 3613 293 3659 menate
320 3613 368 3659 aut
391 3606 478 3672 Aprili
508 3609 631 3658 incunte:
664 3608 720 3660 vid.
772 3607 799 3656 in
818 3621 899 3671 opere
918 3602 1112 3654 conscribendo
1130 3600 1314 3666 persingulas

174 3676 722 3743 zeinoohnungd.Babylonque-148.
773 3680 878 3742 partes,
915 3675 1023 3739 saepius
1058 3675 1221 3722 retractatas
1252 3669 1314 3724 illas

212 3737 244 3796 ἐν
261 3737 380 3810 ἑτέροισι
399 3738 506 3811 λόγοισι
521 3738 649 3813 dqior'om]
669 3748 723 3798 Ite·
774 3746 895 3812 quidem,
915 3744 976 3794 aliis
988 3741 1102 3804 additis,
1117 3739 1179 3790 aliis
1192 3741 1313 3806 resectis,

174 3833 236 3868 rum
254 3817 278 3880 1,
299 3817 348 3869 181
373 3816 440 3868 dicit
464 3831 494 3866 se
510 3817 722 3882 Babyloniorum
773 3831 859 3882 usque
882 3815 944 3865 dum
966 3812 1074 3862 Thuriis
1097 3814 1251 3862 versantem
1274 3829 1314 3865 se-

174 3903 270 3954 regum
283 3889 446 3938 mentionem
459 3887 594 3938 iacturum
606 3877 636 3936 ἐν
646 3888 722 3936 τοῖσι
772 3901 832 3936 nem
851 3886 879 3934 in
898 3881 1063 3934 absolvendo
1082 3897 1161 3946 opere
1179 3897 1250 3932 mors
1269 3901 1314 3936 oc-

171 3950 343 4020 Ἀσσυρίοισι
361 3948 479 4021 λόγοισι.
516 3958 606 4022 Atque
618 3957 722 4008 Aristo·
772 3958 894 4020 cuperet.
929 3954 982 4016 Qui
997 3953 1081 4014 igitur
1096 3953 1129 4003 de
1141 3951 1313 4018 Assyriorum

173 4026 244 4079 teles
267 4029 340 4078 Hist.
364 4025 480 4078 Animal.
507 4027 591 4092 VIII,
616 4027 651 4078 20
673 4025 720 4093 (18
771 4025 886 4076 historia
895 4023 1068 4090 peculiariter
1076 4024 1105 4074 in
1117 4023 1238 4090 episodio
1248 4040 1313 4090 quo·

174 4097 218 4150 ed.
236 4097 377 4160 Schneid.)
397 4096 518 4148 eiusdem
535 4098 664 4162 Assyriae
681 4096 721 4146 hi·
772 4096 834 4146 dam
853 4094 895 4156 (ut
911 4111 937 4144 v.
958 4109 981 4144 c.
1003 4092 1035 4142 de
1048 4093 1145 4160 LydIs,
1166 4094 1199 4146 de
1211 4097 1311 4161 Persis,

173 4169 278 4220 storias
309 4167 343 4218 ab
373 4165 512 4220 Herodoto
549 4167 720 4232 conscriptae
770 4165 831 4216 aliis
851 4163 944 4216 eodem
970 4163 1050 4214 modo
1067 4163 1201 4232 loquitur,
1228 4165 1312 4218 histo-

173 4237 299 4290 mcmiuit
316 4241 343 4288 et
359 4237 467 4302 quidem
482 4254 514 4290 so
531 4236 605 4300 loco,
623 4235 671 4286 ubi
686 4236 719 4287 de
770 4235 838 4286 riam
850 4233 1019 4301 persecutus)
1039 4235 1184 4286 mactanda
1203 4236 1256 4286 sibi
1273 4238 1312 4286 ita

172 4308 240 4364 Nini
263 4307 405 4358 obsidione
430 4304 477 4356 ille
499 4307 605 4358 locutus
625 4306 717 4356 luerit.
769 4309 961 4370 proposuerat,
980 4309 1011 4354 ut
1029 4305 1108 4356 initio
1124 4305 1258 4356 librilem
1274 4305 1311 4355 le-

173 4377 230 4433 Sed
248 4378 276 4427 in
299 4375 360 4445 ipso
378 4375 541 4431 Aristoteles
567 4375 629 4428 loco
646 4391 718 4429 nuuc
769 4381 857 4429 oteres
873 4390 906 4428 eo
923 4374 1078 4444 ablegaret,
1100 4375 1125 4426 is
1149 4391 1208 4427 eam
1224 4375 1311 4439 ipsam

177 3273 236 3322 syr.
255 3257 353 3310 Gesch.
373 3273 399 3322 p.
418 3257 452 3310 38
470 3273 485 3308 e
503 3259 626 3308 versione
644 3259 724 3309 Ioau-

176 3327 220 3377 nis
240 3342 257 3377 a
276 3325 431 3392 Gumpaoh,
460 3342 539 3392 quem
564 3329 635 3379 conf.
656 3329 711 3379 ibid
