3088 4922
232 227 293 288 500
666 223 936 287 HERODO'I'I

230 393 270 493 ἧς
289 405 367 492 ρἐι.
411 402 487 489 περὶ
509 399 547 470 δέ
571 403 632 470 τοῦ
652 397 816 489 ῥεύματος
836 395 958 482 αὐτοῦ,
988 392 1036 466 ἐπ’
1059 393 1140 466 ὅσον
1160 393 1369 485 μακρότατον

232 511 429 596 ἱστορεῦντα
454 496 497 593 ἦν
519 505 705 589 ἐξικέσθαι,
731 513 869 593 είρηται.
911 505 1040 571 ἐκδιδοῖ
1067 500 1104 570 δέ
1126 503 1160 580 ἐς
1182 511 1367 588 Αἴγυπτον.

230 608 304 702 ἡδὲ
319 621 490 698 Αίμυπτος
508 613 567 697 τῆς
585 605 718 699 ὀρεινῆς
730 613 886 694 Κιλικίης
905 603 1047 694 μάλιστά
1067 633 1109 694 κη
1129 601 1227 693 ἆντίη
1241 605 1366 674 κέεται·

233 720 396 785 ἐνθεῦτεν
423 712 460 782 δὲ
490 715 523 792 ἐς
547 711 710 801 Σινώπην
737 708 800 800 τὴν
827 712 931 803 ἐντῷ
952 705 1103 802 Εὐξείνῳ
1131 707 1243 802 πόντῳ
1270 711 1369 778 πέντε
1399 761 1403 766 .

233 816 387 908 ἡμερέων
409 822 500 887 ίθεία
521 811 599 896 ὁδὸς
620 811 753 906 εῦζώνω
780 811 897 902 ἀνδρί·
932 808 953 901 ἡ
977 812 1014 882 δὲ
1028 811 1170 900 Σινώπη
1191 817 1238 904 τῷ
1249 808 1368 904 Ἴστρῳ

233 921 401 993 ἐκδιδόντι
417 923 450 1000 ἐς
462 919 640 990 θάλασσαν
659 915 775 988 ἀντίον
790 920 910 987 κέεται.
939 911 1027 985 οῦτω
1047 913 1106 986 τδν
1121 924 1248 984 Νεῖλον
1263 917 1369 984 δοκέω

234 1023 291 1096 διὰ
305 1025 412 1115 πόσης
425 1029 484 1113 τῆς
498 1021 627 1112 Λιβύης
642 1019 806 1104 διεξιόντα
819 1023 1014 1104 ἐξισοῦσθαι
1028 1025 1074 1114 τῷ
1087 1017 1216 1113 Ἴστρῳ.
1241 1025 1370 1088 Νείλου

234 1132 296 1221 μίν
315 1158 381 1200 νυν
405 1130 481 1217 πέρι
501 1131 646 1196 τοσαῦτα
670 1124 830 1214 είρήσθω.

78 1233 84 1244 ’
186 1234 226 1295 35
331 1231 487 1322 Ἔρχομαι
515 1229 552 1300 δὲ
579 1231 656 1318 περὶ
679 1227 855 1316 Αἰγύπτου
882 1223 1120 1316 μηκυνέων
1086 1253 1146 1296 τον
1172 1223 1289 1311 λόγον,
1319 1219 1369 1292 ὅτι

234 1346 374 1407 πλεῖστα
394 1333 575 1422 &copiosa
599 1327 714 1420 ἔχει
692 1363 713 1420 η
734 1329 819 1421 αίίη
841 1336 930 1402 πᾶσα
953 1328 1061 1419 χώρη,
1087 1331 1143 1400 καὶ
1165 1334 1246 1417 ἔργα
1269 1325 1370 1414 λόγου

400 1517 466 1568 Cer.
484 1515 608 1567 XXXIV.
829 1495 1034 1548 monstrandum
1052 1499 1125 1558 eret,
1148 1497 1274 1561 Aegypto
1298 1493 1371 1544 oble.

269 1611 315 1671 ν’
432 1610 610 1685 σου
633 1607 777 1680 u
828 1565 1281 1718 lllltllllltltllrtll
1298 1564 1370 1684 lle:

235 1689 317 1757 σθαι]
337 1691 437 1742 0⁰¹¹f0¹
454 1705 536 1756 ⁵¹¹P¹a
554 1689 591 1752 11,
608 1689 642 1740 29
660 1689 721 1740 11111·
828 1711 905 1758 recte
921 1707 968 1756 vie
985 1706 1121 1770 pergendo
1140 1705 1258 1772 quinque
1275 1703 1370 1756 diebus

270 1768 338 1843 ἡδὲ
357 1776 550 1842 Αίηυπτος-
514 1767 649 1841 -ἆντίη
673 1767 776 1840 κέεται]
828 1777 965 1842 perveniri
987 1781 1079 1840 potest
1097 1776 1215 1841 Sinopen
1241 1775 1276 1827 ed
1301 1775 1375 1837 Pon,

234 1849 399 1899 Meritimem
413 1847 533 1913 Aegypti
552 1862 627 1898 orem
638 1862 692 1898 non
704 1861 777 1910 pror
828 1851 886 1898 turn
909 1847 990 1896 sitem
1016 1851 1043 1896 et
1063 1847 1232 1897 obiacentem
1250 1844 1350 1896 Istro
1342 1859 1370 1892 ru

235 1934 282 1969 sus
299 1918 410 1969 Ciliciae
429 1917 609 1982 respondere,
629 1932 689 1968 cum
706 1931 778 1966 nunc
829 1917 900 1967 idem
917 1931 991 1966 ruere
1015 1931 1044 1966 ee
1064 1917 1231 1967 exoneranti.
1273 1913 1371 1980 Equi-

235 1988 342 2054 quidem
367 1989 435 2039 setis
458 1992 578 2049 constet,
607 1987 635 2036 in
657 1985 778 2036 Herodo-
828 1987 880 2038 bus
904 1986 1027 2036 omnibus
1050 1985 1120 2036 beno
1141 1987 1241 2038 Noster
1263 1984 1371 2036 conclu-

235 2065 301 2121 tum,
320 2058 365 2123 qui
378 2059 499 2123 greviter
515 2057 597 2108 suerit
610 2056 712 2121 lepeus,
730 2055 779 2105 mi·
830 2057 870 2106 dit
899 2071 1044 2106 rumorem:
1075 2055 1167 2106 Nilum
1198 2055 1256 2122 (per
1285 2059 1371 2106 totem

234 2129 306 2178 nime
329 2127 502 2189 invehamur,
530 2126 579 2177 sed
604 2127 710 2176 reniam
738 2123 778 2173 illi
830 2126 964 2188 Africam,
982 2131 1013 2176 ut
1031 2126 1102 2176 lster
1119 2141 1166 2192 per
1184 2130 1271 2177 totem
1286 2127 1371 2176 Euro-

236 2197 342 2258 demue,
366 2199 412 2261 qui
429 2197 458 2246 in
475 2195 629 2246 huiusmodi
647 2196 727 2246 rebus
745 2208 778 2244 ee
831 2197 902 2261 pem)
925 2197 1053 2246 fluentem
1079 2197 1151 2247 Istro
1177 2195 1292 2246 similem
1311 2209 1370 2244 esee

235 2283 289 2317 nou
307 2265 419 2328 viderit,
439 2271 577 2331 queetem
590 2267 700 2315 remotis
713 2269 779 2316 tem·
829 2266 951 2331 beneque
970 2281 1032 2316 cum
1055 2281 1087 2315 eo
1109 2266 1262 2331 compereri
1279 2279 1368 2329 posse.

234 2336 346 2401 poribus
364 2337 411 2386 vix
428 2335 525 2386 melius
538 2336 666 2399 cognosci
683 2339 778 2400 potue·
829 2335 895 2386 Cum
921 2335 991 2385 enim
1014 2339 1157 2401 utrumque
1181 2335 1293 2386 fluvium
1310 2333 1369 2398 peri

235 2407 299 2457 rint.
341 2405 421 2456 Cous
440 2404 551 2456 Rennel.
578 2404 595 2454 l.
620 2403 638 2456 1.
662 2421 689 2470 p.
713 2405 775 2455 455.
830 2404 1014 2485 meridieuop.
1024 2402 1369 2484 perilongitudinisgredu

235 2477 292 2527 Nec
306 2475 387 2525 eliter
405 2475 579 2526 indicendum
593 2475 626 2524 de
639 2489 778 2540 compere-
830 2467 871 2539 (ἐν
889 2472 946 2523 τών
963 2465 1059 2523 αὐτῶν
1078 2465 1186 2538 μέτρων
1203 2465 1368 2556 ὁρμᾶται-

236 2547 323 2608 tioue‚
343 2561 424 2610 quem
447 2546 519 2595 iuter
536 2543 592 2594 Nili
613 2549 695 2609 etque
713 2543 777 2593 Istri
830 2559 890 2609 cep.
909 2543 952 2606 33,
971 2544 1018 2594 ubi
1035 2544 1091 2594 vid.
1112 2543 1193 2608 nott.)
1212 2544 1286 2606 oriri,
1304 2543 1370 2592 elte-

236 2631 342 2666 cureum
367 2614 523 2666 Herodotus
550 2614 669 2666 instituit
695 2620 778 2679 etque
828 2629 887 2664 rum
909 2615 936 2664 in
953 2616 1077 2680 Europe,
1100 2613 1244 2665 alterum
1236 2629 1265 2664 m
1283 2613 1371 2678 Libye

236 2685 304 2736 de''
286 2701 333 2748 us,
355 2700 424 2750 quee
442 2684 476 2734 de
490 2684 590 2748 Sinope
607 2683 726 2746 eddidit,
745 2699 777 2734 ex
830 2699 911 2750 supre
941 2684 1068 2746 dixisset,
1105 2699 1273 2750 consequens
1308 2683 1371 2734 inde

235 2755 426 2806 edversoIstri
438 2754 517 2804 ostiis
530 2753 593 2815 site,
606 2769 676 2819 quee
688 2754 780 2804 omuie
830 2759 902 2816 eret,
930 2755 1072 2819 utriusque
1093 2755 1176 2805 etiem
1193 2769 1300 2805 cursum
1319 2753 1370 2802 ribi

235 2831 365 2891 queutum
383 2841 399 2875 e
418 2840 483 2875 vero
503 2823 680 2886 abhorreant,
707 2839 779 2874 nunc
829 2839 921 2890 perem
939 2823 1099 2888 declerere(
1102 2815 1292 2889 ἐξισοῦσθαι),
1311 2837 1371 2874 cum

235 2911 313 2946 nemo
330 2895 387 2946 fere
404 2895 501 2946 nescit.
521 2893 600 2944 Cous.
614 2893 778 2944 Dehlmenu.
829 2901 944 2959 uterque
975 2895 1072 2945 fluvius
1107 2895 1167 2960 peri
1202 2893 1372 2960 longitudine

235 2965 253 3016 1.
273 2965 291 3016 1.
309 2981 372 3032 peg.
389 2965 432 3016 87.
460 2965 550 3014 Xruse
567 2962 601 3012 de
616 2963 682 3013 lstri
700 2964 777 3014 ostiis
830 2965 960 3016 orientem
986 2979 1080 3014 versus
1112 2964 1265 3016 delebetur.
1308 2962 1370 3014 Vid.

235 3051 262 3100 p.
276 3035 309 3087 32
322 3050 397 3101 seqq
435 3033 495 3096 Quo
515 3033 627 3098 gravius
645 3033 711 3083 illud
727 3037 778 3094 est,
829 3034 940 3086 Koloter
963 3034 982 3085 1.
1004 3049 1086 3116 supre
1110 3034 1190 3084 l.-
1224 3033 1265 3084 Ad
1289 3033 1372 3084 verbe

235 3104 308 3169 quod
339 3105 406 3154 heec
440 3104 501 3168 ipse
530 3102 665 3154 Herodoti
694 3070 778 3153 verbe
829 3119 905 3171 seqq.
918 3095 1002 3154 πέντε
1016 3093 1371 3172 ἡμερέων-εῦζώνφᾶν-

236 3173 326 3224 elieno
349 3173 477 3224 hocloco
502 3171 572 3238 legi,
602 3173 631 3222 in
653 3178 779 3254 quertum
831 3171 881 3256 δρὶ
896 3175 969 3226 cont.
987 3173 1011 3234 1,
1026 3175 1060 3225 72
1077 3175 1144 3241 ihiq.
1162 3179 1232 3225 nott.

236 3243 342 3294 ecrlrcet
354 3243 451 3293 librum
466 3240 623 3306 reiicieude,
642 3243 705 3294 olim
719 3243 779 3308 quis
864 3235 964 3294 ἀντίον
981 3209 1085 3308 κέεται]
1114 3245 1153 3295 De
1171 3243 1264 3295 detivo
1283 3248 1311 3294 et
1327 3258 1372 3308 ge—

236 3313 391 3378 suspicetus
409 3317 477 3363 eret.
514 3311 568 3364 Sed
587 3313 687 3377 optime
710 3328 780 3362 corn-
831 3315 931 3377 nitivo,
952 3315 998 3378 qui
1016 3314 1130 3364 voculae
1144 3304 1243 3363 ἀντίον
1256 3313 1374 3364 edetrui·

236 3383 537 3434 monstrevitVelclren.
541 3381 780 3448 ,beecverhepen
830 3389 887 3448 tur,
907 3383 1203 3450 monuitWesseliug.,
1223 3383 1372 3450 quemvid.

236 3468 317 3518 quem
330 3454 485 3506 necessarie
498 3451 543 3504 hic
554 3468 624 3504 esee.
657 3454 779 3517 Namque
830 3456 872 3506 Tu
884 3455 956 3506 conf.
965 3454 1103 3506 Xuehner.
1112 3455 1160 3506 Gr.
1168 3454 1248 3518 (11.5.
1257 3455 1316 3517 5²2,
1326 3453 1372 3504 dd.

236 3523 394 3574 Herodotus
412 3526 529 3573 treotum
548 3537 710 3588 cursumque
723 3522 779 3572 Nili

237 3597 320 3659 etque
339 3593 405 3644 Istri
422 3597 562 3658 comperet
585 3594 619 3643 eb
639 3592 780 3643 occidente
1004 3577 1070 3626 CM*-
1088 3575 1198 3627 mv·

236 3677 332 3714 versus
352 3664 482 3714 orientem
501 3663 652 3713 fluentium.
683 3663 780 3725 Quem·
856 3651 998 3728 Ερχομαι
1011 3655 1085 3712 δὲ-
1050 3651 1247 3740 -μηκυνίων
1261 3651 1313 3710 τόν
1327 3651 1373 3710 λό-

236 3733 379 3784 edmodum
398 3732 443 3782 ille
457 3731 573 3796 Libyem
591 3732 707 3784 medinm
727 3732 780 3782 dis·
831 3731 892 3798 μου]
903 3732 944 3782 Ad
957 3733 1128 3798 perticipium
1138 3723 1289 3796 μηκυνέων
1301 3729 1374 3782 coni.

237 3809 326 3865 secet,
346 3803 386 3852 ite
401 3802 478 3853 hicce
493 3803 642 3867 Europem;
662 3801 780 3853 illeiluit
830 3807 901 3853 nott.
923 3800 1373 3865 ed1‚1940tedd.v21ckenrr.

236 3870 271 3921 eb
290 3841 425 3922 occidenti
443 3871 561 3937 Libyes,
588 3872 632 3922 hic
657 3872 691 3923 eb
711 3873 780 3923 occi·
831 3872 866 3922 ed
887 3873 1010 3937 Euripid.
1040 3873 1185 3924 Phoenice.
1211 3871 1270 3924 713.
1296 3871 1374 3923 1032

237 3939 313 3991 deutr
322 3943 448 4006 Furcpee
460 3946 551 4006 perte
570 3941 617 3992 rlle
626 3944 778 4008 Aegyptum
831 3942 923 4006 lpsem
935 3943 1100 3994 locutionem
1115 3955 1254 4006 μητυνειν
1266 3955 1316 3991 τον
1329 3931 1375 3989 1ο-

237 4011 306 4090 petit
330 4010 410 4075 inque
435 4026 509 4062 mere
534 4029 564 4062 ee
585 4011 710 4076 effundit,
735 4012 780 4062 hic
831 4025 883 4076 μον
901 4013 1069 4078 (μ1νιίδνεε.
1086 4014 1216 4076 μνο11α1ιιε
1235 4007 1374 4073 disserere)

237 4079 265 4127 iu
287 4081 404 4130 Pontum
423 4081 558 4132 Euxinum
579 4083 676 4133 effluit.
715 4083 780 4132 Ter·
830 4080 971 4132 illustrent
990 4098 1036 4144 ee,
1059 4097 1130 4148 quae
1148 4081 1259 4148 collegit
1276 4080 1377 4132 Schoe-

237 4147 325 4199 minus
352 4150 508 4213 orientalis,
533 4151 568 4201 ed
590 4167 669 4216 quem
694 4167 780 4217 usque
830 4152 879 4202 fer.
904 4152 940 4202 ed
966 4151 1104 4206 Lembert.
1129 4153 1195 4204 Boe.
1224 4152 1258 4202 de
1286 4150 1374 4216 ellipe.

236 4217 314 4268 Nilus
334 4234 367 4268 ex
386 4221 521 4270 occidenti
541 4221 626 4272 fluens
645 4223 777 4286 pervenit,
829 4237 894 4302 pag.
913 4223 973 4274 255.

236 4287 377 4355 Aegyptus
390 4297 444 4352 eet
457 4305 501 4341 cur
512 4291 636 4356 oppositu
650 4296 692 4341 est
704 4291 777 4354 (uem
874 4307 918 4341 οτι
936 4291 1051 4342 πίειοτα
1068 4281 1222 4356 δωνμώοια
1240 4277 1332 4356 ἔχει
1313 4303 1375 4354 ηπ.
