2980 4932
615 283 743 350 01110.
767 289 793 348 Ι.
817 297 860 350 10.
1264 290 1306 354 27

170 453 311 545 σαύλης,
334 456 405 526 ἐπεὶ
423 455 536 527 ἐθόκεε
555 455 624 554 ὥρη
644 471 703 556 τῆς
725 471 838 554 κοίτης
860 463 965 551 εἰναι,
991 462 1097 555 ἤγαγε
1114 464 1175 536 τὸν
1192 465 1304 555 Γύγεα

171 569 204 644 ἐς
217 561 254 631 τὸ
268 575 403 652 οἴκημα·
426 565 481 633 καί
500 564 580 656 μετὰ
595 573 698 641 ταῦτα
712 567 834 642 αύτίιια
846 575 959 661 παρῆν
972 571 1029 640 καὶ
1044 566 1065 660 ἡ
1078 569 1176 662 χννή.
1208 574 1302 642 ἐσελ-

171 671 304 740 θοῦσαν
330 669 368 740 dl
390 670 444 738 καί
465 683 618 742 τιθεῖσαν
635 673 676 746 τὰ
701 681 817 765 εἵματα
839 677 975 764 ἐθηεῖτο
1002 670 1163 765 ὁΡύγης.
1197 670 1241 756 εἰς
1265 675 1304 746 δὲ

168 770 254 844 κατὰ
269 771 382 846 νύτου
402 774 551 862 ἐγένετο,
575 776 686 867 ἰούσης
703 785 760 869 τῆς
776 777 935 867 γυναικὸς
952 783 986 860 ἐς
1001 777 1064 869 τὴν
1080 786 1212 869 κοίτην,
1235 775 1301 850 dn·

168 876 269 960 εκθύς
288 877 409 970 ἐχύρεε
425 883 498 963 ἐξω.
534 881 589 950 καί
611 876 632 970 ἡ
653 881 739 972 γυνὴ
762 887 864 976 ἐπορᾷ
887 912 945 972 μιν
969 883 1107 967 ἐξιόντα.
1145 889 1304 975 μαθοῦσα

166 983 204 1054 dl
227 982 266 1054 τὸ
293 983 439 1075 ποιηθὲν
470 987 507 1054 ἐκ
530 989 592 1056 τού
616 981 755 1074 ἀνδρὸς,
790 985 865 1056 οὔτε
889 984 1060 1076 ύνέβεοσεν
1081 995 1303 1078 αἰσχυνθείσα

165 1085 243 1158 οὔτε
268 1093 361 1174 ἐθοξε
378 1101 521 1177 μαθεῖν,
549 1093 588 1162 ἐν
605 1086 673 1184 νόῳ
694 1095 815 1178 ἐχουσα
834 1097 988 1160 τίσεσθαι
1008 1090 1068 1162 τὸν
1088 1092 1300 1164 Κανδαύλεα.

164 1191 255 1282 παρὰ
279 1191 343 1282 γὰρ
361 1209 446 1265 τοῖσι
463 1201 627 1281 Λυδοῖσι,
660 1192 783 1282 σχεδὸν
805 1194 843 1264 dl
869 1195 925 1263 καὶ
952 1192 1042 1282 ταρὰ
1066 1211 1151 1264 τοῖσι
1174 1195 1303 1266 ἄλλοισι

163 1297 378 1390 βαρβάροισι,
408 1300 464 1369 καί
486 1297 597 1391 ἄνδρα
616 1295 769 1388 ὀφθῆναι
789 1294 936 1388 γυμνὸν,
967 1301 1001 1378 ἐς
1020 1296 1184 1387 αἰσχύνην
1201 1299 1302 1388 μεμύ-

161 1501 214 1562 ΙΙῘ,
228 1501 281 1569 75),
295 1503 454 1566 Dionysium
469 1504 497 1556 h.
508 1505 527 1556 l.
544 1506 584 1556 its
600 1503 703 1573 legisse
753 1519 811 1556 ner.
834 1502 869 1554 ad
887 1501 1011 1568 Euripid.
1029 1501 1173 1568 Hippolyt.
1192 1502 1253 1554 462.
1272 1520 1301 1568 p.

159 1574 277 1638 putabat
297 1573 505 1625 Valckenarius:
528 1561 565 1640 ἦν
592 1565 703 1638 ἐτοῖμος
754 1576 814 1626 ²217.
835 1571 942 1638 μαθεῖν
960 1574 1057 1638 scripsi
1082 1571 1142 1639 (pro
1167 1570 1299 1639 μαθέειν)

159 1639 270 1692 ποιέειν
280 1641 377 1698 ταῦτα,
396 1644 452 1694 vel:
467 1633 702 1710 τιοιίεινῆνὲτοῖ-
753 1645 877 1696 meliores
891 1644 977 1694 libros
994 1647 1114 1696 secutus.
1135 1644 1215 1694 θοαί.
1235 1645 1300 1696 Bre-

159 1727 221 1770 ιιος.
251 1713 306 1765 Sed
329 1713 398 1764 bene
420 1716 547 1779 opposuit
568 1716 702 1783 Schweig-
754 1716 815 1766 dor.
840 1732 868 1780 p.
893 1713 957 1764 325:
986 1730 1039 1778 quo
1070 1715 1164 1764 eodem
1188 1719 1300 1765 auctore

158 1783 255 1835 haeus.
273 1784 355 1845 1‚70.
371 1785 405 1846 V,
422 1783 464 1835 31.
482 1785 703 1850 Scripsimusau-
755 1786 837 1835 etiam
862 1801 922 1848 cap.
953 1782 970 1834 a
997 1784 1094 1833 lubens
1117 1785 1300 1847 reposuissem

159 1860 215 1903 tem
238 1845 363 1919 ἑτοῖμος,
393 1869 454 1904 cum
477 1856 560 1920 vulgo
584 1857 704 1906 scribant
755 1851 907 1917 διαφυγεῖν
923 1867 973 1916 pro
997 1849 1176 1915 θιαφυηὲειν,
1200 1853 1255 1901 nisi
1273 1858 1301 1902 et

158 1919 284 1989 ἕτοιμος,
318 1923 366 1975 sed
397 1923 463 1976 iilnd
492 1925 588 1976 Ionum
623 1931 704 1992 atque
755 1923 783 1974 h.
814 1923 833 1975 l.
859 1927 886 1972 et
914 1921 975 1971 aliis
1000 1935 1148 1972 consensus
1171 1919 1301 1972 librorum
1326 1973 1331 1982 ,

157 1996 272 2046 Dorum.
303 1995 413 2045 Laudat
440 1997 489 2045 Cr.
518 1995 639 2046 Boeckh.
671 1997 705 2047 ed
757 1994 891 2055 obstaret,
914 1997 1062 2057 ‘utramque
1088 1991 1202 2042 formam
1229 1992 1301 2056 apud

156 2063 270 2116 Pindar.
295 2064 403 2130 Olymp.
426 2067 464 2127 II,
483 2065 518 2116 83
536 2083 577 2132 sq.
596 2083 623 2132 p.
643 2065 704 2118 389.
756 2063 924 2115 Herodotum
937 2064 965 2113 in
977 2077 1029 2113 usu
1044 2062 1131 2113 sulsse
1148 2067 1300 2114 monstrun-

158 2137 273 2201 Gregor.
293 2135 415 2186 Corinth.
439 2136 473 2187 de
491 2136 602 2188 dialect.
624 2153 651 2201 p.
670 2137 701 2188 21
755 2135 832 2185 tium.

159 2205 202 2257 ed.
227 2205 365 2259 Sehaeier.
403 2205 436 2257 In
462 2223 522 2273 sqq.
550 2207 585 2258 ad
609 2223 702 2259 vocem
790 2195 823 2261 ἐς
841 2195 982 2268 αἰσχύνην
1005 2194 1130 2267 μεχύίην
1153 2199 1245 2269 φέρει]
1269 2193 1298 2256 ἐς

157 2275 261 2338 κοίτην
279 2277 315 2328 oi.
334 2281 406 2329 nott.
426 2277 461 2328 ad
479 2294 538 2342 cap.
560 2279 586 2329 a.
754 2275 879 2326 meliores
897 2274 959 2324 libri
975 2273 1102 2336 retinent,
1118 2274 1240 2339 quemvis
1253 2273 1297 2325 vel

193 2337 309 2410 ἐθηεῖτο
329 2335 344 2395 ὁ
361 2339 468 2412 Γύγης]
487 2339 602 2407 ἐθηεῖτο
626 2363 702 2414 prae·
754 2347 812 2398 sine
833 2345 984 2396 sententiae
1003 2344 1102 2394 damno
1121 2345 1218 2395 abesse
1234 2361 1296 2409 pos-

157 2417 225 2468 bent
255 2416 393 2468 Mediceus
422 2417 491 2468 liber
514 2418 624 2486 aliique.
662 2418 702 2469 Ac
753 2419 789 2467 sit
805 2421 886 2482 atque
901 2431 931 2466 re
948 2431 1014 2466 vera
1032 2415 1296 2466 ebsit.0i.Wessel.

157 2487 248 2538 tenuit
286 2487 566 2554 Schweighaeuserus.
611 2488 701 2554 Vulgo
754 2488 788 2538 ad
805 2487 832 2537 h.
852 2487 871 2538 l.
891 2487 964 2536 infre
979 2485 1031 2546 111,
1051 2484 1111 2538 13³.
1132 2486 1180 2536 Cr.
1198 2483 1297 2535 laudat

157 2557 267 2624 quidem
303 2547 426 2621 ἐθηῆτο,
464 2575 544 2624 quam
586 2559 700 2610 formam
753 2555 906 2622 Thucydid.
934 2557 976 2617 Π,
1001 2557 1035 2608 37
1059 2555 1116 2616 fin„
1140 2555 1189 2604 nbi
1218 2555 1296 2605 Gott-

156 2627 315 2679 mendoeam
334 2643 394 2678 esse
418 2630 510 2681 docuit
533 2629 648 2681 Bredov.
671 2647 698 2694 p.
750 2629 857 2679 leberus
874 2627 1010 2678 Platonici
1032 2626 1086 2675 loci
1109 2625 1250 2675 admonuit
1268 2625 1296 2674 in

156 2698 192 2751 46
210 2697 244 2748 de
261 2699 342 2748 huius
362 2701 437 2750 verbi
455 2700 549 2751 formis
565 2701 636 2766 apud
646 2701 700 2751 He·
750 2701 892 2750 Menexen.
917 2697 958 2748 la.
986 2697 1078 2762 Atque
1098 2696 1131 2747 iis
1147 2694 1230 2756 loeis,
1249 2695 1297 2744 nbi

156 2767 282 2818 nodotum
301 2775 427 2820 accurate
447 2771 598 2836 disputans,
616 2771 700 2822 omni·
751 2771 829 2820 obest
854 2767 1036 2833 praepositio,
1064 2761 1164 2828 φέρειν
1190 2768 1232 2814 est
1255 2764 1296 2827 os-

84 2840 92 2854 “
155 2839 208 2890 bns
230 2837 299 2888 locis
323 2837 423 2891 allatis.
450 2843 496 2892 Or.
522 2843 555 2892 de
574 2842 616 2891 his
637 2859 699 2892 con·
747 2841 830 2904 serre,
848 2844 961 2904 pipam.
992 2837 1050 2886 Nec
1069 2835 1148 2885 sliter
1167 2833 1225 2884 iere
1243 2833 1296 2883 hoo

155 2909 210 2959 suli
227 2909 304 2959 iubet
326 2909 465 2961 lllsittaire
487 2912 520 2962 de
542 2911 651 2962 dialect.
671 2929 697 2976 p.
750 2911 810 2961 loco
826 2910 939 2960 reddere
957 2907 1036 2957 lieet:
1056 2905 1139 2966 „Nam
1158 2904 1229 2966 opud
1240 2903 1294 2966 Lp-

156 2978 207 3031 lia
230 2977 273 3029 ed.
300 2979 390 3032 Sturz.
415 2983 501 3034 Koen.
528 2981 562 3032 ad
585 2983 697 3048 Gregor.
750 2981 796 3032 dos
814 2996 845 3030 ac
859 2982 919 3043 sere
935 2981 1009 3029 etiam
1023 2975 1094 3038 apud
1109 2971 1296 3044 caeterostqr-

155 3048 280 3101 Corinth.
299 3065 326 3114 p.
344 3051 396 3104 223
414 3051 456 3104 ed.
477 3053 585 3104 Sohaei.
749 3051 828 3102 banos
852 3053 892 3102 vel
914 3053 969 3100 viro
989 3060 1102 3112 mnpnwa
1127 3046 1152 3093 in
1176 3041 1296 3105 probrum

189 3115 328 3178 μαθοῦσα
347 3113 378 3170 dl
400 3113 431 3171 τὸ
451 3115 576 3187 ποιηθὲν
595 3111 628 3171 ἐν
645 3121 698 3172 τού
747 3125 867 3173 omniur.
893 3135 915 3169 s.
937 3133 1050 3183 mapnum
1073 3115 1153 3180 affert
1176 3113 1294 3174 dedecus,

153 3178 273 3255 ἀνδρὸς]
298 3189 316 3239 ἰ.
340 3207 364 3240 ο.
395 3209 479 3256 „pune
507 3202 536 3244 οι
560 3195 694 3250 intellexit.
748 3193 816 3256 ηαοιί
831 3191 913 3240 nudus
931 3183 1130 3251 conspiciatur.“
1166 3181 1208 3233 Ad
1233 3199 1295 3233 sen-

153 3260 215 3322 ηαίιί
235 3276 253 3308 ο
269 3263 359 3310 marito
384 3270 462 3312 ααιαα
485 3263 580 3318 esset,“
617 3264 695 3326 Quod
747 3263 862 3312 tentiam
892 3259 945 3309 hoc
976 3257 1039 3308 loco
1071 3269 1227 3320 expressam
1241 3253 1294 3330 ἢεί.
1335 3305 1337 3308 ,

151 3345 248 3379 moneo
272 3335 383 3396 propter
404 3335 631 3398 praepositionem
656 3324 694 3391 ἐν,
748 3347 818 3392 qnae
837 3331 928 3394 Gyges
944 3328 1080 3394 eloquitur
1097 3341 1158 3389 osp.
1176 3323 1296 3400 Saepo

152 3415 168 3448 a
185 3399 325 3451 nonnullis
342 3401 411 3452 male
435 3403 612 3454 intellectam.
644 3403 697 3452 Eo·
748 3394 780 3449 dl
798 3396 905 3448 κιθῶνι
924 3387 1085 3459 ἐνδυομένῳ
1111 3388 1296 3442 συνεκδύεται

152 3468 212 3518 dem
230 3469 310 3520 modo
329 3461 357 3536 ἔτι
374 3473 401 3522 in
414 3475 562 3537 prooemio,
579 3470 626 3519 ubi
640 3471 695 3520 vid.
746 3464 795 3516 καί
812 3461 865 3533 τὴν
883 3461 955 3512 etos
972 3455 1060 3526 γονης
1087 3463 1165 3512 cuins
1186 3463 1294 3508 senten-

185 3529 252 3588 ούτε
285 3530 455 3606 ύνέβωοεν
494 3536 695 3604 αἰσχυνθεῖσα]
746 3539 803 3586 tiae
826 3551 842 3585 e
864 3534 1011 3584 Plutarcho
1042 3531 1127 3594 ant.
1150 3529 1293 3588 Praecept.

149 3599 427 3734 θὲἰῗίίιίἓίιὸ
443 3603 695 3746 societis:
747 3595 1294 3740 t.testudinatamistit
1354 3591 1364 3608 '

149 3747 290 3808 Wesseld.
314 3751 362 3812 IX,
387 3751 429 3802 53.
467 3720 509 3801 lle
532 3751 584 3802 hac
608 3747 695 3797 formo
746 3746 799 3796 huc
817 3743 923 3794 faciunt
940 3741 1001 3805 loci,
1022 3755 1090 3803 qnos
1115 3741 1162 3792 Gr.
1191 3737 1292 3789 adscri-

150 3823 292 3870 eontracta
320 3822 412 3871 omnia
436 3821 548 3882 praebet
576 3817 694 3869 Brcdov.
745 3816 813 3882 psit:
832 3813 957 3865 Platonis
978 3814 1007 3862 in
1021 3811 1061 3862 Re
1078 3810 1153 3877 publ.
1172 3810 1206 3870 V,
1219 3809 1243 3861 3.
1263 3825 1291 3876 p.

149 3902 174 3944 p.
201 3887 262 3940 195.
286 3889 337 3941 215
359 3897 386 3941 et
415 3890 540 3942 Dindorf.
564 3907 592 3954 p.
616 3887 693 3938 VIII.
746 3887 798 3937 452
817 3885 847 3936 (l.
873 3899 899 3949 p.
923 3885 971 3935 221
995 3882 1098 3935 Betim
1123 3913 1158 3923 -
1186 3871 1221 3930 ού
1238 3895 1291 3932 νιο-

149 3955 257 4008 Leudat
283 3959 330 4010 Cr.
360 3961 500 4010 Maittaire
523 3959 556 4011 de
584 3955 693 4009 dialect.
745 3949 795 4011 sin
822 3944 938 4021 χρόνος,
964 3945 992 4016 ἐξ
1017 3939 1052 4004 ού
1076 3953 1137 4010 τοῖς
1156 3939 1293 4018 Ἐἰίηοιν
1375 3967 1386 3982 ·

149 4041 174 4088 p.
195 4027 247 4078 158
258 4027 302 4080 ed.
317 4029 407 4082 Stura.
424 4035 452 4080 et
467 4031 578 4081 Homer.
592 4027 693 4090 Odyss.
745 4017 836 4076 ἐδόκει
865 4016 968 4090 αἰσχρὰ
997 4017 1073 4074 εἶναι
1107 4016 1155 4071 καί
1184 4019 1290 4099 γέλοια,

149 4095 171 4154 Ι,
189 4097 255 4149 378:
280 4089 494 4160 ἐπιβώσομαι,
518 4100 565 4150 nbi
583 4099 619 4148 ei.
638 4099 692 4148 Eu·
742 4085 814 4159 ὅπερ
846 4093 902 4144 νύν
933 4096 1004 4152 τοῖς
1038 4091 1187 4173 uuinton
1223 4103 1291 4170 ταν

150 4167 231 4218 statii.
252 4183 278 4232 p.
305 4167 339 4219 66
366 4185 448 4234 snpra
476 4169 519 4221 ed.
544 4165 630 4220 Basil.
658 4183 691 4218 ex
741 4159 937 4234 βαρβάρων,
952 4154 1079 4229 χνανούς
1097 4157 1206 4222 ανδρας
1225 4171 1292 4218 ορα-

149 4250 200 4300 quo
213 4237 384 4288 Phavorinus
404 4257 431 4302 p.
442 4238 489 4290 701
505 4237 688 4302 linssseqq.
741 4236 826 4296 σθαις
855 4240 937 4296 atque
969 4231 1094 4296 Iliucyd.
1126 4230 1149 4290 l,
1181 4227 1203 4308 6Ι
1227 4239 1289 4276 eum

150 4330 181 4340 —
198 4307 232 4356 In
256 4322 330 4372 seqq.
355 4301 435 4369 ἔδοξε
458 4313 514 4358 est:
539 4310 689 4368 ..simulavit
740 4307 865 4367 scholiis,
889 4303 1004 4354 Hesiodi
1033 4300 1091 4364 (qni
1117 4293 1289 4372 netelia'nn-

150 4389 178 4425 ιε
194 4377 357 4429 nesciisse.“
374 4378 493 4432 Laudat.
508 4379 556 4428 Gr.
575 4377 689 4430 Valcke-
739 4377 798 4430 dari
821 4373 909 4442 vetet)
925 4363 1003 4439 Ἐρχ.
1027 4368 1088 4420 730.
1127 4365 1241 4430 Tim
1264 4358 1287 4415 ι’
