3086 4932
245 269 305 331 176
674 274 944 336 HERODOTI

241 439 279 511 τδ
294 441 451 529 ἱππικὸν,
474 451 522 537 τῷ
545 444 587 536 δή
606 473 638 514 τι
654 450 709 516 καὶ
724 449 835 535 ἐπεῖχε
855 448 1086 538 ἐλλάμψεσθαι
1101 443 1119 518 ὁ
1133 446 1256 529 Λυδός.
1282 443 1326 530 ὥς
1340 449 1378 518 δέ

244 547 299 614 καὶ
320 547 485 636 συνήίσαν
507 553 541 630 ἐς
566 547 628 638 τήν
649 549 773 639 μάχην,
800 553 951 621 ἐνθαῦτα
971 549 1015 634 ὦς
1039 549 1218 640 ὤσφραντο
1243 550 1378 640 τάχιστα

243 654 311 718 τῶν
331 650 490 740 καμήλων
510 657 545 722 οἱ
568 659 664 724 ἵπποι
685 656 742 724 καὶ
763 652 856 724 εἶδον
877 653 997 740 αὐτὰς,
1024 653 1130 725 ὀπίσω
1158 651 1376 744 ἀνέστρεφον,

244 753 432 844 διέφθαρτό
450 783 486 825 τε
506 760 553 849 τῷ
572 764 707 850 Κροίσῳ
728 752 748 846 ή
770 761 873 838 ἐλπίς.
909 757 950 830 οὐ
969 761 1081 848 μέντοι
1100 763 1137 827 oi
1152 785 1191 846 γε
1212 761 1320 828 Λυδοὶ
1339 757 1377 828 τὸ

243 859 405 926 ἐνθεῦτεν
419 861 524 928 δειλοὶ
538 850 640 948 ἦσαν’
679 857 753 929 ἀλλ’
771 855 815 941 ὦς
829 867 957 951 ἐμαθον
974 861 1010 932 τὸ
1025 860 1221 950 γινόμενον,
1246 859 1375 931 ἀποθο-

243 958 358 1048 ρόντες
381 957 453 1032 1ίιπὸ
479 967 549 1032 των
575 967 707 1049 ἵππων,
744 966 834 1048 πεζοί
866 982 951 1036 τοῖσι
978 969 1129 1056 Πέρσησι
1155 969 1375 1054 συνέβαλλον.

240 1061 350 1157 χρόνῳ
371 1063 425 1150 δέ,
453 1065 625 1136 πεσόντων
643 1063 844 1156 ἀμφοτέρων
873 1075 1025 1156 πολλῶν,
1053 1067 1235 1156 ἐτράποντο
1254 1073 1289 1139 os
1303 1077 1374 1138 Λυ-

241 1169 312 1252 δοὶ,
338 1174 593 1259 κατειληθέντες
620 1170 657 1240 δὲ
684 1173 717 1250 ἐς
742 1170 779 1240 τὸ
802 1186 908 1259 τεῖχος
936 1173 1189 1261 ἐπολιορκέοντο
1215 1168 1282 1242 ὑπὸ
1307 1177 1376 1241 ταῖν

239 1273 411 1358 Περσέων.
710 1352 717 1368 “

195 1385 230 1448 81
327 1380 418 1442 Τοῖσι
439 1373 501 1462 μὲν
522 1370 564 1460 δή
577 1371 774 1462 κατεστήκεε
796 1383 980 1464 πολιορκίη.
1021 1385 1165 1466 Κροῖσος
1187 1375 1224 1445 δέ
1246 1376 1376 1444 δοκέων

240 1479 275 1544 oi
283 1474 406 1564 χρόνον
420 1477 474 1544 ἐπὶ
497 1471 627 1564 μακρὸν
647 1482 784 1545 ἔσεσθαι
798 1474 859 1566 τήν
873 1487 1088 1569 πολιορκίην,
1114 1487 1240 1568 ἔπεμπε
1262 1481 1299 1547 ἐκ
1314 1481 1374 1546 τοῦ

239 1585 363 1666 τείχεος
378 1577 500 1658 ἄλλους
519 1575 682 1666 ἀγγέλους
696 1582 729 1658 ἐς
748 1577 807 1660 τὰς
819 1589 1015 1671 συμμαχίας.
1051 1588 1086 1653 οί
1099 1583 1162 1672 μέν
1175 1581 1238 1672 γὰρ
1253 1579 1372 1670 πρότε-

240 1709 301 1770 ρον
320 1685 561 1771 διεπέμποντο,
585 1685 618 1762 ἐς
638 1684 789 1771 πέμπτον
808 1689 897 1773 μήνα
916 1689 1132 1776 προερέοντες
1149 1689 1373 1773 συλλέγεσθαι

241 1789 274 1865 ἐς
287 1784 431 1876 Σάρδις·
462 1785 602 1866 τούτους
617 1786 654 1855 δὲ
674 1789 836 1876 ἐξέπεμπε
849 1787 911 1878 τήν
924 1797 1081 1879 ταχίστην
1095 1793 1234 1860 δέεσθαι
1248 1789 1371 1878 βοηθέ-

192 1899 233 1962 82
242 1917 310 1976 ειν,
336 1885 381 1970 ως
407 1893 689 1980 πολιορκεομένου
710 1899 870 1980 Κροίσου.
907 1890 965 1973 ’Ἐς
985 1921 1020 1962 τε
1049 1891 1092 1984 δή
1119 1886 1167 1963 ὦν
1192 1891 1250 1973 τὰς
1272 1889 1374 1970 ἄλλος

241 2001 368 2081 ἔπεμπε
387 2003 589 2083 συμμαχίας,
615 1996 671 2062 καὶ
693 1991 736 2083 δή
757 1997 812 2063 καὶ
834 1999 867 2075 ἐς
881 2001 1127 2085 Λακεδαίμονα.
1158 2013 1244 2068 τοῖσι
1264 1996 1302 2064 δέ
1317 1995 1373 2062 καὶ

238 2093 368 2164 αὐτοῖσι
386 2113 472 2165 τοῖσι
486 2094 716 2184 Σπαρτιήτῃσι
735 2095 808 2165 κατ’
827 2095 931 2168 αὐτὸν
944 2103 1063 2169 τοῦτον
1077 2097 1136 2168 τὸν
1150 2099 1272 2188 χρόνον
1289 2119 1371 2168 συν-

237 2301 339 2354 Ηετοδ.
366 2303 404 2365 ΙΙ,
431 2301 463 2354 37
487 2302 532 2353 fin.
556 2307 583 2352 et
613 2301 647 2351 cs.
672 2316 780 2366 quoque
865 2292 993 2354 ἐνθαῦτα
1015 2296 1053 2362 ὡς
1082 2295 1234 2368 ὦσφραντο
1257 2294 1373 2366 τάχιστα

237 2372 365 2423 Kuehner
388 2373 434 2423 Gr.
459 2373 506 2424 (Ir.
533 2375 559 2435 ξ.
586 2370 646 2422 528.
671 2375 728 2421 noi.
752 2370 778 2422 3.
829 2369 886 2419 τοῖν
911 2367 1044 2438 καμήλων
1067 2367 1097 2421 οἱ
1118 2370 1216 2436 ίπποι]
1234 2372 1275 2420 1)ε
1299 2377 1370 2420 stru-

237 2436 301 2491 ίδὲα
320 2447 362 2492 est
378 2446 489 2505 εμετίιει
507 2441 563 2491 vid.
582 2455 652 2505 quae
669 2440 704 2490 ad
717 2439 779 2490 Plu·
829 2445 907 2492 mura
924 2443 1000 2494 verbi
1017 2435 1228 2506 ὀσφραίνεσθαι
1245 2453 1306 2488 cum
1324 2454 1371 2504 ge-

238 2512 326 2563 tarch.
345 2510 462 2563 Flamin.
481 2511 633 2562 monuimus
652 2525 715 2575 pag.
734 2511 778 2562 λλ.
828 2511 916 2562 nitivo
946 2513 1029 2564 conf.¹
1043 2510 1170 2562 Kuehner
1201 2509 1260 2586 Gn„
1271 2508 1317 2559 Gr.
1342 2510 1368 2571 ξ.

238 2583 298 2645 ²5⁶·
317 2582 344 2632 b·
829 2579 890 2644 528,
907 2597 931 2631 ο.
951 2587 978 2632 ετ
993 2580 1095 2632 Ηετοδ.
1113 2580 1136 2642 Ι,
1152 2579 1212 2630 202.
1236 2590 1370 2643 ωσφραν-

271 2647 311 2718 ²93
334 2641 371 2714 δή
395 2663 421 2697 ‘⁸
449 2643 496 2698 καὶ
525 2637 616 2713 8πεῖλέ
642 2637 777 2710 gudwi-
829 2663 861 2697 το
880 2650 943 2701 dedi
964 2668 1025 2702 cum
1046 2649 1202 2700 meIIoribus
1227 2646 1305 2698 codd.
1331 2647 1370 2696 iu·

237 2719 307 2770 σθαι
339 2711 354 2770 ὁ
380 2710 487 2784 Λυδὸς]
512 2718 529 2768 i.
557 2733 582 2768 σ.
608 2733 656 2783 ραν
680 2718 777 2767 scilicet
827 2717 908 2771 bento
930 2737 1037 2787 quoque
1055 2720 1170 2770 Βτοδοτ.
1194 2734 1221 2784 p.
1244 2715 1372 2782 300,ηυί

235 2793 332 2841 muitum
350 2791 422 2840 etiam
438 2789 637 2839 “illustriorem
651 2787 710 2850 sore
723 2785 777 2849 Ly·
828 2786 862 2839 de
879 2790 940 2856 ipsa
957 2793 1044 2841 forma
1064 2789 1186 2855 pluribus
1205 2787 1327 2852 disputat
1342 2801 1369 2851 p.

236 2861 284 2912 δατ
304 2858 473 2911 existimabat.
496 2855 536 2924 τῷ
562 2849 599 2920 δή
624 2871 664 2920 τι,
683 2853 777 2921 pleris-
828 2857 964 2926 3541εη.
996 2862 1029 2911 ln
1056 2874 1130 2924 seqq.
1157 2851 1250 2924 χρόνῳ
1273 2850 1305 2905 δέ
1329 2859 1372 2905 est

236 2947 288 2997 que
307 2929 384 2979 libris
401 2928 554 2994 probatum,
571 2926 631 2977 loco
650 2941 705 2976 non
722 2940 777 2974 mo·
799 2937 803 2944 ’
828 2929 942 2994 tandem,
961 2938 1102 2994 postremo,
1125 2927 1216 2992 aliquo
1240 2925 1370 2991 temporis

235 3001 337 3061 vimu13
357 2999 448 3064 aptius
465 2997 535 3048 enim
554 2996 645 3046 sensui
661 2996 777 3053 videtur,
828 2999 918 3064 spatio
949 3000 1125 3065 interposit03
1152 2997 1206 3046 vid.
1232 3011 1315 3061 supra
1335 2994 1371 3045 ad

236 3085 317 3135 quam
341 3069 414 3133 quod
436 3067 520 3117 Aldus
549 3065 648 3116 edidit:
677 3063 716 3130 τῷ
741 3058 778 3126 δή
829 3067 851 3130 1,
871 3068 913 3120 68,

236 3153 295 3187 τοι.
315 3138 358 3188 cf.
378 3139 505 3202 Hartung
522 3137 602 3186 Lehr.
623 3135 649 3185 δ.
670 3133 775 3184 Partik.
861 3135 1137 3202 κατειληθέντες
1160 3127 1192 3184 δὲ
1214 3125 1242 3192 ἐς
1264 3125 1296 3183 τὸ
1315 3134 1369 3182 τεῖ-

235 3207 298 3273 I.p.
313 3209 374 3258 280.
392 3207 510 3257 Verbum
527 3197 636 3270 ἐπέχειν
654 3204 777 3254 Ιιοσεσυ·
827 3207 887 3274 χες]
919 3209 937 3258 i.
967 3223 990 3258 ο,
1015 3209 1088 3257 intra
1112 3205 1221 3255 moenia
1242 3205 1368 3267 compulsi,

235 3294 268 3328 uu
289 3279 329 3342 (in
352 3280 433 3328 animo
458 3275 565 3339 habere,
587 3277 708 3339 τορίίατε,
730 3273 777 3322 ubi
827 3282 914 3328 coacti.
960 3277 1040 3328 Cous.
1068 3269 1262 3338 ἀπειληθέντα
1287 3273 1310 3336 Ι,
1334 3275 1368 3322 24

235 3347 421 3398 accusativum
451 3337 502 3394 τὸν
526 3342 597 3393 νοῦν
626 3343 689 3393 licet
716 3357 778 3406 sup·
827 3347 893 3413 ibiq.
909 3351 981 3398 nott.

233 3417 320 3484 plere)
338 3416 476 3467 illustrant
491 3413 544 3465 loci
561 3429 578 3462 ε
596 3412 777 3478 wesselingio

233 3487 347 3550 laudati,
367 3486 413 3537 ubi
427 3486 510 3536 etiam
522 3483 685 3534 infinitivum
703 3483 778 3532 vide·
993 3518 1050 3570 cu
1077 3517 1192 3568 mm

233 3573 292 3608 mua
314 3557 366 3608 hoc
389 3556 501 3606 verbum
525 3553 577 3605 hoc
603 3568 685 3604 sensu
706 3553 776 3602 exci-
1053 3555 1060 3570 ·
1195 3552 1202 3566 ·

233 3629 363 3693 pientem:
394 3627 417 3690 I,
444 3625 503 3676 153.
527 3623 570 3686 11,
594 3624 637 3674 90.
662 3623 710 3684 VI,
731 3620 774 3671 49.
860 3613 913 3686 τήν
937 3619 1073 3686 ταχίστην
1094 3613 1211 3669 δίεσθαι
1238 3607 1367 3684 βοηθέ-

233 3697 319 3748 Addit
354 3697 396 3746 Cr.
432 3694 559 3746 Eustath.
596 3693 631 3742 εδ
663 3691 775 3742 Homeri
826 3690 889 3756 ειν]
909 3691 1025 3754 Quidam
1049 3685 1207 3756 βοηθηΐην.
1238 3684 1292 3736 Sed
1309 3681 1367 3733 vul-

234 3765 335 3829 Οδγεε.
357 3765 431 3826 XIX,
450 3766 493 3814 71.
511 3779 538 3828 p.
563 3761 614 3814 083
636 3761 706 3811 med.
724 3762 774 3810 Ba·
825 3765 919 3826 gaium
938 3765 1029 3810 tuetur
1047 3758 1209 3823 wesseling.
1231 3771 1263 3805 ex
1283 3755 1305 3816 Ι,
1324 3752 1366 3804 83.

234 3834 278 3883 sil.
297 3833 395 3897 Polyb.
413 3833 518 3894 XVIII,
538 3833 582 3894 28,
608 3832 650 3882 ll.
669 3858 702 3866 -
720 3831 773 3879 Pro
824 3861 859 3872 -
876 3831 918 3880 De
932 3829 1075 3896 συμμαχίη
1093 3833 1121 3880 et
1139 3828 1190 3877 hoc
1207 3831 1235 3876 et
1254 3841 1311 3889 seq.
1325 3837 1368 3872 σε-

234 3893 249 3951 ὁ
275 3896 370 3958 Λυδὸς
398 3901 520 3951 nonnulli
547 3893 610 3951 libii
633 3891 648 3949 ὁ
676 3890 772 3962 αὐτὸς,
825 3901 882 3965 pite
900 3915 948 3964 pro
967 3892 1108 3965 σύμμαχοι
1131 3895 1206 3948 coni.
1231 3907 1314 3959 supra
1333 3891 1368 3940 ad

233 3971 306 4036 quod
320 3985 353 4020 ex
364 3971 605 4035 Interpretamento
617 3975 706 4019 ortum
717 3983 773 4018 ore·
825 3971 847 4032 1,
866 3971 909 4019 77.

233 4040 357 4090 δίδστίτυ.
382 4031 535 4106 Namque&
555 4031 650 4096 Λυδὸς
675 4037 773 4088 inteili-

232 4110 306 4175 gitur
329 4109 459 4170 Croesus,
486 4109 571 4174 igitur
596 4109 673 4171 idem,
696 4108 772 4157 euius
985 4139 1041 4191 cst
1071 4138 1200 4190 LXXXII

233 4177 312 4228 modo
330 4178 492 4228 mentionem
510 4176 649 4228 intulerat.
676 4169 773 4241 συνήϊ-
1045 4176 1051 4190 ’
1203 4173 1210 4188 ·

234 4261 286 4298 σαν
316 4245 375 4312 (pro
404 4241 558 4312 συνῄεσαν)
585 4247 682 4312 sompni
712 4261 773 4295 eum
860 4235 1071 4293 συνεπεπτώκεε
1092 4236 1151 4306 ἐρις
1180 4231 1266 4289 ἐοῦσα
1296 4221 1369 4302 πρὸς

232 4322 346 4368 recenti.
365 4316 426 4368 edd.
445 4315 507 4367 Vid.
522 4315 639 4367 Bredov.
653 4331 681 4381 p.
693 4314 755 4366 409.
820 4304 971 4378 Ἀργείους]
989 4313 1007 4362 i.
1032 4328 1056 4364 σ.
1078 4319 1123 4376 „et
1143 4313 1206 4374 ipsis
1227 4309 1270 4359 his
1288 4307 1368 4372 Spar-
