2980 4932
1206 327 1245 372 lx

114 480 194 546 unde
226 481 300 567 ipsa
330 480 496 567 scriptoris
524 480 668 544 narratio
697 477 786 543 haud
806 501 879 544 raro
901 477 1077 566 plurimum
1105 479 1246 567 accipiat

115 599 202 666 lucis.
248 597 340 679 Quas
360 595 456 662 multi
477 600 643 685 requirent
665 598 905 686 disputationes
927 599 967 663 de
983 597 1142 663 Herodoti
1164 599 1244 682 vita,

114 717 263 800 consilio,
305 715 496 799 itineribus,
519 717 682 782 scribendi
705 739 841 803 genere,
864 717 956 802 aliis,
980 739 1037 782 eae
1057 717 1100 782 ad
1123 717 1245 782 calcem

114 835 218 924 operis
246 856 313 900 una
341 857 415 900 cum
440 835 604 899 indicibus
631 835 838 901 adiicientur.
895 835 958 902 Est
980 858 1058 903 vero
1082 858 1122 900 ea
1149 835 1246 900 huius

113 955 265 1022 editionis
293 963 430 1018 externa
451 953 612 1028 conditio,
643 963 680 1018 ut
706 953 841 1019 honesta
863 956 972 1043 specie
993 977 1066 1020 sese
1086 975 1247 1020 commen-

113 1075 169 1140 det
190 1073 338 1161 aliasque
353 1072 532 1154 editiones,
557 1093 639 1157 quae
653 1071 753 1159 vulgo
772 1075 806 1138 in
820 1073 927 1138 lnoem
947 1074 1125 1161 prodeunt,
1148 1072 1247 1138 facile

112 1169 256 1282 superet.
308 1190 377 1256 Nec
406 1190 583 1278 quidquam
609 1192 830 1280 impensarum
857 1215 922 1258 non
951 1193 1030 1258 fecit
1050 1192 1248 1275 Hahnius,

110 1315 163 1380 vir
185 1311 451 1392 honestissimus,
469 1331 533 1396 quo
556 1310 651 1376 iustis
673 1311 831 1378 lectorum
850 1312 1022 1378 desideriis
1044 1312 1132 1376 omni
1153 1310 1249 1376 modo

114 1431 333 1512 satisfaceret,
355 1427 571 1516 foliorumque
595 1428 798 1516 singulorum
822 1433 1004 1520 specimina
1029 1430 1060 1494 ei
1088 1430 1159 1495 viro
1184 1436 1249 1492 tra-

113 1536 197 1619 didit
223 1547 430 1636 corrigenda,
457 1549 513 1634 qui
542 1557 575 1613 ct
602 1548 842 1617 oculatissimus
872 1559 905 1616 et
931 1550 1150 1639 peritissimus
1180 1548 1248 1613 cxi·

113 1675 212 1740 miam
245 1669 335 1757 operi
365 1667 568 1754 impenderet
597 1687 719 1732 curam.
774 1669 890 1756 Itaque
917 1669 1047 1757 publice
1076 1667 1137 1733 hoe
1175 1666 1247 1732 loco
1304 1733 1306 1736 .

114 1811 256 1858 summas
290 1807 426 1871 agamus
459 1784 585 1869 gratias
611 1790 734 1852 Aemilio
762 1794 926 1866 Pirrzyero,
958 1787 1014 1872 qui
1047 1793 1141 1849 tanta
1175 1807 1249 1848 cum

115 1905 289 1994 diligentia
320 1901 469 1987 singulas
500 1901 652 1988 plagulas
684 1926 704 1968 a
732 1905 822 1992 preto
855 1903 1023 1968 madentes
1051 1899 1249 1988 perlustrare

115 2025 265 2094 voluerit.
312 2019 502 2085 scribebam
515 2019 767 2110 ,Heidelbergae
786 2024 899 2090 Idibus
920 2021 1016 2086 Maiis
1046 2033 1249 2084 nncccxxm
