3020 4930
509 240 575 301 AD
596 239 849 302 HERODOT.
871 242 896 314 1,
917 248 962 303 94.
1228 237 1291 302 839

252 416 304 471 His
317 418 376 470 sere
391 413 554 468 enumeratis
570 413 691 468 veterum
707 413 870 467 testimoniis
890 417 941 468 iam
961 413 1122 468 aoeedauus
1141 415 1176 468 ad
1192 433 1287 468 receu-

168 504 248 557 tioris
267 502 365 556 aetatis
382 501 539 572 scriptores.
572 498 662 570 Atque
678 499 817 568 Rycltius‚
839 507 871 553 ut
890 501 954 554 hinc
974 501 1080 568 ordiar,
1098 501 1212 554 disemis
1229 501 1286 554 He·

170 589 257 643 rodoti
273 589 363 642 verbis
376 587 439 658 plus
459 585 632 640 tribuendum
651 604 714 639 esse
731 585 854 652 censuit,
876 603 955 656 quam
968 585 1069 638 Xanthi
1090 585 1215 654 silentio,
1237 587 1286 656 qui

168 676 259 746 aliqua
280 681 353 727 certe
373 691 405 726 ex
425 689 522 739 mursa,
544 689 595 724 nos
616 670 741 742 quamvis
762 669 880 744 latente,
901 677 1048 725 commotus
1069 691 1132 725 esse
1154 671 1286 742 potuerit,

169 767 199 814 ut
218 759 283 812 nihil
302 760 343 812 his
360 760 394 811 de
411 759 495 811 rebus
510 756 653 811 memoriae
669 756 808 827 proderet.
842 755 915 809 Galli
932 757 1006 810 docti
1026 756 1156 810 Serirrius
1174 766 1203 810 et
1219 759 1286 810 Pre-

168 845 255 900 retius
267 845 309 916 (in
322 845 404 897 Acad.
418 843 444 896 d.
459 843 587 912 inscript.
603 849 625 894 t.
637 841 670 894 V.
686 861 714 912 p.
730 845 783 901 236
794 859 872 912 seqq.
894 841 997 894 XVlll.
1013 859 1040 910 p.
1052 846 1086 900 95
1097 843 1192 913 seqq.)
1211 841 1286 896 Xau-

166 932 212 983 tho
226 935 309 1000 atque
320 929 454 997 Dionysio
469 929 562 998 potius
577 927 656 980 sudem
671 927 734 980 eddi
750 917 906 993 voluerunt,
921 927 1040 998 itemque
1055 926 1192 994 Heyuius,
1208 927 1255 996 qui
1271 945 1289 980 a

167 1015 289 1082 Xantho,
316 1015 405 1082 Lydio
427 1013 545 1080 homine,
573 1013 661 1080 magis
681 1030 761 1082 quam
782 1029 799 1064 a
814 1013 930 1066 Graecis
944 1012 1130 1081 Romanisque
1151 1012 1287 1078 standum,

168 1102 308 1171 ipsamque
326 1099 440 1152 fabulam
459 1099 492 1150 ab
503 1098 643 1152 Herodoto
664 1098 797 1167 proditam
813 1097 876 1150 inde
892 1105 977 1152 ortam
996 1115 1059 1151 esse
1075 1095 1193 1162 iudicat,
1214 1098 1288 1166 quod

169 1185 267 1238 Graeci
289 1184 430 1255 antiquum
444 1185 625 1237 Etruscorum
645 1201 740 1235 nomen
759 1185 954 1238 Turesenorum
977 1181 1155 1251 depravarint
1168 1183 1196 1234 iu
1215 1179 1288 1252 Tod-

168 1265 270 1341 (ἷηνῶν.
300 1270 344 1322 Tu
367 1270 420 1322 vid.
437 1270 554 1322 Excurs.
572 1269 613 1320 lll
634 1268 756 1336 adVirg.
777 1267 846 1320 Aen.
864 1269 931 1320 Vlll
948 1287 975 1339 p.
994 1272 1045 1326 281
1069 1266 1135 1337 ibiq.
1153 1265 1245 1318 laudd.
1258 1265 1288 1333 ⁸¹)

167 1356 234 1424 His,
258 1373 327 1427 quae
342 1355 442 1425 passim
457 1355 507 1408 iam
518 1353 610 1406 attulit
624 1353 756 1406 Creuzer.
773 1353 800 1404 in
816 1353 952 1422 Fragmm.
969 1353 1080 1405 historr.
1097 1369 1124 1421 p.
1139 1357 1189 1410 152
1200 1369 1289 1422 seqq,

167 1441 250 1509 adde,
267 1459 337 1511 quae
352 1440 552 1494 recentioribus
566 1439 734 1509 temporibus
748 1438 775 1490 in
793 1439 905 1490 eandem
921 1437 1085 1492 sententiam
1100 1435 1288 1512 prolatajsunt

167 1544 183 1578 a
197 1525 273 1578 Guil.
298 1526 330 1578 A.
346 1525 480 1593 Schlegel.
504 1523 616 1597 (Annei.
632 1522 777 1576 Heidelbb.
791 1529 867 1583 1816.
891 1543 933 1577 nr.
946 1528 982 1584 54
1005 1542 1032 1594 p.
1044 1523 1110 1589 854)
1131 1527 1159 1574 et
1177 1521 1289 1592 potissi·

166 1627 236 1664 mum
260 1629 276 1662 a
291 1611 427 1662 Niebuhr.
452 1609 558 1678 (Roem.
572 1609 673 1660 Gesch.
692 1609 704 1660 1
719 1627 747 1678 p.
760 1614 795 1670 64
810 1609 852 1662 ed.
869 1609 954 1678 prior.
970 1609 993 1662 l.
1009 1627 1037 1678 p.
1056 1615 1104 1668 lll
1124 1606 1167 1662 ed.
1187 1605 1292 1673 altem),

169 1696 215 1764 qui
233 1695 367 1747 Herodoti
393 1694 548 1747 testimonio
571 1693 772 1747 anteferendam
795 1699 922 1746 statuunt
942 1701 970 1746 et
987 1693 1087 1746 Xanthi
1113 1699 1142 1746 et
1162 1691 1290 1760 Dionysii

170 1779 372 1847 auctoritatem,
401 1780 561 1848 praesertim
583 1795 642 1831 cum
662 1783 738 1831 tanta
757 1779 915 1832 inveniatur
938 1779 1064 1848 linguae,
1093 1778 1291 1845 institutorum,

170 1882 288 1931 morum,
310 1863 453 1932 religionis
470 1863 542 1918 inter
559 1867 700 1934 utramque
715 1873 823 1932 gentem
838 1865 995 1918 diversitas.

254 1949 308 2001 Sed
323 1948 473 2016 Gallorum,
494 1967 563 2020 quos
586 1950 848 2018 supramemoravi,
875 1950 1013 2018 rationes,
1035 1950 1137 2020 quibus
1155 1947 1290 2002 Herodoti

170 2034 250 2088 tidem
265 2033 422 2101 elevarunt,
449 2035 501 2088 iam
512 2033 667 2088 Lurcherus
685 2035 836 2103 infringere
852 2035 959 2088 studuit
975 2039 1103 2088 accurato
1121 2033 1243 2088 examine
1258 2033 1291 2088 ad

169 2119 302 2174 Herodoti
318 2119 404 2172 locum
422 2119 559 2188 1,94t.1.
576 2139 603 2190 p.
615 2123 667 2178 377
679 2137 755 2190 seqq.
775 2125 832 2174 not.
843 2125 896 2182 266
914 2120 1052 2173 instituto.
1086 2120 1156 2173 Nam
1174 2120 1240 2172 baec
1259 2119 1292 2172 de

170 2204 305 2258 industria
326 2206 359 2257 ab
376 2204 517 2258 Herodoto
534 2205 672 2274 Lydorum
699 2205 819 2276 ipsorum
840 2223 872 2258 ex
894 2207 963 2260 loma
984 2223 1015 2258 ae
1034 2206 1088 2259 lide
1107 2205 1180 2258 tradi
1197 2209 1293 2258 censet

170 2306 257 2360 eoque
272 2289 357 2358 magis
373 2289 457 2358 trudi,
480 2291 553 2362 quod
568 2290 613 2342 ille
627 2290 693 2344 haee
715 2308 731 2342 a
745 2290 852 2345 Xantho
870 2291 994 2360 neglecto
1008 2291 1133 2345 vidisset.
1167 2289 1291 2344 Herodo-

169 2383 225 2428 tum
239 2381 326 2429 autem
342 2374 443 2427 Xanthi
460 2376 633 2429 narrationes
648 2375 748 2443 falsas,
767 2394 836 2448 quas
848 2378 962 2448 putabat
974 2375 1152 2442 refellendas,
1173 2375 1291 2446 aliaque,

168 2462 202 2512 ab
223 2461 277 2513 isto
297 2461 410 2527 omissa,
434 2461 588 2532 supplenda
607 2461 659 2514 sibi
676 2461 809 2514 sumsisse
832 2463 936 2516 monuit
951 2463 1084 2516 Creuzer.
1099 2463 1126 2516 iu
1142 2461 1235 2531 Symb.
1254 2461 1291 2516 ll.

167 2564 194 2616 p.
215 2550 269 2606 828
289 2551 361 2614 not,
389 2547 555 2618 multumque
574 2545 675 2599 Xanthi
701 2546 811 2600 silentio
829 2548 1003 2602 tribuendum
1026 2566 1088 2602 esse
1111 2547 1179 2602 idem
1199 2553 1291 2617 neget,

167 2649 226 2684 cum
241 2631 361 2698 Xantho,
385 2632 486 2703 quippe
502 2632 591 2701 Lydio
613 2631 727 2702 homini,
749 2633 819 2686 sutis
834 2649 933 2686 causae
952 2635 1067 2688 subesse
1083 2633 1219 2704 potuerit,
1242 2649 1292 2686 cur

167 2716 283 2784 celaret,
309 2734 380 2787 quae
396 2717 486 2770 minus
503 2719 629 2770 facerent
643 2719 677 2771 ad
692 2717 785 2784 gentis
801 2735 868 2771 suae
887 2717 1000 2786 gloriam
1021 2723 1103 2788 ateque
1122 2719 1292 2786 dignitatem,

167 2789 307 2852 Herodoto
326 2819 408 2868 vero,
430 2819 510 2870 quem
523 2803 552 2854 in
567 2801 628 2870 ipsa
641 2801 719 2854 ltalia
732 2819 802 2870 opus
814 2819 893 2856 suum
908 2803 1061 2856 absolvisse
1075 2803 1215 2868 norimus,
1237 2819 1291 2854 me·

170 2883 223 2934 lius
241 2883 335 2952 utique
352 2885 385 2936 de
403 2885 444 2937 his
459 2887 544 2938 rebus
568 2885 709 2954 inquirere
727 2903 877 2957 uerumque
898 2888 1030 2956 indagare
1046 2887 1163 2940 licuerit.
1194 2887 1293 2955 Neque

169 2967 220 3018 hoc
240 2967 380 3020 admodum
397 2968 484 3036 valet,
512 2969 584 3040 quod
605 2970 785 3023 Etruscorum
805 2989 909 3037 mores,
932 2973 1073 3038 instituta,
1097 2971 1150 3022 alia
1169 2987 1185 3022 a
1206 2970 1293 3037 Lydis

169 3057 313 3122 tantopere
331 3052 444 3105 differre
460 3053 544 3121 vulgo
561 3052 691 3120 clamant3
715 3055 821 3109 minime
843 3056 913 3110 enim
933 3057 999 3109 haec
1019 3060 1097 3107 tanta
1112 3072 1174 3107 esse
1191 3053 1293 3108 dudum

170 3135 267 3188 statuit
279 3137 464 3189 Wachsmuth.
480 3137 604 3208 (haltere
617 3139 718 3191 Gesch.
731 3139 812 3192 Rome
832 3141 923 3211 p.85),
946 3141 1013 3211 quin
1029 3139 1147 3208 vestigia
1162 3139 1294 3192 nonnulla

169 3221 359 3290 reperiantur,
389 3223 490 3293 quibus
512 3229 656 3292 utramque
678 3227 785 3292 gentem
808 3226 890 3278 unius
917 3225 1093 3295 eiusdemque
1111 3223 1207 3294 stirpis
1231 3241 1293 3278 esse

170 3305 310 3374 probabile
332 3307 389 3358 liat.
423 3307 569 3360 Pertinent
587 3309 654 3375 huc,
677 3309 789 3378 quaein
807 3310 953 3380 utriusque
970 3310 1061 3378 gentis
1080 3309 1240 3378 religionem
1255 3309 1293 3360 al-

170 3390 226 3442 tius
245 3391 387 3460 indaganti
403 3392 507 3445 obviam
526 3393 597 3445 liunt
614 3393 685 3446 haud
703 3410 790 3463 pauca
803 3394 882 3447 valde
897 3411 1020 3464 congrua
1033 3399 1060 3447 et
1075 3411 1204 3465 perquam
1220 3395 1293 3448 simi-

169 3475 219 3542 lia,
245 3476 386 3545 pertinent
406 3495 516 3548 quoque
538 3478 590 3531 huc
611 3495 659 3546 ea,
681 3495 751 3549 quae
773 3479 807 3532 de
827 3479 899 3532 ueris
920 3479 1076 3534 elaborandi
1097 3485 1171 3546 arte,
1192 3480 1221 3532 in
1240 3497 1294 3550 qua

171 3569 286 3632 utraque
301 3580 370 3630 gens
385 3563 478 3616 mirum
490 3562 517 3614 in
533 3563 638 3617 modum
654 3563 825 3632 excelluerit,
847 3564 931 3634 vulgo
946 3567 1140 3636 proferuntur,
1164 3570 1212 3616 aut
1223 3581 1294 3636 quae

169 3647 202 3699 de
214 3647 395 3700 Etruscorum
410 3648 582 3702 vestimentis
598 3649 714 3717 eLydia
727 3649 884 3720 repetendis
895 3651 996 3703 tradita
1010 3649 1191 3703 inveniuntur
1206 3651 1293 3722 (cont.

169 3732 202 3784 C.
219 3734 254 3784 0.
267 3731 377 3785 muller.
389 3733 517 3786 Etrusco.
530 3735 552 3785 l.
565 3739 660 3804 pm.
673 3734 748 3802 270),
765 3735 826 3802 alia,
839 3752 910 3806 quae
921 3737 1047 3808 prolerre
1063 3735 1173 3804 longum
1186 3739 1229 3788 est
1236 3729 1292 3802 **).

168 3816 210 3871 ad
221 3816 332 3887 linguae
349 3817 427 3872 etiam
443 3817 658 3889 similitudinem,
681 3821 715 3875 ad
729 3819 810 3874 ludos
821 3821 1002 3876 Etruscorum
1014 3820 1154 3890 scenicos,
1177 3826 1205 3874 et
1222 3836 1293 3891 quae

237 4072 264 4139 *l
282 4076 342 4138 Quo
358 4077 433 4141 prior
452 4077 505 4126 iam
518 4073 718 4127 Valckenarius
728 4072 839 4125 Xantho
848 4073 925 4140 Lydo
944 4076 972 4126 in
988 4076 1070 4128 rebus
1086 4076 1183 4141 patriis
1201 4074 1292 4140 potius

170 4144 781 4278 ‘libiliilliillilll..lilii
796 4145 1292 4267 tl³⁰53tt.l‘¹.{³i‘⁰ll‘·.l.ltl.

169 4281 233 4332 olim
251 4299 365 4350 corporo
384 4285 474 4336 dotem
492 4287 546 4337 sibi
558 4231 762 4352 'palumbum
777 4231 918 4349 ἴίἰοῑιιιιιιτ(,1
932 4287 968 4337 ad
984 4233 1054 4337 bilae
1070 4231 1211 4352 altiusque
1228 4301 1292 4352 gen-

169 4352 207 4404 tis
227 4356 418 4420 cognationem
434 4355 568 4419 reserunt3
587 4355 643 4408 vid.
661 4359 730 4406 nott.
750 4355 826 4420 adl,
845 4354 888 4408 93.
