3058 4928
552 261 800 322 EUTERPE.
823 261 865 322 11.
888 263 932 325 51.

1248 233 1321 322 ιιι

134 436 231 508 129ιά
245 434 343 526 ὄργια
358 433 666 524 παραλαμβάνουσι.
706 431 795 524 ὀρθὰ
814 426 863 504 ὦν
884 439 974 521 ἔχειν
994 431 1035 503 τὰ
1054 439 1167 504 αἰδοῖα
1186 432 1307 522 τάγάλ-

174 567 262 630 ματα
276 544 337 609 ιοῦ
346 533 488 628 Ἑρμέω,
508 534 682 626 Ἀθηναῖοι
695 543 821 626 πρῶτοι
831 534 1017 627 Ἑλλήνων,
1038 537 1205 626 μαθόντες
1220 538 1310 630 παρὰ

175 647 378 730 Πελασγῶν,
401 639 609 730 ἐποιήσαντο.
650 647 684 710 ot
695 641 733 711 dl
750 643 917 728 Πελασγοὶ
938 641 1012 731 ἱρόν
1026 668 1102 711 τινα
1115 641 1217 730 λόγον
1232 646 1309 732 rrepl

176 745 282 818 αὐτοῦ
303 747 438 832 ἔλεξαν,
465 742 506 814 rol
529 747 567 816 ἐν
583 760 669 815 τοῖσι
684 747 722 814 ἐν
734 751 957 834 Σαμοθρηΐκῃ
972 752 1182 834 μυστηρίοισι
1203 746 1304 836 δεδή-

176 931 240 998 pag.
261 913 333 979 502),
357 903 499 978 πρότερον
521 929 602 964 eensu
620 913 717 964 latiore

176 986 239 1052 poni
264 990 340 1034 ratus
367 983 422 1045 ita,
451 981 510 1032 vult
537 981 629 1033 valcat
653 985 716 1034 olim.

176 1054 244 1106 Mihi
278 1053 485 1118 haudquaquam
515 1054 659 1117 persuasit.
684 1080 717 1089 -

177 1128 209 1177 In
228 1139 307 1203 seqq,
325 1122 388 1174 dedi
412 1137 472 1172 cum
492 1121 579 1173 Gaias.
604 1114 717 1186 μαθόν-

176 1209 221 1252 τες
235 1185 313 1272 παρὰ
327 1189 492 1256 Πελασγῶν,
510 1207 570 1242 cum
582 1192 664 1258 vulgo
678 1205 718 1242 es-

177 1269 219 1316 set
233 1277 310 1312 παα
300 1255 395 1316 ’.Πιλ
416 1255 567 1344 μαθόντες.

212 1327 243 1382 ολ
261 1279 310 1382 clla
308 1324 480 1394 Πελασγοὶ
467 1323 532 1395 ιρόν
552 1345 615 1380 τινα
633 1322 718 1396 λόγον

176 1399 242 1466 περὶ
260 1393 350 1450 αὐτοῦ
370 1394 466 1461 ἔλεξαν
484 1416 510 1450 ιι.
529 1416 552 1450 r
577 1399 611 1467 1.]
630 1401 719 1466 Expo-

177 1474 231 1526 suit
247 1471 315 1522 haec
333 1471 429 1521 Oreus.
446 1469 482 1521 ad
500 1469 586 1522 Cicer.
607 1471 640 1520 de
659 1474 716 1520 nat.

178 1544 251 1594 deor.
274 1541 327 1603 111,
357 1542 400 1591 22.
424 1555 450 1604 p.
475 1539 540 1592 605ι
564 1540 718 1603 „Videlicet

176 1612 326 1663 Mercurius
336 1609 529 1674 ithyphallicos
540 1577 582 1659 eal
596 1611 666 1661 ratio
677 1625 718 1660 se-

177 1680 284 1750 ruinalis
308 1685 337 1730 et
360 1679 498 1741 effectrix,
523 1695 584 1729 cum
607 1695 718 1745 genera·

177 1735 251 1801 tloue
264 1765 365 1808 rerum,
385 1717 548 1814 plantar'um,
562 1749 717 1798 animalium

177 1821 236 1884 rel.,
255 1823 312 1868 tum
324 1819 491 1884 cogitatione
505 1823 532 1868 et
549 1819 666 1884 loquela.
685 1819 717 1868 In

177 1890 282 1940 utrovis
301 1889 410 1954 negotio
432 1888 583 1938 Mercurius
607 1888 718 1938 effectae

178 1962 301 2026 praestat
318 1973 449 2022 perennes
471 1973 560 2008 rerum
578 1958 716 2012 formasa

176 2030 263 2081 ideae.
303 2029 363 2078 lam
385 2027 453 2078 haec
478 2028 548 2078 ratio
580 2025 718 2078 seminalis

178 2105 205 2151 et
224 2098 345 2149 effectrix
362 2097 493 2148 adsciscit
513 2097 565 2147 sibi
586 2098 719 2148 rationem

176 2169 352 2234 receptricem
375 2171 401 2218 et
423 2167 627 2232 generatricem.
669 2167 718 2218 Ille

178 2243 220 2290 est
234 2255 299 2300 naua,
315 2237 384 2287 haec
399 2237 506 2300 femina,
525 2235 570 2286 ille
581 2241 633 2300 aot,
651 2237 719 2288 haec

176 2314 244 2361 turra.
281 2309 370 2359 Verno
393 2311 484 2357 autem
508 2311 641 2371 tempore,
667 2321 726 2372 quo·

175 2383 275 2430 natura
293 2379 380 2429 denuo
397 2380 541 2441 vegetetur
557 2381 585 2426 et
603 2376 720 2427 iecrruda

177 2448 312 2510 redditur,
339 2445 379 2496 sol
401 2445 492 2496 lunam
516 2445 616 2496 dicitur
638 2461 718 2510 vege-

177 2525 236 2570 tare
254 2523 282 2568 et
301 2515 413 2581 implere
436 2515 586 2566 rationibus
605 2516 718 2567 semina-

177 2589 262 2652 libus,
284 2587 380 2652 quibus
395 2601 428 2636 ea
446 2601 538 2636 rursus
555 2585 648 2650 implet
666 2591 718 2636 ter-

177 2674 243 2709 ram.
280 2658 393 2720 „„Nam
415 2655 578 2706 Mercurium
600 2656 628 2706 in
653 2655 718 2705 luna

177 2727 296 2780 locatum
305 2725 477 2788 fabulantur,
495 2725 560 2790 quia
571 2741 640 2791 quae
653 2724 718 2775 luna

177 2797 270 2859 elficit,
281 2811 313 2846 ea
325 2795 441 2846 rationis
451 2811 483 2846 ac
494 2795 646 2860 sapientiae
656 2811 718 2860 ope-

177 2883 235 2918 rum
261 2870 325 2916 suunt
345 2863 497 2927 similia,““
522 2863 589 2915 dicit
611 2864 718 2915 Plutar-

177 2936 244 2986 chus
269 2934 302 2984 de
327 2935 394 2985 Ieid.
418 2939 446 2984 et
468 2933 540 2988 Osir.
561 2951 588 3000 p.
607 2933 658 2986 367
681 2935 716 2984 D.

177 3007 220 3055 De
243 3003 315 3054 facie
340 3004 369 3052 iu
393 3003 451 3054 orb.
476 3002 533 3056 lun.
557 3021 585 3069 p.
609 3003 661 3055 943
683 3005 716 3056 B.

180 3075 268 3139 Igitur
284 3074 326 3122 vis
344 3077 475 3138 vegetans
495 3079 523 3124 et
545 3074 616 3124 ratio
639 3073 717 3123 senri-

178 3142 250 3194 ualis
269 3141 333 3193 solis
349 3147 403 3206 est,
423 3147 450 3192 at
463 3142 593 3208 quidquid
606 3143 663 3194 elue
676 3157 718 3192 ra-

178 3212 260 3263 tionis
273 3211 354 3262 lunae
371 3212 538 3277 impertitur,
555 3213 583 3264 id
596 3213 621 3263 ei
632 3229 649 3263 a
661 3212 718 3264 sole

178 3281 343 3346 impertitum
365 3297 426 3332 esee
448 3282 626 3347 significatur.
664 3283 801 3350 igi-pa

178 3357 223 3402 tur
250 3351 363 3400 rationis
388 3352 462 3401 lacte
491 3355 627 3417 particeps
653 3352 717 3402 luua

178 3421 373 3488 quodammodo
396 3421 565 3472 Mercurialis
585 3421 717 3486 redditur,

178 3495 310 3557 quatenus
335 3505 405 3556 quae
426 3492 455 3540 in
478 3491 535 3542 sole
556 3493 627 3542 inest
645 3493 716 3542 ratio

177 3559 325 3622 seminalis,
349 3575 366 3610 a
388 3561 521 3614 Mercurio
535 3563 660 3626 protecta
679 3561 717 3612 di-

177 3632 256 3682 eitur.
299 3631 358 3682 Iarn
382 3629 520 3693 Plotinae,
546 3632 592 3697 qui
611 3632 717 3682 Mercu-

177 3701 247 3752 rium
267 3713 376 3780 semper
398 3667 546 3752 excitatum
570 3699 644 3766 (pag.
663 3701 713 3782 321

178 3787 249 3856 aeq:
267 3759 375 3852 Ἑρμῆν
392 3764 445 3836 μὲν
462 3768 579 3820 ποιοῦσι
599 3761 682 3820 rdv’
666 3785 715 3834 αρ-

177 3844 261 3904 χαῖον
279 3833 329 3889 τὸν
345 3836 404 3920 τῆς
417 3831 607 3905 γεννήσεως
591 3854 716 3904 οργανον

176 3905 221 3959 ἀεὶ
240 3903 341 3973 ἔχοντα
353 3902 425 3974 πρὸς
442 3899 585 3975 ἐργασίαν)
599 3909 716 3971 exhibet,

178 3979 279 4044 accipit
304 3995 365 4030 eum
389 3980 516 4030 univerae
540 3995 589 4044 pro
611 3981 717 4030 ratione

177 4047 300 4099 seminali
297 4048 396 4132 eique
414 4049 482 4100 adeo
503 4049 617 4126 opponit
634 4053 718 4099 mate-

178 4118 245 4168 riam
263 4109 327 4182 (τὴν
347 4132 445 4180 arepuv
467 4109 568 4184 φύσιν)
591 4135 645 4168 nou
671 4135 716 4168 ca-

176 4201 270 4251 pacem
280 4189 397 4239 omuiuru
406 4188 542 4239 rationum
554 4203 576 4238 s.
586 4188 715 4250 idearum,

180 4256 228 4306 sed
237 4255 415 4310 reluctantem
429 4261 511 4321 atque
521 4257 647 4308 sterilem.
673 4257 715 4306 ci-

178 4337 240 4376 cero
258 4324 277 4376 l.
297 4325 327 4389 1.,
346 4325 508 4377 Plutarchus
529 4325 547 4378 l.
565 4325 583 4376 l.
603 4330 632 4376 et
650 4327 715 4376 Por·

768 911 879 980 phyrius
892 910 975 977 (apud
983 911 1081 964 Euseb.
1095 913 1192 978 Praep.
1201 915 1308 996 Evanq.

768 983 823 1034 111.
841 997 869 1047 p.
888 981 936 1032 114
954 981 1060 1047 Calon.)
1084 983 1221 1048 sigillatim
1239 985 1309 1035 acei-

769 1053 847 1118 piuut
870 1052 971 1102 desole
992 1059 1121 1116 repetente
1145 1058 1172 1102 et
1192 1055 1251 1102 tuna
1268 1071 1308 1104 re

766 1130 864 1204 petato.
895 1120 944 1171 Cui
955 1122 1000 1171 et
992 1135 1079 1186 speum
1092 1125 1228 1186 opponunt
1240 1123 1310 1172 Mer-

769 1193 886 1253 curium,
910 1191 961 1241 hoc
983 1193 1078 1256 pacto:
1105 1205 1159 1240 non
1182 1192 1310 1242 contiuuo

770 1267 797 1312 et
815 1275 1008 1326 usquequaque
1025 1260 1177 1310 rationibus
1195 1262 1309 1311 semina-

769 1332 841 1382 libus
858 1331 970 1395 implere
987 1330 1135 1380 Mercurius
1154 1329 1244 1380 lunum
1263 1347 1310 1396 po-

769 1406 837 1465 test,
866 1405 897 1450 ut
920 1415 989 1465 quae
1017 1400 1059 1450 ab·
1076 1399 1154 1450 initio
1179 1401 1310 1451 obnititur

770 1475 797 1522 et
821 1485 897 1522 suam
919 1471 980 1534 ipsa
1005 1469 1208 1535 'aliquantisper
1228 1471 1310 1521 ratio-

769 1557 830 1591 nem
847 1540 946 1592 sectari
964 1539 1082 1601 mavult;
1101 1540 1148 1590 sed
1166 1539 1212 1590 ille
1225 1541 1309 1591 instat
1360 1589 1363 1596 ,

769 1615 797 1661 et
814 1610 936 1672 molitur,
961 1609 1047 1660 donec
1066 1625 1098 1660 ea
1119 1609 1260 1674 paullatim
1279 1610 1310 1659 il-

768 1681 822 1730 lam
832 1679 944 1730 alteram
954 1679 1169 1744 superioremque
1178 1681 1310 1731 rationem

767 1751 865 1815 recipit
881 1755 962 1814 atque
981 1749 1009 1798 in
1027 1764 1056 1799 se
1067 1750 1209 1800 convertit.
1239 1751 1310 1802 Noa·

768 1835 905 1884 uunquam
936 1823 1027 1868 tamen
1060 1834 1170 1884 prorsus
1205 1819 1310 1884 respuit

768 1888 873 1952 oblata,
888 1892 915 1939 et
928 1887 1059 1938 hactenus
1073 1904 1087 1937 e
1099 1888 1253 1954 generando
1265 1889 1309 1939 de-

769 1960 865 2010 sistere
877 1958 984 2024 cogitur
992 1959 1141 2008 Mercurius
1155 1956 1221 2022 (rid.
1242 1959 1310 2009 Ται-

769 2035 831 2079 taae
846 2028 930 2079 schol.
949 2027 984 2078 ad
1002 2027 1139 2093 Lycophr.
1156 2043 1226 2079 vers.
1246 2027 1308 2080 698.

770 2099 837 2149 1116
856 2104 883 2148 et
901 2101 992 2162 Etym.
1009 2113 1045 2148 m.
1061 2112 1125 2162 pag.
1148 2097 1195 2148 194
1209 2097 1308 2164 Lips.).

769 2193 803 2205 -
821 2169 895 2219 Hinc
912 2167 960 2218 ille
976 2165 1084 2226 fabula,
1104 2182 1184 2232 quam
1203 2167 1309 2218 Tullius

768 2238 875 2304 attigit:
896 2238 1042 2288 Mercurius
1056 2234 1113 2301 (sol,
1132 2253 1185 2287 mur
1202 2237 1247 2286 vel
1263 2253 1309 2302 po-

768 2309 822 2359 tius
845 2310 939 2358 solerte
964 2308 1065 2372 penius,
1100 2306 1171 2357 ratio
1200 2305 1308 2370 solaris)

769 2377 921 2442 adspiciens
939 2378 1120 2440 Proserpinam
1143 2377 1235 2438 (turam
1256 2377 1310 2426 vir·

768 2445 872 2513 ginem)
884 2451 1067 2498 commovetur
1077 2451 1105 2497 et
1119 2461 1180 2497 cum
1194 2462 1227 2497 ea
1238 2447 1310 2496 coire

768 2517 851 2582 cupit.
889 2518 925 2567 At
948 2515 1009 2579 illa,
1032 2520 1128 2582 utpote
1150 2515 1242 2582 virgo,
1269 2532 1309 2567 re-

767 2587 901 2650 luctatur,
923 2586 1066 2648 irascitur,
1092 2586 1164 2636 ultro
1188 2588 1307 2652 citroque

768 2660 901 2708 commeat
929 2653 967 2720 (h.
990 2671 1013 2707 e.
1038 2656 1201 2721 Proserpina
1228 2657 1308 2719 irata,

768 2726 897 2778 terribilis
920 2725 1058 2791 igiturque
1075 2725 1162 2776 Brimo
1180 2726 1238 2775 sive
1254 2727 1309 2777 He·

768 2805 838 2859 cote,
856 2795 1002 2860 eademque
1020 2793 1165 2859 venatrix),
1183 2795 1308 2844 nimirum

768 2865 856 2932 quoad
869 2863 1009 2930 paullatim
1029 2863 1192 2914 exhilaretur
1207 2868 1308 2913 etcum

767 2935 903 2985 Mercurio
917 2934 1088 2985 concumbat.
1109 2934 1151 2983 Ex
1168 2948 1220 2996 quo
1235 2932 1308 2982 coitu

767 3003 890 3054 nonnulli
923 3002 1092 3054 tradiderunt
1122 3001 1214 3051 uatum
1248 3015 1307 3050 esse

766 3073 920 3126 Eleusinem
942 3073 1050 3123 heroem
1074 3071 1202 3136 (Pausan.
1223 3071 1245 3133 1,
1263 3070 1306 3133 38,

768 3145 805 3210 7),
820 3144 874 3193 i.e.
889 3159 957 3205 euru,
974 3143 1020 3207 qui
1034 3142 1307 3207 trugumprovsntum

768 3211 917 3264 instituitst‘
928 3243 963 3252 -
981 3213 1023 3261 Tu
1036 3211 1105 3261 adde
1121 3209 1271 3263 Gerhardl.
1286 3209 1305 3261 l.

803 3282 898 3348 5209
915 3293 973 3346 seq.
991 3281 1052 3332 256.
1088 3281 1121 3330 In
1143 3279 1197 3330 alia
1218 3281 1307 3331 omnia

767 3353 844 3404 abire
868 3298 963 3402 videoq
970 3350 1090 3401 Lobeck.
1116 3349 1305 3428 (Aglaopham.

767 3440 796 3489 p
787 3421 997 3484 lala-¹215),
1011 3419 1055 3471 cui
1069 3410 1305 3484 ἴερὸς111ιιλόγος,

767 3507 846 3558 quem
862 3490 897 3541 ad
914 3492 1073 3541 Hermarum
1098 3489 1306 3543 mutouintorum

766 3561 1015 3627 interpretationem
1029 3561 1168 3609 inventum
1186 3573 1246 3607 esse
1259 3573 1306 3622 pu-

766 3637 816 3694 tat,
831 3632 901 3682 idem
913 3645 1019 3696 quoque
1031 3644 1091 3680 esse
1103 3628 1217 3688 videtur,
1228 3642 1305 3692 quem

766 3671 859 3766 attlgit
869 3699 995 3752 Cicerol.
1017 3697 1035 3750 l.
1052 3705 1133 3764 atque
1148 3696 1306 3762 Propertius

766 3771 804 3834 11,
824 3773 849 3834 2,
871 3771 911 3832 11,
935 3769 982 3819 ubi
1005 3769 1059 3818 vid.
1081 3769 1231 3818 Βαιιιιιιιιιι.
1257 3765 1305 3815 sed

767 3857 800 3892 ex
819 3807 943 3891 ohruibus
965 3837 1007 3887 his
1029 3837 1096 3886 nihil
1120 3835 1194 3886 aliud
1212 3833 1305 3900 colligi

766 3909 838 3973 vult,
858 3910 911 3959 uisu
904 3907 1110 3959 'Samothracae
1126 3905 1306 3970 lsemnioaque

769 3947 846 4030 clearh
857 3977 991 4044 quandam
1004 3976 1120 4027 coluisse
1133 3976 1255 4026 Hecatae
1265 3979 1306 4024 at-

767 4063 819 4114 que
841 4049 947 4098 Dianae
973 4045 1085 4096 similem
1108 4061 1195 4112 neque
1218 4045 1304 4096 direr-

767 4133 824 4167 sam
839 4133 855 4168 a
869 4117 1045 4180 Proserpina,
1066 4117 1143 4167 cuius
1162 4131 1222 4166 curn
1235 4116 1304 4166 Mer-

767 4189 841 4238 curio
859 4186 961 4236 iurtiva
979 4187 1140 4237 commercia
1161 4187 1189 4234 in
1206 4189 1304 4250 myste-

766 4257 813 4306 riis
831 4255 992 4308 cabirorum
1008 4261 1135 4306 enarrata
1152 4255 1262 4304 fuerint.

800 4317 835 4374 τὰ
851 4355 887 4366 -
904 4315 1071 4392 δεδήλωται]
1087 4317 1121 4374 τὰ
1140 4339 1200 4374 cum
1215 4323 1303 4374 minus
