2980 4932
208 335 247 396 54
644 325 915 389 HERODOTI'

208 515 322 589 νείκας
346 503 523 596 μετέπειτα
539 507 698 595 τελευτᾷ,
722 501 923 591 βασιλεύσας
942 501 1018 568 ἔτεα
1039 496 1120 568 ἑκτὰ
1144 502 1201 570 καλ
1223 503 1345 596 πεντή·

208 640 320 683 κοντα.
349 608 497 699 ἀνέθηκε
517 607 555 678 δὲ
577 603 736 695 ἑκφυηιὺν
756 603 819 695 τὴν
835 609 976 689 νοῦσον,
989 601 1157 692 ,δεύτερος
1174 595 1272 687 οὗτος
1289 614 1348 698 τῆς

208 722 315 806 οἰκίης
328 712 461 803 ταύτης,
473 709 672 802 ἐςΔελφοὺς
685 709 833 802 κρητῆρά
842 737 878 781 τε
888 705 1056 798 ἀργύρεον
1070 709 1176 797 μέγαν
1191 711 1247 780 καὶ
1261 705 1345 785 ὑπο-

241 907 541 982 καλὺποκρητηρίδιον
551 905 753 980 σιδήρεονκολ-
801 913 890 965 tinent
907 911 1016 962 omnino
1029 925 1076 974 ee,
1090 925 1160 976 qnae
1177 913 1249 978 apud
1265 913 1347 966 Athe-

206 979 307 1054 λητὺν]
326 977 573 1052 ὑποκρητηρίδιον
587 989 630 1036 eet
643 987 752 1034 malens
801 999 899 1034 naenm
916 981 1043 1046 leguntur
1061 996 1094 1030 ex
1112 982 1291 1047 Hagesandro
1311 987 1346 1050 V,

207 1059 277 1108 basis
294 1072 316 1109 e.
335 1056 465 1120 fulcrum,
490 1056 535 1106 cui
557 1059 645 1105 crater
667 1055 751 1119 impo-
803 1053 835 1105 13
854 1053 900 1116 (Τ.
919 1051 958 1101 ΙΙ.
974 1066 1000 1115 p.
1015 1049 1066 1100 309
1083 1049 1258 1118 Schweigh.)‚
1274 1058 1347 1120 apud

206 1133 301 1189 natur,
333 1127 440 1184 Geruli,
477 1125 647 1189 Ualerpestell
681 1125 750 1174 eines
801 1121 997 1175 Philostratum
1015 1119 1072 1170 Vit.
1093 1120 1219 1186 Apellen.
1241 1125 1344 1188 V1,ll.
1450 1181 1455 1190 ,

205 1197 314 1261 Kretea,
337 1197 485 1250 Uetersatz:
508 1194 592 1247 Galli:
615 1209 748 1260 aoueoupe.
801 1210 827 1260 p.
849 1195 909 1256 247,
932 1191 1098 1242 Pausaniam
1121 1189 1139 1240 l.
1165 1192 1184 1243 l.
1209 1198 1237 1244 et
1259 1195 1344 1246 Ense.

205 1267 298 1331 Neque
329 1265 410 1316 aliter
445 1265 537 1315 Leake
564 1262 692 1332 (Trarels
722 1263 751 1312 in
800 1265 875 1314 bium
892 1261 1000 1312 advers.
1021 1259 1143 1340 Marcell.
1163 1263 1185 1324 Ι,
1205 1263 1230 1314 3.
1247 1265 1343 1316 'Unde

206 1336 344 1387 Northern
369 1335 470 1386 Graece
492 1336 530 1386 11.
557 1350 583 1399 p.
608 1332 685 1395 303)ι
712 1349 749 1396 „a
800 1334 868 1384 satis
889 1330 1066 1396 intelligitur,
1097 1330 1343 1397 ὑποκρητηρίδιον

203 1405 310 1468 baseos
323 1405 363 1454 the
381 1419 428 1466 cup
441 1405 520 1468 treats,
538 1408 663 1469 separate
679 1402 749 1451 Irom
798 1403 883 1453 hocce
898 1401 972 1450 hand
995 1400 1111 1466 exiguae
1133 1400 1219 1452 inisse
1240 1406 1343 1470 magni-

206 1491 262 1540 auy
279 1473 383 1524 marble
403 1473 552 1538 hypobase‚
568 1487 642 1536 upon
660 1471 748 1521 which
798 1471 911 1534 tudinis,
932 1470 1101 1535 maximeque
1117 1473 1295 1536 spectandum
1309 1475 1343 1526 ob

210 1545 234 1594 it
251 1559 313 1608 may
322 1544 390 1593 have
402 1542 511 1596 stood“.
530 1542 640 1592 Etenim
654 1545 747 1591 tenen·
781 1528 922 1593 'caelatas
945 1541 973 1590 in
996 1555 1027 1590 eo
1052 1541 1144 1590 variae
1163 1542 1344 1594 animantium

204 1614 267 1664 dum
284 1617 340 1675 eet,
359 1617 479 1662 crateres
498 1612 608 1663 maioris
627 1611 747 1661 ambitus
798 1613 899 1678 figuras
911 1608 1102 1675 plantarumve
1114 1609 1341 1678 insectorumque.

203 1681 247 1733 vel
264 1682 358 1748 figuris
376 1682 537 1748 quibusdam
555 1687 684 1748 tanquam
704 1697 748 1746 pc-
799 1683 853 1733 Sed
880 1671 1019 1744 κολλητὺν
1050 1681 1122 1744 quod
1151 1687 1265 1732 vocatur
1290 1681 1342 1734 hoc

203 1753 282 1803 dibus
315 1751 466 1801 sustentari
492 1752 536 1801 vel
564 1751 624 1801 basi
654 1751 689 1801 ad
717 1751 745 1800 id
797 1767 856 1814 vae,
875 1749 990 1801 multum
1006 1749 1162 1814 disceptant
1185 1751 1238 1800 viri
1257 1753 1341 1805 docti.

200 1823 288 1888 ipsum
301 1819 448 1872 artificiose
461 1819 618 1872 elaboratae
633 1821 745 1886 imponi,
796 1821 925 1874 Reiskius
938 1820 966 1870 id
981 1833 1041 1870 esse
1058 1823 1148 1879 notat,
1167 1821 1239 1886 quod
1251 1823 1344 1874 Latini

203 1891 317 1942 docente
329 1891 432 1956 Ussing
449 1891 490 1942 De
509 1891 657 1943 nominibb.
671 1905 744 1941 vase.
795 1895 917 1942 caelatum
930 1905 952 1940 s.
972 1892 1097 1940 stellatum
1114 1890 1261 1956 appellant,
1280 1894 1297 1942 i.
1319 1911 1343 1946 e.

202 1962 314 2013 Graeco.
349 1976 387 2025 p„
401 1960 444 2012 9⁶2.
487 1961 527 2012 Ae
555 1961 638 2012 talem
665 1961 745 2010 basin
797 1977 878 2027 opus,
900 1975 954 2026 quo
984 1958 1086 2008 diversi
1112 1961 1220 2024 generis
1247 1963 1342 2013 metal-

201 2031 286 2082 iuiesc
307 2020 554 2096 ὑποκρητηρίδιον
575 2031 651 2082 vele
674 2032 745 2081 Pau·
795 2031 851 2082 lum
868 2031 896 2080 in
923 2029 978 2078 alio
1001 2027 1113 2078 infixum
1137 2033 1192 2094 est,
1216 2037 1243 2081 et
1270 2035 1343 2097 quod

201 2115 260 2151 san.
280 2101 315 2160 X,
335 2099 376 2161 le,
397 2101 421 2150 1.
445 2105 530 2165 patet,
555 2102 600 2165 qui
623 2117 637 2150 c
661 2101 744 2150 dona·
795 2100 910 2151 maculis
920 2099 999 2164 quasi
1015 2103 1064 2148 aut
1081 2097 1207 2164 stellulis,
1223 2101 1260 2151 ad
1271 2103 1340 2153 caeli

202 2170 250 2218 riis
284 2166 404 2232 Delphos
430 2185 447 2218 a
470 2171 609 2234 Lydorum
636 2170 744 2236 regibus
796 2172 884 2221 Instar
897 2169 977 2220 nitet.
997 2169 1054 2219 Nec
1067 2167 1148 2218 aliter
1161 2169 1217 2220 iere
1226 2171 1344 2223 Larche-

201 2237 293 2287 missia
319 2236 386 2286 nibil
408 2238 497 2288 adhue
520 2255 660 2304 superesse
681 2239 746 2289 scri-
797 2257 860 2303 rua,
881 2237 1099 2290 adsentientibus
1122 2238 1343 2292 Winclrelmanni

201 2307 251 2370 bit,
269 2307 323 2356 uisi
342 2303 481 2370 σιδηροῦν
499 2301 591 2370 μόνον
609 2301 644 2358 τὸ
663 2300 745 2358 ὑπό·
797 2309 948 2360 editoribus
983 2307 1071 2370 (Tem.
1100 2307 1133 2358 V.
1164 2326 1189 2374 p.
1215 2309 1268 2360 429
1299 2313 1341 2364 ed.

204 2375 304 2440 θημα
322 2371 383 2424 τού
400 2369 577 2426 Ἀλυάττου
594 2375 744 2441 κρατῆρος,
796 2379 918 2441 Dread.)‚
931 2377 967 2427 ad
982 2391 1042 2428 eam
1060 2377 1124 2426 sarri
1142 2381 1281 2430 tractandi
1299 2397 1342 2431 ar-

200 2446 248 2498 ubi
261 2442 377 2496 Siebelis
388 2460 450 2510 pag.
462 2445 513 2496 207
526 2462 576 2496 nec
588 2447 675 2496 nostri
691 2445 745 2496 loci
797 2455 851 2499 tem
869 2448 968 2509 refert,
986 2459 1057 2512 quae
1073 2446 1159 2497 Gallis
1178 2451 1278 2501 dicitur
1295 2451 1342 2502 da·

201 2516 254 2565 suit
281 2516 420 2565 immemor
444 2530 494 2565 nec
521 2515 618 2581 Sigeas
649 2516 745 2566 inscri-
795 2521 967 2584 maspetum,
1000 2515 1190 2582 demereatur,
1222 2520 1256 2570 de
1288 2537 1342 2587 qua

220 2573 303 2634 tionis
323 2584 451 2648 alterins,
474 2585 521 2634 ubi
545 2589 599 2636 est:
617 2583 746 2650 κρητῆρα
795 2589 843 2638 Gr.
869 2586 976 2638 confert
996 2587 1146 2651 Boettiger.
1179 2590 1288 2640 lournal
1313 2593 1339 2643 d.

200 2601 233 2704 ὑλ
256 2649 304 2702 κοιλ
332 2642 610 2719 ὑποκρητήριοκ,
637 2671 698 2705 cum
715 2653 744 2704 in
795 2658 888 2707 Luxus
911 2673 939 2707 u.
964 2656 990 2705 d.
1018 2655 1108 2706 Modo.
1136 2657 1237 2708 Ianuar
1261 2660 1337 2712 1803.

199 2722 288 2774 altera
315 2723 482 2774 Inveniatur:
508 2721 636 2789 κρατῆρα
658 2715 742 2774 κύπί-
796 2726 854 2776 aive
876 2725 937 2777 Vol.
960 2725 1066 2776 XVIII.
1092 2742 1117 2791 p.
1140 2725 1234 2779 llnot.
1253 2729 1338 2780 Beck-

201 2807 320 2854 στατον,
355 2793 402 2843 ubi
437 2793 510 2844 coni.
546 2792 677 2844 Ghishull.
715 2797 743 2844 et
795 2811 886 2847 mann.
920 2796 956 2846 ad
987 2795 1102 2846 Aristot.
1142 2797 1258 2849 Mirabb.
1291 2813 1338 2850 aa·

201 2861 344 2914 Chandler.
373 2859 515 2928 Inscripti.
540 2863 624 2914 Attio.
648 2880 673 2928 p.
699 2862 741 2914 37.
795 2863 887 2915 scultt.
913 2879 939 2928 p.
962 2865 1018 2914 124.
1055 2865 1160 2916 Nititur
1187 2867 1340 2920 Lareherus

199 2931 261 2982 coll.
291 2931 413 2982 Boeclrh.
443 2933 676 2984 Staatshauahalt.
702 2933 741 2984 11.
794 2933 929 2985 Athenaei
953 2936 1114 2998 praesertim
1135 2935 1211 3000 loeo,
1235 2939 1282 2989 ubi
1306 2941 1341 2991 de

199 3017 225 3066 p.
245 3001 304 3054 301.
320 3001 386 3068 [254
403 3002 446 3054 ed.
470 3000 538 3067 aee]
564 3006 591 3052 et
614 3002 643 3050 in
661 3001 741 3065 Oorp.
794 3002 889 3068 figuris
908 3003 1022 3052 caelatis
1047 3019 1135 3054 sermo
1160 3012 1216 3070 eat,
1241 3009 1340 3073 quibus
1409 3068 1414 3077 Ι

198 3071 339 3135 Inscripti.
355 3071 468 3122 Gracco.
481 3073 505 3134 Ι,
523 3071 546 3122 l.
560 3086 621 3135 pag.
642 3072 685 3135 20,
694 3071 742 3120 ubi
795 3077 885 3122 crater
894 3073 1040 3137 insignitus
1054 3074 1145 3136 inerit,
1156 3077 1256 3142 quippe
1268 3093 1341 3144 quaa

198 3139 299 3190 Atticis
329 3140 381 3190 hoc
413 3155 495 3190 sensu
525 3141 654 3190 usitatius
683 3156 742 3190 esee
794 3158 849 3192 non
875 3141 931 3191 alio
959 3142 1013 3191 nisi
1040 3143 1091 3193 hoc
1116 3145 1195 3194 modo
1218 3147 1340 3199 exhiberi

199 3212 291 3257 monet
308 3197 468 3270 ἕπίοτατον,
487 3197 664 3272 ὑπόστατον,
683 3199 742 3259 ἐπι·
794 3213 942 3278 potuerint.
979 3211 1107 3277 Alioquin
1141 3214 1212 3264 enim
1242 3216 1340 3268 Glauci

199 3267 310 3340 στοίτης,
333 3266 506 3342 ὑποστάτης.
529 3279 628 3328 Rarior
648 3279 742 3344 utique
793 3285 881 3333 artem
914 3296 969 3330 non
999 3285 1144 3347 tantopere
1172 3285 1340 3339 celebratam

198 3345 365 3411 lenibusque
401 3347 510 3412 propria
546 3349 655 3398 videtur
688 3365 743 3400 vox
794 3351 880 3402 tuisse
908 3355 957 3400 aut
985 3356 1059 3400 certe
1085 3351 1276 3405 celebrandam
1301 3359 1341 3407 vi-

197 3403 423 3479 ὑποκρητήριον,
444 3423 502 3480 aut,
520 3421 551 3468 ut
568 3419 641 3484 apud
657 3420 742 3470 Hero·
794 3422 868 3483 deri,
888 3419 942 3468 nisi
960 3419 1017 3470 tale
1035 3421 1099 3486 quid
1116 3421 1162 3472 ille
1178 3424 1339 3480 invenisset.

198 3481 361 3546 detumeat,
380 3475 637 3551 ὑποκρητηρίδιον.
663 3489 742 3553 Apud
794 3492 846 3540 Vix
870 3495 963 3540 tamen
985 3489 1115 3541 Larcberi
1138 3493 1259 3544 rationes
1278 3513 1341 3548 cnm

197 3553 305 3604 Atticos
331 3554 414 3604 etiam
439 3545 686 3623 ίπικρητηρίδιονς
714 3560 742 3608 in
793 3561 932 3612 Pausania
951 3559 1093 3610 conciliari
1115 3567 1253 3626 poterunt,
1278 3565 1295 3616 l.
1320 3565 1339 3620 l.

196 3623 357 3690 Aeginetica
381 3625 557 3691 inscriptione
580 3633 671 3678 exstat
693 3619 742 3692 βοί-
792 3631 833 3680 ita
857 3630 1006 3680 scribente:
1033 3624 1138 3696 ἔλασμα
1164 3625 1197 3682 δὲ
1219 3625 1341 3688 ἕκαστον

197 3689 275 3757 δρον
297 3684 522 3759 ὑποκρατήριον.
559 3697 637 3747 (loni.
658 3697 742 3747 ctiam
793 3695 845 3748 τοὺ
878 3690 1070 3762 ὑποθήματος
1099 3690 1231 3766 ἐλάσματι
1262 3695 1340 3757 ἄλλο)

195 3761 268 3812 Rose
291 3762 432 3828 Inscripti.
456 3765 628 3832 (cadubrig.
660 3765 740 3828 laer)
793 3762 931 3833 προσεχὲς
948 3761 1129 3834 ούιτερόναις
1147 3761 1222 3820 ἐστὶν
1239 3759 1259 3837 ἦ
1275 3757 1339 3826 κέν’-

197 3847 222 3894 p.
246 3829 272 3880 9.
297 3830 357 3880 338.
382 3836 410 3880 et
434 3834 524 3883 Franz
544 3835 657 3886 Elemm.
678 3837 742 3901 lipi-
791 3851 879 3901 τροις,
898 3829 973 3901 μόνη
991 3831 1023 3887 δὲ
1042 3828 1060 3902 ἡ
1077 3831 1164 3888 κόλλα
1181 3839 1291 3907 συνέχει
1308 3860 1339 3895 τε

196 3898 290 3963 graph.
320 3914 345 3963 p.
370 3899 412 3950 79.
441 3901 501 3964 381,
527 3904 574 3967 qui
596 3904 666 3954 banc
694 3922 740 3956 vo·
791 3903 839 3956 καλ
857 3901 934 3955 ἔστιν
950 3895 1023 3970 αὑτη
1041 3905 1081 3974 τῷ
1099 3901 1208 3977 σιδήρῳ
1223 3907 1339 3977 δεσμός.

195 3967 235 4016 cis
250 3957 499 4032 ὑποκρητηρίδιον
511 3971 739 4036 significationem
792 3977 864 4039 Quin
874 3977 934 4041 ipsa
953 3975 1090 4027 voeabula
1107 3970 1201 4042 κόλλα,
1220 3979 1339 4050 κολλᾴν,

195 4039 269 4085 recte
304 4040 395 4087 tuetur
425 4042 521 4088 contra
551 4041 739 4094 Hamiltonum
789 4038 926 4110 κολλητὰς
961 4046 1016 4097 alio
1058 4048 1157 4108 ducere
1194 4048 1333 4105 videntur.

194 4103 366 4170 (Transactt.
387 4105 417 4156 oi
434 4105 479 4156 the
495 4109 573 4173 royal
587 4115 693 4178 society
710 4115 740 4163 oi
790 4115 867 4176 Quae
898 4131 960 4166 enm
989 4117 1030 4165 ita
1064 4117 1132 4181 sint,
1163 4118 1229 4168 mibi
1258 4129 1334 4174 certe

193 4173 310 4223 Literat.
330 4175 383 4224 III.
403 4175 433 4224 P.
454 4176 476 4225 Ι.
497 4193 523 4241 p.
545 4177 606 4242 121)
626 4181 659 4230 de
677 4181 736 4246 ipso
787 4186 967 4249 praeferenda
994 4187 1102 4237 videtur
1124 4189 1261 4240 sententia
1289 4207 1335 4243 eo-

193 4242 307 4293 raseulo
322 4257 354 4292 οο
375 4243 498 4308 itantem,
520 4247 563 4297 cui
581 4250 737 4312 operculum
788 4269 855 4317 rum,
879 4255 926 4320 qui
951 4257 985 4306 de
1004 4257 1191 4319 [τντκιπίπτκάί
1212 4273 1235 4310 s.
1258 4264 1335 4326 eluti-

194 4259 375 4376 (ἐπίστατονὺ
393 4313 475 4364 fuerit
492 4315 657 4380 impositum.
695 4320 737 4371 Ad
787 4325 866 4374 nandi
887 4329 948 4375 arte
971 4325 1118 4386 (nostrumr
1140 4327 1234 4393 lothen)
1257 4333 1335 4398 cogi-

192 4379 328 4434 Herodoti
351 4381 440 4436 locum
464 4383 656 4441 illustrandum
679 4405 737 4458 per·
787 4397 857 4456 tant,
875 4394 917 4446 uti
942 4396 1124 4450 Schneiderus
1146 4399 1175 4449 in
1199 4403 1269 4452 nott.
1296 4403 1335 4456 ad
