3086 4952
505 313 508 322 '
610 308 737 370 OLIO.
760 311 785 370 I.
809 320 868 374 131.
1245 307 1307 369 269

174 480 210 548 dl
226 481 281 548 έπ1
291 476 487 564 Ἀστυάγεος
501 483 536 548 οἱ
545 483 673 570 Πέρσαι
687 509 722 552 τε
737 486 792 554 καὶ
805 479 823 554 ὃ
837 487 951 572 Κῦρος
964 479 1208 562 ἐπαναστάντες
1222 496 1307 552 τοῖσι

176 581 345 670 Μήδοισι,
365 571 467 670 ἦρχον
487 579 524 651 sd
545 580 610 652 άπὸ
633 585 754 656 τούτου
766 593 824 676 τῆς
834 584 954 675 Ἀσίης.
985 582 1166 672 Ἀστυάγεα
1182 586 1219 654 dd
1232 591 1303 656 Κῦ-

177 713 249 774 ρος,
269 681 374 754 κακὸν
386 681 489 754 οὐδὲν
501 683 583 756 ἄλλο
597 689 752 778 ποιήσας,
774 691 841 778 εἶχε
857 687 930 779 παρ’
948 691 1077 783 ἑωυτῷ,
1093 693 1126 769 ές
1139 685 1158 757 d
1172 689 1304 760 ἐτελεύ-

176 808 265 876 τησε.
301 783 399 856 Οὕτω
422 787 464 877 δὴ
476 794 589 879 Κῦρος
610 791 788 881 γενόμενός
805 821 840 862 τε
861 795 917 862 καὶ
936 796 1074 882 τραφεὶς
1093 795 1303 881 ἐβασίλευσε·

176 893 231 960 καὶ
250 899 397 980 Κροῖσον
418 887 560 981 ὕστερον
580 895 709 966 τούτων
735 894 879 987 ἄρξαντα
900 893 1030 984 άᾶικέης
1050 902 1304 988 κατεστρέψατο,

175 991 220 1074 άς
234 1001 365 1083 εἴρηταί
375 1023 430 1083 μοι
445 993 481 1065 τὸ
494 995 668 1088 πρότερον.
696 1005 816 1070 τοῦτον
831 998 868 1068 dd
885 999 1192 1089 καταστρεψάμενος
1215 997 1302 1072 οὕτω

174 1097 281 1186 πάσης
293 1103 353 1185 τῆς
363 1094 473 1187 Ἀσίης
487 1090 575 1188 ἦρξε.

250 1203 384 1291 Πέρσας
399 1202 435 1272 δέ
449 1202 527 1273 οἶδα
540 1203 670 1294 νόμοισι
684 1209 797 1274 τοῖσδε
809 1203 1035 1294 χρεωμένους·
1057 1199 1229 1293 ἀγάλματα
1241 1207 1304 1295 μὶν
1315 1209 1369 1271 131

206 1359 353 1434 Ἀστυάγεα
372 1362 403 1420 di
423 1367 534 1436 Κῦρος,
558 1365 648 1422 κακὸν
666 1362 715 1422 cd·
766 1371 845 1422 conf.
865 1387 935 1438 quae
958 1371 991 1423 de
1009 1371 1145 1422 huismodi
1163 1371 1307 1437 digressio-

173 1433 224 1488 etv
233 1431 300 1488 ἄλλο
317 1431 452 1504 ποιήσας,
466 1433 522 1506 εἶχε
530 1433 596 1508 παρ’
608 1433 713 1508 ἑωυτῷ,
764 1443 844 1492 nibus
863 1457 880 1492 a
893 1441 972 1492 uobis
991 1442 1131 1508 disputato
1150 1442 1265 1493 suntad
1283 1444 1306 1506 Ι,

173 1503 201 1566 ές
226 1497 242 1558 ά
265 1500 433 1575 ἐτελεύτησε]
469 1512 610 1577 Iungimus
638 1514 713 1563 hisce
764 1513 808 1564 23.
828 1511 870 1563 511.

174 1579 282 1630 Ctesiue
308 1579 492 1631 testimonium
520 1583 548 1631 in
570 1585 712 1649 Excerptt.
798 1573 943 1647 ἀγάλματα
960 1574 1012 1646 μὲν
1026 1577 1074 1632 καὶ
1089 1572 1178 1648 νηοὺς
1192 1576 1305 1649 καὶβα-

174 1650 292 1700 Persicc.
312 1652 382 1713 §.Q
402 1651 449 1716 qui
463 1651 626 1718 Astyagem,
644 1655 714 1704 mire
763 1645 835 1716 μούς
864 1643 918 1701 oris
947 1645 977 1700 έν
1007 1643 1085 1720 νόμῳ
1115 1648 1305 1718 ποιευμένους

175 1719 284 1770 deorum
293 1720 320 1770 vi
331 1720 505 1786 compedibus
514 1723 640 1786 solutum,
651 1727 714 1790 post
763 1714 930 1787 ΐὸράεσθαι]
954 1722 1077 1772 Pendent
1092 1722 1172 1784 baec,
1199 1724 1304 1787 opinor,

173 1795 205 1839 ut
225 1794 330 1855 petrem
352 1805 369 1840 a
388 1790 458 1856 Cyro
477 1791 580 1842 cultum
598 1809 657 1844 esse
674 1809 714 1843 re·
765 1791 800 1842 eb
824 1790 996 1842 antecedenti
1017 1793 1100 1842 verbo
1126 1784 1206 1856 olea,
1233 1791 1305 1858 quod

175 1859 243 1922 lert,
272 1861 318 1924 qui
342 1860 400 1910 eius
425 1860 508 1910 filiam
530 1862 640 1928 Amytin
664 1879 713 1928 pro
764 1860 808 1911 hic
820 1860 1093 1926 mentesuppleudum
1104 1861 1221 1912 videtur.
1240 1863 1305 1912 Mox

173 1935 260 1980 matre
282 1945 315 1980 ec
333 1928 430 1980 deinde
448 1945 496 1996 pro
514 1947 597 1982 uxore
615 1932 714 1983 habuc·
764 1935 856 1981 tamen
877 1930 956 1980 buius
976 1935 1130 1982 structurae
1153 1931 1254 1982 oblitus
1277 1932 1305 1980 in

173 2001 220 2050 rit.
248 2000 290 2049 De
307 2001 434 2050 extremis
453 2000 516 2050 istis
529 2003 659 2068 Astyagis
676 2001 714 2052 nil
765 2001 915 2052 orationem
936 2005 1039 2052 rectum
1062 2002 1162 2052 transit
1186 2002 1305 2052 scriben-

173 2069 289 2119 relatum
318 2070 470 2120 invenimus
496 2072 531 2121 ab
556 2071 711 2134 Herodoto,
765 2071 800 2122 do
818 2063 984 2134 ἐπιφέρουσι
1002 2071 1063 2122 loco
1084 2071 1221 2136 participii
1245 2062 1303 2120 ἐτα-

174 2140 223 2190 sed
243 2145 340 2190 auctor
364 2145 406 2190 est
429 2141 500 2191 idem
524 2141 630 2192 Ctesias
654 2142 710 2194 1.1.
763 2139 912 2206 φέροντας.
948 2141 980 2190 In
999 2155 1052 2206 quo
1067 2140 1150 2192 nolim
1168 2141 1302 2203 insistere,

173 2209 199 2272 ς.
216 2211 247 2272 5,
269 2210 384 2275 turpiter
400 2209 475 2260 illum
493 2211 521 2260 in
539 2211 654 2262 desertis
673 2229 713 2263 rs·
763 2225 825 2261 cum
853 2209 1039 2261 huiuscemodi
1069 2212 1201 2262 transitus
1229 2211 1302 2261 haud

173 2279 268 2330 lictum
289 2295 321 2330 ac
341 2281 477 2344 proditum
499 2280 597 2332 misere
612 2283 713 2334 obiisse
763 2295 824 2330 raro
848 2279 921 2344 apud
938 2281 1066 2332 Nostrum
1084 2282 1243 2347 scriptorem
1260 2283 1302 2330 iu-

174 2349 244 2400 lame
264 2365 296 2399 ac
314 2350 373 2412 siti,
391 2350 531 2416 splendide
546 2356 637 2403 tamen
650 2358 713 2418 post
763 2351 917 2400 veniuntur.
959 2351 1136 2402 Locationem
1163 2342 1194 2401 έν
1222 2342 1300 2418 νόμῳ

173 2419 308 2484 sepultum
327 2435 399 2484 esso,
418 2436 452 2470 ne
463 2420 568 2472 scilicet
580 2427 659 2488 turpe
673 2423 713 2474 la·

173 2490 251 2540 cinus
269 2489 359 2554 palam
371 2489 447 2540 fieret
461 2491 586 2556 Cyroque
602 2494 655 2558 ipsi
666 2493 713 2544 ad-

173 2560 347 2610 scriberetur.
375 2559 451 2622 Quae
463 2562 571 2626 quidem
589 2578 606 2613 a
617 2579 713 2628 regno·

173 2645 233 2680 rum
252 2629 423 2680 orientalium
444 2631 535 2682 indole
552 2630 717 2698 principumss

174 2715 225 2766 qne
243 2701 362 2750 moribus
380 2715 434 2750 non
449 2701 602 2753 abhorrent.
632 2703 713 2755 Cous.

174 2771 209 2820 ad
231 2771 350 2822 cresium
372 2775 470 2821 notatt.
494 2787 522 2836 p.
542 2773 602 2823 107.
620 2803 656 2814 -
680 2773 713 2824 In

173 2855 249 2905 seqq.
273 2833 383 2890 τούτων
405 2841 486 2906 iunge
504 2857 565 2892 cnm
583 2832 712 2908 ὕστερον,

171 2912 307 2974 postilla,
331 2910 350 2960 i.
371 2925 394 2960 e.
418 2915 482 2975 post
505 2911 568 2976 ille,
592 2913 712 2978 quaeda

172 2979 296 3045 Astyage
315 2983 378 3030 ecta
394 2985 485 3042 erant,
507 2981 648 3046 Croesum,
665 2982 712 3048 qui

172 3051 247 3115 prior
265 3051 352 3114 ipsum
371 3049 634 3120 aggredicoeperat,
651 3052 713 3102 snb-

144 3161 150 3172 .
174 3119 240 3184 egit.
267 3120 477 3185 Vid.snpre1,
497 3123 529 3172 75
540 3137 615 3188 seqq.
640 3123 712 3172 Arti-

173 3189 250 3240 culus
268 3181 299 3238 τὸ
314 3195 378 3239 unte
391 3181 532 3255 πρότερον
550 3193 577 3241 in
590 3191 712 3257 pluribus

173 3257 253 3310 codd.
279 3259 462 3321 desideratur,
492 3261 608 3327 indeque
634 3263 712 3312 uncis

172 3328 320 3380 includitur
337 3345 354 3380 a
371 3329 496 3382 Dietsch.

337 3501 404 3554 Cre.
423 3501 545 3553 CXXXI.

209 3599 321 3668 Πέρσας
341 3598 373 3653 δέ
397 3596 464 3654 oica
486 3596 599 3668 νόμοισι
616 3601 711 3654 τοῖσδε

171 3671 360 3740 χρεωμένους]
379 3671 475 3724 τοῖσδε
493 3689 554 3724 cum
567 3674 653 3725 Gaias.
668 3675 712 3724 de-

173 3743 274 3806 dimus,
302 3749 382 3808 prout
407 3743 531 3794 meliores
552 3743 615 3792 libri
638 3744 711 3794 iube·

763 2418 912 2470 ποιεῖσθαι
930 2419 1093 2486 interpretor
1112 2422 1249 2487 equidem:
1275 2425 1301 2473 in

763 2506 831 2541 more
847 2489 954 2552 lubere,
974 2506 997 2543 s.
1015 2495 1040 2542 ιἰι
1053 2507 1121 2543 more
1133 2495 1240 2555 positum
1253 2491 1303 2543 sibi

763 2559 956 2623 labere,·unde
980 2562 1016 2612 ad
1033 2577 1142 2612 sensum
1159 2577 1213 2612 non
1230 2560 1301 2612 male

764 2631 791 2681 b.
810 2629 830 2682 l.
849 2629 966 2680 reddunt
988 2632 1071 2683 verba
1098 2622 1151 2680 οάκ
1173 2621 1203 2681 έν
1222 2624 1300 2698 νόμῳ

763 2697 950 2764 ποιευμένους
966 2703 1040 2766 nefas
1051 2701 1151 2754 labent.
1182 2702 1241 2763 Quo
1257 2717 1301 2752 eo·

764 2770 824 2820 dem
842 2771 900 2820 tere
911 2771 990 2821 modo
1006 2769 1129 2836 νομίζειν
1145 2771 1301 2836 paulopost

764 2845 792 2891 et
808 2840 881 2890 int'ra
903 2837 951 2896 IV,
970 2841 1013 2892 59.
1050 2841 1115 2905 Ipsa
1140 2840 1243 2891 locutio
1270 2834 1300 2889 ἐν

763 2901 840 2976 νόμῳ
859 2908 1007 2958 ποιεῖσθαι
1030 2911 1183 2974 comparari
1200 2910 1300 2975 poterit

762 2995 824 3030 cum
853 2977 987 3028 similibus
1014 2978 1198 3030 locutionibus
1228 2978 1300 3043 apud

761 3047 930 3100 Herodotum
953 3048 1054 3110 obviis,
1074 3063 1102 3099 v.
1121 3063 1146 3098 c.
1170 3038 1201 3096 έν
1217 3039 1300 3114 άδείη

763 3109 798 3167 οὐ
811 3115 960 3166 ποιεῖσθαι
973 3117 1022 3179 ΙΧ,
1033 3119 1076 3169 42.
1097 3107 1151 3166 οάκ
1169 3109 1199 3166 έν
1210 3107 1299 3184 ὁμοίῳ

761 3185 910 3238 ποιεῖσθαι
920 3187 984 3250 Vll,
995 3187 1054 3239 138.
1068 3176 1098 3237 έν
1109 3184 1301 3252 steteramu-

762 3255 833 3307 σθαι
846 3257 884 3318 11,
899 3256 955 3308 121.
970 3261 995 3320 ξ.
1006 3263 1031 3308 t.
1044 3248 1075 3308 ἐν
1086 3249 1199 3324 ἐλαφρῷ
1209 3259 1300 3309 ποιεῖ-

762 3325 832 3376 σθαι
850 3327 873 3388 1,
894 3327 953 3378 118.
971 3325 1167 3379 111.1540011.
1187 3330 1230 3380 50.
1249 3329 1299 3390 VI,

763 3397 805 3448 13.
823 3387 853 3445 ἐν
871 3386 944 3463 λόγῳ
962 3395 1111 3446 ποιεῖσθαι
1130 3397 1198 3460 1111,
1215 3399 1257 3448 14.
1276 3398 1299 3458 Ι,

763 3465 823 3518 153.
859 3465 936 3527 Quae
946 3465 1044 3528 allero,
1060 3465 1186 3530 qnoniam
1196 3465 1300 3517 Herold

762 3533 905 3602 (Emoudd.
919 3535 1064 3586 Herodoti.
1077 3536 1108 3584 P.
1123 3535 1147 3585 Ι.
1166 3551 1192 3599 p.
1204 3534 1242 3598 3.)
1255 3550 1300 3584 ne·

761 3606 838 3671 gavit
861 3597 891 3652 έν
914 3595 992 3672 νόμῳ
1011 3601 1160 3654 ποιεῖσθαι
1177 3619 1250 3654 esse:
1274 3605 1300 3653 ιἰι

760 3689 828 3724 more
847 3673 953 3736 tabere,
977 3675 1025 3726 sed
1052 3671 1209 3738 significare
1232 3672 1300 3723 nibil

760 3743 835 3794 aliud
853 3759 933 3809 posse
950 3745 1017 3794 nisi:
1041 3746 1117 3794 mom
1139 3758 1195 3795 esse
1212 3745 1300 3794 emisti-

171 3813 249 3863 bant.
280 3811 370 3878 Vulgo
387 3809 521 3862 τοιοῖσδε.
551 3813 671 3863 Dindcri
683 3816 712 3862 et
759 3830 837 3864 mure.
881 3813 959 3876 Quod
988 3829 1050 3864 cnm
1078 3812 1112 3862 ab
1139 3811 1166 3862 h.
1191 3812 1209 3864 1.
1235 3813 1300 3864 alie-

171 3878 584 3942 Dietscbdedernntcorotclds3
598 3881 711 3933 Dietsch

172 3967 221 4015 pro
238 3947 421 4016 ηρετομένοις,
440 3951 512 4016 quod
528 3951 604 4002 libris
617 3952 710 4002 invitis

173 4025 278 4070 mutare
300 4037 355 4070 non
374 4021 475 4083 ausim,
502 4019 576 4072 dedit
598 4019 711 4086 χρεομέ·

173 4103 245 4147 νοις.
264 4117 299 4126 -
316 4091 445 4156 Sequitur
464 4089 517 4154 hic,
536 4091 583 4140 nbi
597 4091 661 4157 Cyri
679 4105 712 4142 ac

173 4159 316 4213 Persarum
339 4175 413 4210 nuno
427 4161 462 4210 ad
481 4175 613 4210 summum
629 4161 712 4224 impe·

173 4229 241 4278 rium
258 4235 413 4280 erectorum
432 4229 532 4280 mentio
550 4229 625 4280 iacta
643 4234 711 4292 eret,

174 4295 305 4362 digressio
321 4299 355 4350 de
372 4297 452 4349 buius
463 4299 552 4365 gantis
567 4299 711 4362 institutis,

173 4365 303 4433 reiigione
324 4371 439 4433 totoque
465 4364 575 4419 vivendi
601 4379 710 4434 genera.

760 3899 824 3934 num
840 3883 877 3933 sit
889 3877 1191 3948 itemqudparticipium
1204 3897 1300 3932 ποιευ-

761 3949 864 4017 μένους
884 3951 1017 4017 oll'endst,
1035 3953 1074 4002 ite
1091 3956 1122 4002 ut
1136 3953 1221 4004 totius
1239 3967 1299 4003 sen·

761 4021 865 4072 tentiae
879 4025 1017 4073 structura
1028 4023 1205 4074 conturbetur
1216 4027 1300 4088 atque

762 4091 914 4142 deformata
923 4097 950 4142 ct
961 4093 1032 4143 bono
1045 4091 1177 4156 scriptore
1187 4093 1301 4158 indigna

761 4160 888 4212 decurrat
896 4163 983 4212 oratio
991 4162 1186 4228 (suntHeroldi
1194 4163 1299 4227 verba),

762 4245 821 4280 earn
839 4231 882 4280 vir
892 4230 988 4282 doctus
999 4232 1126 4298 proponit
1136 4231 1301 4283 emendatio·

761 4314 837 4362 nem,
855 4303 887 4350 ut
905 4301 1039 4353 scribatur
1055 4301 1117 4364 (pro
1134 4292 1188 4350 οάιι
1205 4291 1235 4349 ἐν
1252 4292 1300 4350 νό-

761 4361 1186 4437 μφιτοιενμένουςίδράεσθαιμ
1199 4359 1239 4418 σά
1253 4381 1302 4417 νε·
