3008 4924
511 232 757 294 EU'I'ERPE.
779 233 821 293 II.
846 241 907 298 173.
1214 237 1275 300 817

143 402 210 494 φάς
224 407 261 474 ἐκ
275 409 336 474 τοῦ
351 409 599 496 ποδανιπτῆρος
613 402 772 495 τῶγαλμα
788 409 981 494 γεγονέναι,
997 410 1031 486 ἐς
1043 403 1103 478 τὸν
1113 407 1276 499 πρότερον

143 509 206 597 μὲν
219 506 298 590 τούς
309 513 520 595 Αἰγυπτίους
533 512 667 599 ἐνεμεῑν
686 538 722 579 τε
746 511 802 579 καὶ
822 512 993 600 ἐνουρέειν
1006 511 1063 580 καὶ
1077 511 1182 592 πόδας
1197 516 1274 582 ἐνα-

141 620 354 698 πονίζεσθαι,
377 612 452 683 τότε
474 613 511 682 δὲ
531 615 683 703 μεγάλως
705 617 877 702 σέβεσθαι.
903 612 968 704 ἤδη
988 605 1054 701 cdv,
1076 623 1141 704 ἔφη
1155 619 1274 704 λέγων,

141 712 262 806 ὁμοίως
283 712 384 797 αὐτὸς
404 722 451 810 τῷ
473 723 696 808 ποδανιπτῆρι
717 720 934 807 πεπρηγέναι.
975 724 1006 788 εἰ
1026 715 1090 808 γάρ
1110 719 1275 811 πρότερον

142 819 228 890 εἶναι
244 819 403 910 δημότης,
418 817 493 890 ἀλλ’
511 824 547 890 ἐν
560 829 607 916 τῷ
621 821 779 912 παρεόντι
796 821 882 891 εἶναι
896 818 1010 891 αὐτῶν
1023 823 1190 909 βασιλεύς.
1219 826 1274 894 καὶ

140 930 240 1014 τιμᾶν
253 953 289 994 τε
303 926 358 994 καὶ
374 928 629 1016 προμηθέεσθαι
646 927 774 996 ἑαυτοῦ
794 928 938 995 ἐκέλευε,
965 925 1105 1020 τοιούτῳ
1120 926 1183 1016 μὲν
1196 926 1273 1017 τρό-

141 1055 193 1122 πῳ
214 1028 442 1119 προσηγάγετο
462 1027 540 1110 τούς
554 1036 777 1118 Αἰγυπτίους,
799 1025 883 1099 ὅστε
906 1034 1061 1099 δικαιοῦν
1085 1029 1272 1100 δουλεύειν.

137 1128 271 1221 Ἐχρᾶτο
287 1133 323 1202 δὲ
337 1133 534 1203 καταστάσει
549 1131 753 1223 πρηγμάτων
766 1138 890 1222 τοιῇδε.
924 1130 962 1202 τὸ
977 1131 1040 1222 μὲν
1056 1129 1199 1223 ὄρθριον
1214 1137 1272 1222 μδ·
1283 1137 1341 1200 173

142 1263 195 1326 χρι
215 1232 294 1306 ὅτευ
314 1236 496 1328 πληθάρης
517 1234 843 1328 άγορῆςπροθύμως
864 1243 1009 1328 ἔπρησσε
1023 1234 1064 1304 τά
1083 1236 1274 1326 προσφερό-

142 1435 215 1486 teub.
228 1436 433 1489 Auiuradrerss.
447 1438 470 1502 1,
484 1438 510 1490 2.
524 1453 587 1504 pag.
600 1436 682 1488 944.“
734 1440 843 1501 batum,
867 1453 884 1488 e
902 1436 1042 1500 Beklrero,
1067 1435 1128 1486 uliis
1147 1436 1176 1486 in
1194 1451 1277 1487 κοιτα-

144 1506 164 1555 C
169 1522 191 1555 r.
735 1501 815 1559 στάσι
828 1511 976 1567 mutatum
988 1506 1045 1558 vid.
1056 1510 1125 1557 nott.
1139 1506 1174 1556 ud
1184 1507 1221 1570 ΙΙ,
1231 1507 1274 1558 82.

176 1569 231 1640 ἔφη
246 1573 343 1640 λέγων,
354 1565 460 1640 ὁμοίως
471 1565 558 1633 αὐτὸς
572 1590 597 1624 κ.
612 1590 636 1624 τ.
647 1573 682 1641 t]
734 1577 820 1628 -Ασ
837 1581 1024 1642 argumentum
1038 1575 1135 1642 cepitis
1153 1576 1220 1626 illud
1238 1581 1276 1628 te-

143 1643 252 1708 Optimo
262 1645 330 1696 haee
339 1643 454 1694 laudans
465 1646 499 1696 ob
511 1645 596 1695 datiri
605 1660 684 1695 usum
734 1647 851 1699 nendum
862 1653 912 1710 est,
924 1645 1060 1697 Amasidis
1072 1645 1155 1696 vitam
1171 1652 1198 1697 et
1212 1663 1276 1712 quo-

143 1714 241 1765 Mutth.
265 1715 311 1764 Gr.
336 1714 382 1765 Gr.
402 1717 427 1778 §.
445 1713 511 1777 380,
532 1713 547 1766 3
566 1715 606 1765 sic
626 1715 684 1765 red·
735 1718 867 1769 tidiauam
883 1719 972 1767 victus
992 1716 1125 1767 rationem
1138 1731 1169 1766 eo
1188 1717 1275 1782 magis

144 1783 197 1833 dit:
222 1799 271 1848 „ee
287 1799 333 1850 sep
350 1784 396 1834 iton
420 1784 481 1834 eben
504 1799 533 1834 ao
554 1799 684 1850 ρτροτρειι
735 1787 885 1853 Aegyptios
903 1787 1044 1837 advertere
1063 1785 1203 1850 debuisse,
1223 1801 1275 1852 quo

143 1857 187 1904 ιυὶι
199 1854 253 1904 dem
269 1852 457 1904 Wuselrbeciren
465 1855 512 1918 fiir
525 1855 565 1905 die
575 1853 684 1909 Fuere.“
736 1857 889 1908 accuratius
913 1856 999 1906 omnis
1017 1855 1187 1906 Pharaouum
1206 1857 1277 1907 ratio

142 1953 178 1963 -
196 1922 239 1973 Ad
262 1916 316 1987 ἔφη
342 1920 430 1988 λέγων
453 1924 526 1975 cons.
555 1927 624 1976 nott.
650 1922 685 1974 ad
735 1925 845 1979 vivendi
858 1926 1079 1991 descriptaerut3
1098 1925 1195 1992 quibus
1212 1925 1277 1991 quid

143 1993 171 2056 1,
193 1992 257 2070 ‚¹¹⁸¹
300 1992 333 2042 In
359 2008 435 2059 seqq.
460 1994 550 2045 verbis
578 1987 605 2043 εἰ
632 1985 685 2058 γὰρ
737 2012 841 2064 quaque
862 1995 930 2046 hora
948 1993 1096 2061 agendum,
1121 1995 1218 2060 quibus
1237 2011 1277 2046 re·

143 2075 285 2127 προτερον
311 2053 385 2110 εἶναι
416 2061 452 2128 δη
475 2057 542 2128 ἄτης
568 2061 685 2114 Aldinae
735 2068 786 2118 bus
797 2066 937 2116 fruendum
951 2069 978 2116 et
991 2080 1045 2131 qua
1057 2080 1191 2128 mensura,
1201 2081 1277 2130 prue-

42 2194 47 2204 ⁴
142 2131 285 2183 lectionem
297 2117 348 2196 ἦεν
364 2132 422 2197 (pro
435 2079 521 2198 εὸὅαι)
532 2133 685 2198 proeteren·
736 2137 866 2201 scriptum
884 2136 983 2196 fuIsse,
1004 2150 1037 2184 ex
1050 2133 1163 2185 Diodori
1182 2132 1216 2199 (1,
1230 2134 1277 2195 70)

143 2203 205 2254 dum
222 2207 315 2252 censet
328 2203 468 2254 Benedict.
489 2203 574 2268 (Acti.
589 2203 684 2254 semin.
736 2207 903 2270 aliorumque
922 2204 1084 2255 testimoniis
1105 2205 1173 2254 satis
1190 2209 1275 2270 patet.

143 2288 199 2338 rog.
218 2268 301 2336 urps.
322 2272 360 2323 11.
383 2289 411 2338 p.
435 2270 507 2336 201).
551 2273 684 2338 Equidem
734 2275 818 2328 Pluru
828 2275 861 2326 de
870 2275 1041 2324 Pharaonum
1051 2273 1110 2324 vita
1119 2273 1188 2326 dixit
1197 2273 1277 2324 Creu-

144 2343 178 2392 ab
209 2357 241 2392 eu
269 2342 399 2406 lectione,
429 2359 508 2409 quam
535 2343 682 2406 Medieeua,
735 2362 788 2397 uer.
803 2346 831 2394 in
844 2343 946 2394 Comm.
958 2341 1079 2394 Herodd.
1093 2359 1120 2408 p.
1135 2344 1187 2394 212
1200 2359 1276 2410 seqq.

142 2409 325 2476 Florentinus,
337 2413 439 2464 caeteri
450 2412 512 2462 iibri
522 2412 579 2464 iere
591 2427 683 2464 omues
768 2413 848 2480 μέχρι
860 2403 923 2463 ὅτευ
935 2405 1092 2477 πληθώρης
1104 2403 1219 2480 ἀγορῆς]
1230 2409 1276 2477 μέ-

143 2482 288 2548 praebent,
308 2481 446 2534 discedere
462 2481 546 2534 nolui.
636 2537 638 2541 ,
735 2501 780 2550 χρι
792 2482 858 2534 ὅτευ
871 2482 967 2549 scripsi
981 2497 1041 2532 cum
1054 2482 1144 2534 Struv.
1159 2481 1275 2548 Speoim.

177 2544 238 2602 ἀλλ’
257 2542 342 2620 ἐντῷ
358 2544 506 2619 παρεόντι]
524 2543 593 2602 ἀλλὰ
620 2568 684 2618 apo·
736 2556 850 2617 Quaest.
877 2553 911 2603 de
933 2551 997 2604 diui.
1016 2552 1118 2603 Herod.
1143 2553 1166 2604 1.
1186 2569 1212 2618 p.
1232 2551 1275 2616 48,

143 2623 222 2674 dosin
248 2621 389 2674 exordiens
410 2627 473 2688 post
495 2638 683 2689 praegressum
734 2625 868 2690 probante
884 2622 999 2674 Bredov.
1027 2638 1055 2687 p.
1075 2623 1140 2685 111,
1162 2637 1211 2687 pro
1234 2638 1275 2684 eo,

142 2687 181 2757 εἰ,
205 2691 252 2742 ubi
274 2692 392 2744 reddunt
410 2701 505 2759 tomen,
529 2693 683 2744 notavimus
735 2693 807 2760 quod
828 2693 857 2744 iu
877 2692 1001 2743 omuibus
1024 2691 1100 2742 libris
1120 2685 1276 2770 exstatpd-

142 2762 172 2812 iu
188 2761 315 2814 Oreuzeri
327 2762 431 2814 Melett.
451 2761 506 2814 111.
525 2763 553 2828 p.
572 2762 616 2815 20.
650 2763 684 2812 In
735 2779 781 2829 γρι
794 2752 892 2824 ὅτου,
914 2760 1006 2827 „quod
1017 2762 1068 2810 etsi
1083 2759 1162 2810 facite
1175 2761 1203 2810 in
1213 2775 1277 2809 οτεν

143 2847 217 2895 seqq.
244 2831 347 2881 verbis:
377 2829 462 2896 τιμᾶν
487 2845 516 2882 τε
540 2827 587 2880 καὶ
613 2845 684 2896 προ·
735 2832 834 2882 mutari
846 2835 947 2896 potest,
961 2837 1051 2880 tamen
1065 2830 1147 2880 etiem
1161 2819 1276 2880 exduce

143 2897 306 2964 μηθὲεσθαι
339 2892 446 2950 ἑωυτοῦ
484 2890 590 2950 ἐκέλευε
621 2899 683 2950 Eltu
737 2905 893 2966 corruptum
909 2899 1009 2950 habere
1026 2899 1105 2960 licet,
1124 2899 1195 2963 quod
1211 2897 1278 2961 Iegi-

145 2967 271 3033 (Jahrbb.
300 2969 320 3019 f.
347 2967 482 3033 Philolog.
514 2968 607 3034 Suppl.
634 2969 684 3019 IX.
737 2977 780 3022 tur
797 2969 882 3032 VIII,
901 2969 933 3031 3,
962 2983 1124 3033 quamquam
1150 2981 1210 3017 cum
1232 2966 1277 3016 hie

145 3054 172 3102 p.
194 3036 256 3100 124)
277 3038 397 3102 praefert
420 3037 562 3088 lectionem
582 3037 685 3088 codicis
738 3039 785 3092 alii
806 3040 880 3103 iique
905 3037 999 3102 optimi
1025 3036 1087 3086 libri
1114 3032 1209 3100 μέχρις
1233 3035 1276 3086 rel

145 3107 283 3160 Seueroiti
301 3097 420 3170 ἑαυτὸν,
445 3122 505 3156 cum
524 3100 685 3172 προμηθὲε-
735 3101 815 3174 μέχρι
825 3095 860 3157 οὗ
870 3107 1027 3172 proebeant,
1038 3104 1204 3170 probubiIIus
1218 3120 1278 3155 esse

146 3176 216 3228 σθαι
232 3176 325 3226 valeut
339 3179 466 3240 respicere
479 3177 594 3242 indeque
607 3191 686 3226 uocu-
736 3183 801 3244 puto
815 3177 983 3227 Herodotum
996 3175 1140 3240 utrobique
1151 3170 1231 3238 μέχρι
1244 3161 1278 3223 οὖ

146 3247 264 3298 sativum
281 3247 381 3296 habeat
398 3246 536 3309 additum,
565 3251 595 3296 ut
614 3245 686 3296 inira
736 3247 879 3310 scripsisse
890 3250 920 3296 ut
932 3244 993 3294 aliis
1006 3244 1034 3293 in
1047 3243 1112 3295 iocis
1127 3243 1278 3308 pluribus.“

146 3319 194 3380 IX,
215 3317 274 3368 108.
310 3316 442 3381 Equidem
462 3316 553 3366 malim
570 3315 686 3366 retinere
736 3317 852 3380 Diodors
859 3331 886 3380 p.
896 3315 970 3365 XIX.
1000 3313 1041 3363 Ad
1054 3306 1133 3377 μέχρι
1153 3299 1188 3364 οὖ
1204 3314 1278 3364 cous.

145 3387 294 3450 genitivum
305 3387 420 3438 caeteris
434 3385 509 3436 libris
525 3385 686 3448 ε]1ε1υιυ,ὶυ
737 3391 807 3438 nott.
826 3384 861 3434 ad
872 3383 895 3446 Ι,
909 3384 967 3435 181.
1004 3382 1124 3460 Quaeb.
1137 3382 1154 3432 1.
1176 3389 1203 3433 et
1214 3383 1277 3444 VII,

145 3471 197 3522 quo
219 3457 285 3506 mihi
310 3454 353 3506 vel
376 3456 462 3506 nruior
488 3455 618 3521 quaedam
643 3457 684 3506 vis
737 3457 788 3508 223
807 3455 906 3505 dieitur
922 3449 1061 3516 πληθώρη
1074 3449 1193 3516 αγορῆς,
1212 3451 1278 3502 aiibi

145 3529 234 3577 inesse
253 3527 373 3588 videtur,
392 3541 471 3591 quum
490 3525 587 3576 reddus
604 3525 684 3576 licet:
737 3529 779 3577 est
790 3515 942 3588 πλήθουσα
953 3515 1056 3586 ἀγορὰ,
1075 3536 1130 3585 qua
1141 3521 1278 3575 locutione

144 3613 244 3656 curare,
264 3595 593 3659 rationemipsiusbabere,
612 3596 686 3644 utin
738 3601 864 3660 „tempus
883 3591 1033 3652 iudicatur,
1053 3589 1126 3654 quod
1142 3590 1280 3641 meridiem

144 3667 268 3718 Platonis
284 3666 371 3717 Critiu
388 3682 448 3731 cup.
469 3669 496 3717 4.
513 3681 540 3730 p.
559 3666 627 3716 44E
646 3669 686 3716 et·
737 3663 883 3726 antecedit,
890 3678 944 3712 uon
952 3662 1040 3726 ipsum
1049 3659 1166 3710 medium
1179 3658 1278 3710 diem.“

145 3753 198 3803 que
221 3738 249 3787 in
271 3737 332 3802 ipso
349 3737 489 3786 Herodoto
512 3734 570 3798 ΙΙΙ,
590 3735 633 3785 78.
652 3761 686 3772 -
736 3731 956 3797 ItsWesseIiug.
969 3728 1125 3781 udDiodor.
1140 3729 1220 3792 XIII,
1235 3729 1277 3789 48,

145 3808 188 3858 Ad
206 3808 319 3859 verbum
334 3802 466 3855 δικαιοῦν
479 3807 507 3856 iu
519 3820 595 3871 seqq.
613 3789 685 3856 coni.
737 3805 785 3856 ubi
802 3801 857 3854 vid.
876 3800 964 3866 pluru.
1005 3797 1075 3850 Add.
1092 3799 1224 3864 Krueger.
1244 3796 1279 3847 ad

145 3883 215 3931 nott.
234 3879 269 3930 ad
287 3877 310 3941 1,
330 3875 374 3929 89.
391 3875 471 3940 VIII,
493 3875 550 3927 120.
737 3869 909 3938 Xenophout.
925 3869 1046 3920 Anabus.
1062 3868 1088 3931 1,
1101 3868 1127 3920 8.
1146 3871 1171 3932 5.
1185 3868 1213 3930 1,
1232 3867 1279 3932 qui

737 3947 812 3994 recte
836 3941 903 3993 citat
920 3939 1031 3991 Suidsm
1052 3937 1120 3988 haee
1142 3937 1280 4002 profereu-

738 4019 806 4064 tem:
824 4006 889 4074 περὶ
898 4001 1070 4073 πλήθουσαν
1078 3997 1201 4072 άγοράν·
1215 3999 1279 4070 περὶ

738 4073 816 4147 (ὅραν
839 4071 974 4158 τετάρτηγ
1000 4077 1056 4138 (die
1085 4077 1113 4125 in
1137 4076 1279 4128 duodecim

300 4049 366 4104 Gur.
384 4049 536 4102 CLXXIII.

176 4143 304 4222 Ἐχρᾶτο]
322 4154 394 4206 Male
405 4153 471 4220 Iibri
488 4153 597 4220 quidum
609 4141 688 4216 ἒηρῆ-
738 4143 813 4214 ὥρας
831 4149 930 4211 diviso)
950 4141 1111 4225 ηπέμπτην
1123 4140 1278 4227 καὶξκτητρ·

149 4224 359 4286 ro;vid.nott.
378 4223 453 4284 adl,
473 4224 534 4275 102.
569 4223 634 4272 Mox
648 4236 690 4272 re·
738 4215 799 4271 τότε
819 4213 872 4285 γάρ
891 4211 1009 4282 μάλιστα
1027 4213 1131 4280 πληθει
1149 4229 1278 4281 ηαγοροι.

147 4293 213 4359 liqui
225 4286 389 4344 καταστάσει
403 4293 525 4346 omuibus
538 4292 615 4344 libris
628 4307 688 4358 pro·
739 4291 815 4343 Adde
834 4287 967 4341 Herodoti
982 4285 1057 4336 locos
1076 4285 1131 4348 111,
1151 4285 1211 4337 104.
1230 4283 1278 4346 IV,

190 4397 356 4442 ucuouor.
381 4400 403 4440 1.
1028 4367 1069 4430 52
