3058 4928
429 293 434 304 ·
534 269 784 331 EUTERPE.
807 271 850 330 Il.
872 277 916 332 69.
1231 260 1292 324 585

160 453 242 537 περί
257 473 293 516 ιε
317 443 430 536 Θήβας
451 447 507 515 καὶ
527 443 590 535 τὴν
607 451 754 536 Μοίριος
774 451 897 535 λίμνην
918 444 1084 524 οἰκέοντες
1109 443 1167 510 καὶ
1189 439 1295 531 κάρνα

160 549 303 640 ἥγηνται
322 547 446 631 αὐτοὺς
463 549 549 621 εἶναι
566 548 667 640 ἱρούς.
715 552 752 620 ἐκ
772 548 909 648 πάντων
923 549 960 618 δὲ
980 551 1040 619 ἕνα
1055 544 1203 636 ἑκάτεροι
1219 546 1293 635 τρέ-

162 675 265 745 φουσι
280 652 513 745 κροκόδειλον,
536 656 781 744 δεδιδαγμένον
796 651 881 724 εἶναι
899 651 1098 744 χειροήθεα,
1125 647 1296 740 ἀρτήματά
1362 739 1365 744 ⁸

160 873 223 910 uera
244 863 296 909 etc.
316 874 371 912 see.
395 873 448 909 ser.
467 858 505 910 Il.
530 873 557 923 p.
575 856 609 910 36
627 873 703 924 seqq.
755 857 844 908 media
860 855 988 922 (Atripe),
1008 855 1092 907 tertia
1108 853 1297 919 insuperiore,

161 928 210 979 231
237 943 313 994 seqq.
337 929 380 980 ΙΙΙ
405 927 448 980 Pl.
467 928 516 989 50,
540 929 571 990 2,
604 928 702 978 Roetb.
755 921 1137 990 siveThebatdefflpnorn).
1167 925 1256 989 Atque
1269 923 1297 972 in

162 997 261 1049 Gesch.
281 999 306 1048 d.
325 997 483 1063 Philosopb.
497 998 520 1048 1.
535 1014 561 1062 p.
578 997 627 1049 135
646 1013 704 1064 seq.
756 997 835 1048 huius
856 996 931 1046 urbis
954 995 1096 1046 ruderibus
1119 1009 1147 1044 se
1165 994 1298 1058 reperisse

162 1072 233 1119 nott.
252 1085 278 1132 p.
294 1069 328 1118 40
347 1084 404 1133 seq.
423 1067 486 1119 coll.
505 1069 629 1118 Buussu:
654 1068 706 1117 Aa·
755 1067 840 1118 refert
850 1066 961 1116 Costaz.
980 1063 1033 1115 duo
1050 1063 1201 1115 crocodilos
1220 1063 1299 1113 inla-

162 1142 280 1204 gyptcns
298 1137 383 1189 Stella
400 1138 429 1187 in
447 1138 473 1188 d.
492 1136 661 1204 Weltgesch.
681 1138 704 1189 1.
755 1137 819 1204 pide
841 1135 1006 1200 insculptos,
1030 1147 1143 1200 quorum
1165 1131 1234 1182 alter
1255 1147 1299 1183 cs-

161 1225 189 1274 p.
207 1208 259 1258 475
277 1211 305 1257 st
316 1207 433 1272 Lepsios
451 1208 491 1257 iu:
516 1207 705 1259 Deukscbn‘it.
754 1208 812 1274 pite
829 1205 945 1256 falconis
962 1204 1078 1271 insignis
1096 1207 1169 1253 esset
1189 1203 1298 1266 (Descr.

163 1279 190 1328 d.
209 1277 298 1328 Aksd.
320 1277 348 1329 d.
366 1276 534 1328 Wissenscb.
553 1287 595 1328 'su
614 1277 707 1328 Berlin
758 1279 791 1328 de
804 1277 876 1342 l'Eg.
888 1275 910 1326 1.
926 1291 987 1340 cap.
1001 1277 1027 1327 8.
1039 1289 1102 1340 paq.
1117 1273 1147 1324 17
1160 1272 1298 1338 Autiqq.);

164 1346 229 1398 1851
251 1345 343 1411 (1852)
361 1363 388 1412 p.
409 1348 470 1399 165.
494 1347 541 1399 182
560 1353 587 1397 et
602 1348 708 1412 praeci·
758 1347 830 1413 quod
849 1345 1000 1412 symbolum
1024 1344 1059 1395 ad
1082 1343 1156 1409 ipsas
1173 1341 1222 1392 has
1240 1341 1301 1392 reli-

162 1431 216 1480 pus
233 1433 260 1480 p.
281 1415 343 1478 188,
371 1415 507 1482 Seyffertb
529 1418 658 1483 Beitriige
680 1435 705 1470 α.
758 1419 852 1485 giones
872 1421 997 1482 spectare
1016 1431 1094 1466 nemo
1113 1411 1264 1478 ambiget.“

163 1487 313 1536 xsnnndn
327 1487 353 1537 d.
365 1487 413 1536 alt.
425 1488 541 1552 Aegypt.
553 1488 590 1540 11.
604 1504 631 1552 p.
646 1488 706 1540 165.
793 1483 841 1537 sul
858 1485 948 1550 scipsos
964 1475 1085 1551 ἥγηνται
1105 1474 1213 1542 αὐτοὺς
1226 1475 1301 1534 εἶναι

162 1556 313 1606 Creuserus
337 1557 365 1605 in
394 1556 557 1608 commenti.
584 1557 706 1610 Herodd.
758 1549 850 1622 ι’ρούς]
874 1557 1016 1608 Pertiueut
1033 1557 1086 1606 huc
1104 1570 1212 1621 quoqne
1227 1555 1301 1606 Stra-

162 1639 225 1690 pag.
241 1625 275 1675 84
291 1640 348 1690 seq.
368 1627 435 1676 haec
451 1626 556 1690 posuit:
576 1628 655 1688 „Iam
674 1627 708 1677 ds
757 1627 837 1677 bonis
854 1631 937 1692 atqua
955 1626 1062 1677 Aeliani
1079 1625 1147 1687 loci,
1169 1643 1183 1677 e
1202 1625 1301 1691 quibus

162 1693 358 1744 crocodilorum
371 1697 520 1746 sanctitate
536 1696 619 1745 etiarn
633 1702 707 1747 vete·
759 1697 900 1759 discimus,
925 1696 1050 1747 Ombitas
1069 1699 1150 1759 atqne
1171 1696 1301 1746 Arsinois

163 1777 206 1812 res
226 1763 426 1828 quaesiverunt.
460 1763 598 1816 Utilitatis
615 1767 707 1816 admo·
757 1766 842 1827 urhis,
859 1765 1005 1831 qnasolim
1020 1764 1223 1816 Crocodilorum
1237 1763 1301 1814 urbs

163 1836 211 1882 net
226 1831 403 1898 philosophus
415 1835 488 1898 apud
500 1834 657 1886 Ciceronem
673 1835 707 1886 de
757 1835 922 1896 vocabatur,
954 1833 1231 1908 iueolasprseoipne
1259 1849 1302 1884 co·

163 1906 220 1954 nat.
241 1903 361 1952 Deorum
380 1903 402 1964 1,
416 1903 459 1954 36.
486 1905 555 1954 Eam
572 1903 705 1969 duplicem
757 1903 842 1955 luisse
853 1903 1033 1955 crocodilum:
1052 1903 1116 1954 iude
1128 1904 1224 1954 scribit
1237 1905 1303 1954 Dio-

163 1971 290 2038 produnt.
327 1973 395 2023 Nam
419 1973 614 2024 crocodilorum
633 1979 707 2025 metu
758 1975 840 2024 dorus
859 1975 886 2037 Ι,
908 1975 952 2033 35,
970 1989 987 2023 a
1003 1973 1140 2038 plerisque
1158 1973 1302 2041 Aegyptiis

163 2043 257 2092 dicunt
281 2042 432 2108 praedones
454 2047 481 2094 et
505 2058 618 2108 rapaces
640 2045 707 2096 Ars·
758 2059 791 2095 ex
816 2043 876 2110 lege
905 2043 959 2094 coli
983 2041 1148 2094 crocodilum
1172 2049 1302 2108 tauquam

163 2113 223 2162 bisc
248 2117 275 2162 st
294 2113 399 2176 Libyae
417 2113 539 2163 homines
563 2114 708 2178 prohiberi,
759 2114 851 2176 deum,
870 2113 996 2178 Coptitas
1013 2128 1121 2178 quoque
1137 2113 1303 2164 crocodilum

118 2231 120 2236 .
163 2182 307 2248 quominus
327 2181 419 2232 Nilum
443 2187 616 2234 transnatent
644 2182 709 2246 (Eu-
759 2184 880 2235 colentes
899 2183 976 2234 addit
992 2182 1097 2233 helian.
1110 2184 1145 2233 N.
1158 2183 1191 2234 A.
1206 2185 1240 2244 X,
1254 2185 1301 2244 243

163 2253 221 2302 seb.
242 2253 274 2303 P.
289 2254 322 2304 E.
343 2249 539 2318 11‚1.p.so);
560 2258 586 2303 et
602 2270 634 2304 ex
650 2254 708 2306 eius
758 2269 884 2320 maguam
903 2269 995 2303 curam
1014 2251 1157 2303 crocodilis
1177 2254 1212 2302 ab
1230 2254 1303 2304 inco·
1357 2319 1359 2324 Α

163 2321 261 2373 beluae
285 2337 400 2372 accessu
418 2323 533 2388 auguria
552 2324 613 2388 capi
630 2339 709 2374 accc·
758 2324 792 2374 lis
828 2324 905 2374 urbis
937 2323 1142 2374 Cbeuoboscise
1173 2323 1303 2374 tributam

162 2392 251 2442 dentis
269 2392 340 2455 Nili,
366 2407 427 2443 esse
448 2393 519 2444 enim
542 2393 708 2444 crocodilum
759 2399 870 2445 enarret
893 2393 1049 2458 Stephanus
1077 2393 1195 2458 Byaaut.
1224 2409 1246 2444 s.
1275 2409 1302 2444 v.

162 2463 306 2528 Aegyptiis
331 2463 469 2513 nonnullis
487 2480 535 2528 pro
559 2464 638 2529 siguo
657 2479 707 2513 πο-
758 2461 954 2528 Χηνοδοοιιιά,
973 2462 1133 2528 quoeodem
1154 2466 1302 2515 unctores.

161 2531 245 2592 ιίμοο
258 2521 364 2588 ὕδατος
379 2531 491 2588 (Euseb.
505 2535 537 2584 P.
549 2535 581 2584 E.
596 2533 650 2596 ΙΙΙ,
663 2533 706 2584 ll.
759 2550 786 2583 v.
802 2525 873 2588 Διὸς
889 2525 971 2588 πόλις
989 2533 1016 2582 in
1034 2548 1120 2597 parva
1137 2533 1213 2594 urbe,
1233 2548 1304 2598 quae

162 2601 245 2652 Clem.
265 2601 411 2653 Alexandr.
434 2603 535 2654 Strom.
553 2604 586 2654 V.
609 2620 635 2667 p.
655 2603 706 2655 1132
757 2603 898 2669 Diospolis
930 2607 1060 2666 vocatur,
1097 2595 1303 2652 τιθασοεδοοσι

161 2671 232 2724 οοΙ1.’
252 2673 367 2723 Luciau.
393 2673 446 2723 Ill.
473 2689 500 2738 p.
521 2673 565 2723 78.
591 2675 643 2724 425
662 2673 705 2723 ed.
757 2665 826 2728 τοὺς
843 2669 1059 2735 κροκοδείλους,
1080 2662 1110 2721 ἐν
1128 2660 1242 2731 ἄντροις
1256 2667 1304 2721 καὶ

161 2737 248 2804 Rip).
284 2742 356 2792 Hinc
379 2743 425 2806 qui
450 2759 537 2806 nuper
564 2743 591 2792 iu
616 2743 707 2807 Aegy·
758 2740 860 2802 opinor
883 2738 1020 2807 σέβοντες.
1062 2743 1152 2806 Atque
1175 2742 1304 2793 observat

162 2810 279 2872 ptiarum
302 2827 390 2860 rerum
418 2811 535 2862 indolem
561 2811 707 2876 inquiries·
757 2811 922 2862 Wilkiuson.
933 2809 1073 2874 (Manuers
1085 2815 1139 2862 etc.
1151 2811 1204 2862 ΙΙΙ.
1217 2828 1243 2874 p.
1254 2811 1301 2875 711)

161 2883 224 2927 runt
248 2879 301 2927 viri
319 2879 406 2941 docti,
437 2881 471 2930 ab
491 2895 583 2931 earum
600 2881 707 2930 urbium
756 2883 785 2930 in
802 2879 876 2943 loco,
896 2882 1025 2946 quinuuc
1045 2881 1303 2944 appellatnrMaab·

162 2945 258 2996 incolis
271 2949 435 2998 crocodilum
447 2950 594 3014 praecipue
604 2950 707 2998 cultum
758 2950 822 3011 deb,
848 2965 882 3000 ex
902 2951 1019 3000 adverso
1041 2950 1116 3000 urbis
1139 2949 1302 3014 Manfaloot,

162 3016 248 3066 luisse
259 3017 446 3080 suspicantur,
460 3019 507 3082 qui
519 3019 642 3084 longiore
659 3018 707 3069 ali·
757 3019 870 3084 reperiri
892 3019 1038 3084 speluncas
1061 3020 1166 3084 amplas
1190 3020 1303 3084 rupibus

162 3089 266 3148 quanto
285 3085 428 3137 intervallo
448 3088 498 3138 aba
518 3087 574 3138 Nili
590 3088 650 3152 ripa
669 3088 708 3137 di·
757 3089 874 3151 incisas,
899 3090 926 3138 in
951 3089 1048 3154 quibus
1076 3089 1225 3152 permultae
1243 3106 1302 3141 cro-

162 3158 280 3212 stareut,
300 3155 431 3205 eiusmodi
444 3157 600 3208 hominibus
617 3173 708 3208 croco·
756 3158 906 3209 codilorum
923 3159 1039 3208 mumiae
1052 3158 1141 3209 adbuc
1159 3165 1303 3211 serrantur

162 3223 232 3274 dilos
250 3223 413 3275 adnatantes
427 3228 604 3290 praenuntios
621 3228 707 3279 fuisse
757 3240 859 3299 eaeque
872 3244 1049 3292 maguacnra
1063 3228 1223 3280 medicatae.
1249 3229 1302 3280 Ad-

160 3293 294 3344 undarum
306 3293 462 3358 salubrium,
483 3295 581 3362 quibus
594 3303 621 3347 et
633 3298 706 3347 sitim
757 3298 809 3348 buc
827 3297 861 3347 ab
879 3298 1015 3348 Arabibus
1034 3300 1302 3365 atqueNubiisqui-
1390 3351 1397 3366 ‚

161 3363 292 3426 pellerent
319 3369 346 3414 et
374 3379 441 3414 arva
469 3367 624 3432 irrigarent.
673 3367 705 3418 In
756 3367 870 3418 busdam
907 3366 1074 3418 crocodilum
1112 3369 1302 3433 superstitiose

161 3433 237 3484 hisce
268 3433 421 3484 hominibus
456 3437 607 3487 censendos
645 3452 705 3486 esse
756 3437 808 3487 coli
833 3443 861 3487 et
889 3437 1029 3488 observari
1061 3442 1179 3487 testatur
1202 3439 1300 3488 Yetes:

160 3514 225 3568 puto
252 3502 377 3553 Ombitas
405 3505 553 3568 superioris
577 3507 704 3572 Aegypti,
756 3507 815 3557 The
833 3507 945 3557 modern
963 3507 1068 3571 history
1086 3507 1141 3556 and
1161 3507 1301 3558 condition

159 3574 206 3637 qui
227 3574 285 3622 cius
308 3575 510 3638 superstitionis
535 3575 618 3626 etiam
643 3591 706 3640 poe·
756 3577 951 3642 oprypt.⁸'l'.
971 3577 1009 3626 ll.
1029 3591 1055 3639 p.
1072 3575 1133 3628 5111.

159 3659 209 3694 uas
228 3642 303 3692 luere
321 3647 447 3694 tenentur
460 3645 641 3694 Romanorum
657 3645 705 3695 Sa·
797 3642 1003 3710 δεδιδαγμένον
1028 3637 1102 3694 εἶναι
1127 3635 1299 3710 χειροήθεα]

158 3712 227 3763 tiras
246 3712 384 3778 (lurensi.
402 3713 485 3763 Satis.
500 3715 560 3776 XV,
573 3715 608 3764 28
626 3729 702 3780 seqq.
756 3716 835 3777 Quod
853 3716 906 3766 duo
921 3714 984 3765 olim
1005 3719 1162 3765 statuerunt
1180 3714 1302 3764 crocodi-

158 3781 249 3846 ibique
269 3783 382 3847 Ruperti
401 3781 462 3832 coll.
477 3783 604 3834 Chabrcl.
618 3789 645 3833 et
661 3783 704 3833 Io·
753 3785 840 3834 lorum
858 3783 1038 3835 Niloticorum
1057 3799 1167 3850 genera,
1186 3783 1301 3834 alterum

158 3851 243 3901 mord.
264 3853 292 3901 iu
309 3853 445 3916 Descript.
467 3853 500 3903 de
518 3853 589 3919 l'llg.
604 3854 627 3903 Ῑ.
640 3868 701 3917 cap.
755 3855 847 3904 mitius
871 3859 898 3904 et
917 3854 1098 3915 mansuetius,
1125 3854 1197 3919 qnod
1221 3852 1301 3903 facile

158 3921 184 3970 4.
197 3936 225 3984 p.
239 3920 256 3970 8
269 3936 345 3986 seqq.
360 3921 496 3987 Antiqq.i.
533 3923 573 3973 Ac
592 3923 703 3973 luerunt
754 3923 858 3973 domari
877 3924 965 3988 possit
984 3922 1093 3980 (Zacdos
1108 3939 1130 3973 s.
1143 3922 1240 3973 Sardos
1255 3939 1301 3973 vo·

157 4003 206 4050 par
225 3989 378 4056 Aegyptum
403 3992 492 4057 plnres
517 3993 613 4054 urbes,
643 3993 701 4056 qui·
752 3998 830 4052 cant3
855 3993 927 4044 coni.
946 3993 1038 4043 Strab.
1055 3993 1145 4044 XVII.
1164 4009 1229 4057 pap.
1248 3993 1299 4044 811

156 4057 207 4108 bus
224 4074 241 4107 a
259 4061 402 4109 crocodilis
416 4077 514 4112 nomeu
532 4067 614 4112 esset.
643 4063 701 4112 Pri·
753 4078 810 4127 seq.
829 4063 895 4127 ibiq.
912 4061 1067 4112 Tuschuclr.
1087 4078 1150 4127 pap.
1165 4060 1241 4125 580),
1261 4061 1300 4112 al·

156 4128 443 4193 memiuLebyrintlro
458 4131 636 4182 describendo
648 4147 701 4180 me·
752 4135 838 4182 ternrn
864 4131 947 4181 iarius
970 4137 1054 4197 atque
1072 4132 1208 4183 crudelius
1227 4147 1299 4183 eam-

156 4200 243 4244 morat
254 4197 354 4248 Noster
369 4197 419 4259 (II,
436 4199 486 4250 118
498 4200 545 4250 nbi
556 4198 627 4260 vid.)
645 4202 700 4249 Nu·
752 4217 804 4264 que
831 4202 865 4250 ob
894 4215 1004 4251 causam
1027 4201 1153 4266 Typhoui
1180 4217 1297 4264 sacrum,

155 4263 216 4312 triti
237 4264 275 4314 ihi
300 4265 407 4329 publice
430 4267 458 4316 in
476 4268 589 4320 lacubus
608 4285 700 4320 croco·
751 4270 802 4321 hoe
826 4269 924 4320 falsum
951 4285 1012 4320 esse
1035 4271 1162 4335 probarit
1186 4271 1296 4322 curies.

155 4331 213 4382 dili.
256 4333 383 4385 Secunda
394 4335 448 4386 sita
461 4343 520 4388 erat
531 4339 560 4388 in
573 4339 699 4404 Aegypto
750 4341 778 4389 iu
798 4339 904 4391 Annali.
924 4339 960 4389 du
979 4341 1050 4392 Mus.
1070 4339 1162 4392 d’hist.
1183 4345 1241 4392 nat.
1260 4341 1295 4390 X.
