2980 4932
1225 251 1263 298 x1

115 395 234 461 borum
265 395 540 464 emendandorum
570 419 650 465 eura
675 399 920 465 subsistendum
941 421 1015 466 esse
1036 409 1128 466 ratus
1149 423 1261 488 parem

115 535 231 579 euram
261 513 306 578 ad
325 515 487 580 Herodoti
512 517 616 583 verba
642 527 730 583 recte
754 517 986 604 intelligenda,
1014 519 1059 584 ad
1081 521 1259 584 sententias

117 631 336 698 illustrandas
360 655 480 722 resque
506 635 594 724 ipsas
617 637 658 702 ab
684 637 851 704 Herodoto
872 638 1013 705 traditas
1035 638 1259 728 explicandas,

118 750 262 838 denique
285 750 329 816 ad
350 751 447 818 fidem
471 775 579 819 rerum
601 757 796 822 traditarum
816 758 973 824 tuendam
993 780 1032 824 ac
1053 757 1258 848 probandam

114 871 281 936 converti:
310 879 409 959 atque
438 873 474 937 in
500 873 552 938 his
579 899 617 941 eo
643 877 749 963 magis
777 876 1011 944 elaborandum
1041 879 1171 962 censui,
1193 899 1257 966 quo

114 989 302 1054 accuratius
324 989 475 1076 singulae
494 995 728 1082 propemodum
748 997 916 1082 regiones,
938 996 978 1061 de
999 998 1119 1085 quibus
1138 996 1258 1062 Noster

115 1104 247 1190 retulit,
275 1116 388 1173 nostra
409 1119 517 1176 aetate
543 1114 745 1200 perquisitas
767 1124 844 1180 sunt
866 1114 1031 1202 multaque
1052 1117 1256 1204 antiquitatis

115 1234 343 1310 monumenta,
371 1251 454 1316 quae
479 1231 591 1320 aliquo
613 1241 702 1296 certe
724 1232 821 1299 modo
842 1233 884 1298 ad
904 1233 1060 1300 Nostrum
1081 1235 1255 1322 pertinent,

113 1340 171 1406 vel
193 1363 308 1408 recens
334 1346 469 1413 inventa
495 1349 548 1416 vel
582 1351 698 1415 maiori
726 1373 805 1416 cura
832 1373 872 1416 ac
900 1351 1073 1438 diligentia
1100 1361 1176 1418 sunt
1202 1353 1256 1418 de·

114 1460 256 1548 scripta:
287 1485 476 1555 summoque
502 1467 612 1535 studio
643 1469 731 1535 docti
758 1479 890 1536 nostrae
918 1473 1035 1538 aetatis
1062 1473 1127 1540 viri
1153 1472 1188 1538 in
1211 1471 1254 1538 iis

114 1581 240 1644 versati
263 1591 340 1648 sunt
361 1587 563 1671 exponendis
586 1597 619 1654 et
634 1587 856 1674 illustrandis,
878 1613 963 1678 quae
980 1591 1023 1656 ad
1045 1593 1253 1678 antiquarum

113 1697 264 1780 gentium
292 1701 388 1766 sedes
417 1713 450 1768 et
478 1707 706 1792 migrationes,
739 1732 845 1776 mores
872 1719 906 1774 et
929 1711 1095 1793 instituta,
1129 1711 1196 1775 alia
1219 1710 1255 1774 id

113 1835 221 1899 genus
248 1821 379 1885 omnino
407 1830 574 1909 spectant3
603 1825 689 1891 unde
718 1837 876 1915 quantum
902 1827 1009 1914 frugis
1031 1827 1074 1890 ad
1095 1827 1256 1892 Herodoti

113 1931 230 1998 Musas
252 1935 506 2024 redundaverit,
528 1965 623 2009 nemo
645 1944 714 2012 fere
735 1948 850 2012 nescit.
901 1945 965 2011 His
986 1947 1089 2034 igitur
1105 1944 1255 2011 omnibus

116 2051 162 2116 ita
188 2074 269 2119 usus
292 2077 381 2140 sum,
410 2066 447 2123 ut
468 2059 626 2148 quidquid
648 2063 702 2130 vel
723 2087 743 2130 a
765 2067 847 2131 viris
869 2065 975 2131 doctis
996 2065 1051 2130 vel
1072 2087 1093 2129 a
1112 2065 1255 2153 peregri-

116 2171 287 2238 natoribus
316 2176 455 2242 eruditis
479 2178 616 2246 allatum
643 2192 731 2250 esset
752 2184 795 2248 ad
823 2207 878 2270 ea,
914 2207 997 2272 quae
1019 2183 1062 2251 ab
1086 2184 1253 2252 Herodoto

114 2289 305 2376 traduntur,
331 2292 542 2381 illustranda,
568 2299 604 2364 id
624 2301 737 2368 sedulo
758 2303 969 2370 observarem
988 2313 1021 2370 et
1038 2315 1195 2394 quantum
1213 2306 1255 2372 ad

115 2405 272 2473 Nostrum
286 2409 395 2477 faeere
407 2415 591 2503 videretur,
611 2420 817 2507 adhiberem,
836 2423 925 2488 haud
936 2427 1082 2510 nescius,
1095 2448 1150 2510 ea,
1169 2447 1255 2514 quae

115 2526 150 2589 in
175 2527 284 2592 Musis
307 2528 501 2598 Herodoteis
537 2538 667 2624 prodita
690 2550 837 2626 exstant,
866 2541 955 2608 haud
983 2566 1058 2610 raro
1086 2547 1254 2630 egregiam

115 2643 222 2710 lucem
258 2650 408 2735 accipere
435 2652 596 2742 valdeque
631 2658 763 2745 probari
790 2672 944 2728 accurata
971 2664 1116 2751 ipsorum
1140 2685 1254 2728 monu-

114 2775 318 2850 mentorum,
338 2790 421 2855 quae
439 2770 547 2837 adhuc
567 2787 758 2864 supersunt,
780 2789 838 2846 aut
853 2784 1040 2868 regionum,
1062 2804 1144 2870 quas
1162 2791 1255 2870 pater

113 2881 274 2950 historiae
304 2885 532 2976 perlustravit,
561 2894 774 2983 inspectione.
823 2900 864 2965 In
887 2923 953 2988 qua
973 2901 1131 2966 materiae
1155 2901 1254 2966 undc-

114 3024 246 3092 cunque
261 3004 416 3074 collectae
434 3001 537 3100 copid’
542 3013 696 3083 brevitati
712 3017 950 3084 consulendum
967 3029 1051 3086 erat:
1073 3019 1132 3086 sed
1147 3021 1256 3086 omnia

114 3141 156 3185 ea
175 3121 352 3210 diligenter
370 3127 562 3215 indicanda,
583 3135 737 3224 equibus
757 3139 919 3227 copiosior
937 3161 1045 3206 rernm
1060 3140 1255 3208 traditarum

114 3243 264 3327 cognitio
285 3254 465 3332 peteretur,
493 3271 598 3336 neque
626 3257 757 3321 omnino
786 3258 965 3345 quidquam
993 3262 1254 3349 praetermitten-

121 3449 406 3465 -n——u————

114 3549 223 3608 rotald
230 3572 317 3612 σειν.
336 3590 369 3599 -
387 3565 417 3628 Ι,
433 3563 476 3616 61.
496 3581 523 3630 p.
545 3565 604 3620 1³0.
631 3569 711 3636 Vulg.
732 3561 961 3638 εὐπρεπέστατον
986 3581 1052 3628 mut.
1073 3577 1102 3628 in
1120 3568 1255 3644 εὐπρεπε-

116 3635 214 3709 στάτη.
234 3673 268 3682 -
287 3647 315 3711 Ι,
329 3649 371 3700 65.
386 3667 413 3716 p.
430 3651 488 3704 140.
509 3653 589 3719 Vulg.
609 3651 676 3716 δίζω
690 3661 757 3708 mut.
778 3659 807 3708 in
826 3649 927 3724 δίζηρί.
947 3689 979 3698 -
995 3664 1024 3726 1,
1038 3663 1080 3717 66.
1094 3681 1120 3731 p.
1136 3667 1184 3721 146
1202 3671 1256 3736 pri·

115 3744 190 3780 mum
214 3732 322 3784 oraculi
344 3751 452 3789 versum
474 3741 514 3789 ita
538 3743 685 3794 constituit
709 3741 805 3794 Cobet.
828 3736 979 3813 Ἀρκαδίην
1003 3746 1030 3815 μ’
1048 3745 1152 3819 αἰτεῖς,
1172 3743 1255 3823 Ἡρα-

114 3812 229 3882 κλείδη,
247 3812 357 3885 μέγαρ’
376 3817 480 3889 αἰτεῖς,
497 3826 590 3878 verbis
607 3817 644 3878 οὔ
660 3843 704 3878 τοι
720 3821 802 3880 deiru
820 3849 934 3900 prorsus
953 3835 1077 3890 sublatis.
1103 3867 1134 3877 -
1160 3843 1253 3908 Ι,15.

114 3917 143 3968 p.
164 3901 215 3954 166
233 3891 270 3953 dv
288 3906 373 3959 inseri
393 3909 453 3962 vult
472 3917 537 3978 post
555 3911 611 3972 κιὸς
628 3905 681 3978 γὰρ
702 3930 728 3966 ιι.
748 3932 771 3968 τ.
790 3916 829 3980 1.;
857 3921 905 3973 scd
923 3922 979 3974 vid.
1000 3931 1068 3978 nott.
1101 3955 1133 3965 -
1161 3931 1189 3994 l,
1209 3931 1253 3983 80.

115 4003 144 4053 p.
167 3987 218 4039 176
236 4005 285 4054 pro
303 3983 490 4062 ὤσφροντο
515 3998 598 4049 scribi
622 3997 682 4050 vult
699 3989 882 4068 ὄσφροντο
906 4009 1023 4076 itemque
1046 4005 1256 4081 ἕπιτράποιισι

115 4089 167 4139 pro
186 4064 392 4140 ἐπιτρέπουσι
409 4083 433 4146 1,
451 4083 494 4136 96.
514 4100 540 4150 p.
554 4085 614 4138 219.
635 4113 667 4123 —
685 4087 708 4150 1,
730 4089 787 4142 106.
810 4108 837 4158 ρ.
858 4095 909 4146 236
928 4110 978 4160 pro
995 4084 1038 4147 ὅτι
1055 4093 1172 4164 ἔχοιεν
1189 4103 1255 4154 seri-

116 4159 200 4212 bend.
222 4148 265 4212 ὅτι
277 4156 431 4230 τύχοιεν.
451 4195 485 4205 -
502 4170 527 4234 I,
543 4170 600 4224 113.
615 4187 642 4237 p.
656 4175 720 4225 245:
739 4177 767 4227 in
781 4177 886 4230 verbis:
905 4176 1010 4230 τοῦτον
1025 4177 1088 4247 μὲν
1099 4185 1260 4252 παραδιδοῖ

116 4243 153 4313 τῇ
173 4235 282 4299 ἑωυτοῦ
298 4248 412 4315 γυναικὶ
431 4254 526 4307 Cobet.
552 4259 673 4324 spuriam
690 4260 798 4314 iudicat
814 4263 942 4316 voculam
958 4261 1036 4331 μέος
1064 4273 1094 4322 16
1111 4272 1167 4323 vid.
1186 4273 1256 4321 nott.

121 4356 155 4366 -
174 4332 203 4394 Ι,
225 4331 276 4386 116
294 4349 344 4400 pro
361 4337 436 4405 vulg.
455 4329 547 4390 deleve
566 4334 623 4393 ἐπὶ
640 4341 732 4413 ansteo
751 4348 832 4400 scrib.
853 4339 888 4399 ἐν
911 4347 1013 4417 κανέῳ.
