2980 4932
236 292 254 348 4
668 276 937 339 HERODOTI

213 478 225 534 1
312 459 473 546 Περσέων
491 457 556 542 μέν
578 479 645 522 νυν
667 456 702 520 oi
718 451 825 539 λόγιοι
844 457 1006 526 Φοίνικας
1027 451 1156 524 αἰτίους
1177 446 1261 532 φασὶ
1279 449 1415 532 γενέ-1

235 571 317 630 σθαι
332 565 391 649 τῆς
405 561 579 646 διαφορῆς.
608 554 748 636 τούτους
764 553 827 644 γὰρ
842 551 908 623 ἀπὸ
923 556 980 639 τῆς
994 547 1159 638 Ἐρυθρῆς
1172 553 1388 640 καλεομένης

236 729 291 780 alia
317 725 437 793 taceam)
464 727 531 776 satis
555 724 780 786 commendatum,
832 737 887 788 qua
904 711 1000 784 λόγιος
1017 717 1176 784 plerumque
1199 718 1322 768 1111111111
1343 721 1388 769 in-

236 801 271 850 ab
286 799 427 850 Herodoto
445 797 598 861 proiectum
612 811 672 845 esse
687 801 780 859 negat,
833 793 907 842 dicat
939 795 966 839 et
994 793 1146 854 eloquentem
1173 787 1299 838 1111ιί11111.
1338 790 1388 840 Ad

237 868 411 934 eiusdemque
445 867 548 916 amasio
587 871 614 916 ot
649 865 781 916 bonorum
832 867 954 912 nostrum
972 859 1061 938 locum
1079 857 1273 922 iacitHesych.
1293 859 1333 908 11.
1354 877 1386 924 p.

235 938 347 989 haeredi
358 936 512 988 Pleeirrhoo
531 935 664 985 Thessalo
682 934 782 984 adseri-
832 932 899 982 493:
917 922 1026 994 λόγιος
1047 943 1062 977 o
1079 927 1129 992 τῆς
1145 920 1271 1006 [στορίας
1283 921 1387 992 ἔμπει-

235 1009 286 1058 bit.
316 1007 395 1058 Conf.
420 1006 593 1058 Ptolemaeus
612 1003 780 1069 Hephaestio
832 1016 891 1067 ρος.
909 999 978 1049 Inde
992 999 1064 1048 infra
1080 997 1149 1060 11,3
1169 995 1385 1047 Ηλιουιιολῖται

235 1077 289 1128 ΙΗ.
314 1093 340 1142 p.
369 1075 564 1127 3141111111.
587 1075 693 1142 (Photii
713 1072 779 1124 Cod.
831 1067 960 1136 λέγονται
970 1063 1133 1133 Αἰγυπτίων
1150 1057 1224 1116 εἶναι
1241 1059 1384 1132 λογιώτα-

237 1143 309 1210 190).
330 1146 413 1196 Cuiue
437 1147 589 1196 sententiae
612 1145 716 1194 lubrica
734 1142 781 1193 ad·
831 1155 884 1204 τοι,
905 1141 923 1189 1.
943 1155 967 1189 a.
986 1154 1069 1188 rerwa
1084 1138 1237 1201 peritissimi,
1256 1138 1304 1187 ubi
1320 1138 1386 1202 plu-

235 1217 344 1266 modum
371 1221 531 1281 argumenta
557 1217 611 1266 iam
641 1216 709 1265 satis
736 1229 780 1264 ex·
832 1227 863 1262 ra
880 1211 937 1261 Iao.
959 1209 1111 1259 Gronovius
1143 1211 1171 1256 et
1197 1207 1314 1256 Weseel.
1345 1208 1385 1258 ad

235 1288 323 1336 cussit
346 1285 512 1351 Schweigh„
538 1287 583 1335 cui
605 1285 675 1335 adde
697 1283 780 1334 Dahl-
831 1280 944 1331 Diodor.
969 1279 1006 1341 11,
1031 1281 1056 1328 4.
1088 1277 1159 1328 Add.
1182 1277 1316 1327 Herodot.
1340 1279 1383 1338 Π,

234 1372 326 1407 menn.
345 1356 448 1406 Herod.
468 1373 495 1420 p.
518 1355 578 1406 231.
614 1355 673 1415 Quo
693 1353 780 1418 magis
833 1353 865 1401 77
885 1350 991 1400 Arrian.
1016 1347 1077 1398 Iud.
1104 1348 1128 1398 1.
1153 1351 1180 1397 et
1204 1347 1277 1398 cous.
1295 1347 1385 1398 Dahl-

235 1427 317 1475 miror
333 1430 429 1475 nostra
452 1429 543 1474 aetate
562 1425 714 1485 exstitisse,
734 1422 782 1487 qui
832 1436 923 1470 maun.
946 1418 1048 1469 Herod.
1069 1434 1097 1483 p.
1122 1417 1179 1478 108,
1203 1417 1249 1482 qui
1268 1418 1327 1467 iure
1343 1417 1383 1468 ad

833 1490 860 1540 id
878 1489 985 1540 attondi
1003 1489 1091 1550 iubet,
1111 1486 1183 1553 quod
1202 1487 1245 1537 hic
1262 1488 1383 1552 primum

237 1495 289 1545 hoo
307 1495 475 1559 prooemium
493 1509 612 1558 pannum
629 1493 717 1542 videri
735 1491 781 1541 ad-

834 1561 924 1610 iontes
955 1563 1051 1611 auctor
1080 1557 1198 1619 indicat,
1229 1557 1301 1608 unde
1328 1573 1384 1608 sua

236 1569 341 1626 sutum,
361 1563 510 1628 praefixum
521 1563 677 1613 Herodoteo
697 1561 780 1626 operi,

237 1633 374 1684 censuerit
391 1633 440 1700 (of.
455 1635 573 1684 Raumer
589 1633 680 1697 Antiq.
695 1631 780 1682 Briei.

236 1719 263 1768 p.
284 1704 334 1754 117
352 1702 433 1768 seq),
452 1719 535 1768 quum
552 1707 660 1768 praetor
677 1701 781 1752 Aristo-

236 1772 318 1823 telem
341 1773 360 1824 l.
384 1773 403 1824 l.
427 1774 577 1839 Dionysius
601 1773 665 1823 Hal.
690 1771 780 1835 Epist.

237 1843 272 1893 ad
287 1844 382 1908 Pomp.
401 1843 449 1894 VI.
468 1860 495 1908 p.
516 1844 566 1894 107
586 1848 613 1893 et
630 1844 683 1892 Dio
698 1841 781 1906 Chry·

237 1917 305 1964 sost.
330 1913 377 1964 Or.
401 1913 478 1963 LIII.
502 1913 780 1979 ρ.2781101111001-

236 1984 319 2033 mium
338 1987 498 2048 agnoscent.
517 1983 571 2046 Qui
590 1987 681 2032 autem
694 1983 780 2032 Hero-

237 2053 317 2103 dotus
340 2051 405 2102 libri
427 2053 535 2101 initium
560 2068 660 2116 ponere
677 2052 780 2116 potuis-

237 2127 279 2172 set
302 2120 406 2170 verhis:
436 2118 569 2182 Περσέων
595 2117 647 2184 μέν
673 2135 726 2168 voe
753 2113 784 2170 ol

236 2183 328 2253 λόγιοι
349 2204 375 2240 ιι.
399 2205 423 2238 τ.
447 2187 490 2237 ht
527 2190 570 2239 Tu
593 2189 648 2239 vid.
673 2191 781 2240 omuino

239 2257 364 2309 Oreuzer.
382 2258 434 2308 Die
453 2257 549 2309 histor.
565 2259 657 2308 Kuuet
673 2276 701 2324 p.
722 2261 780 2322 155,

189 2379 192 2388 ¹
239 2343 272 2378 ex
290 2342 342 2392 quo
361 2327 414 2378 hue
434 2326 588 2378 adscribam
607 2329 703 2391 verba,
724 2329 781 2394 qui-

236 2398 288 2448 bus
307 2403 386 2448 vetus
404 2397 566 2448 Germaniae
590 2399 714 2464 scriptor,
738 2399 781 2449 la·

237 2467 322 2518 cobus
340 2466 485 2516 Unrestius
502 2469 530 2516 in
543 2467 675 2519 Chronico
688 2469 781 2519 Carin-

236 2535 328 2587 thiaco
348 2541 375 2586 et
394 2537 539 2588 Austriaeo
559 2553 625 2603 opus
645 2555 725 2589 suum
742 2540 781 2589 in-

237 2607 315 2671 cipit:
344 2605 400 2668 „So
424 2605 468 2656 die
492 2607 552 2657 Zeit
576 2609 711 2660 verdieset
740 2609 780 2659 als

237 2676 286 2726 das
296 2675 423 2738 Waeser,
439 2676 495 2726 und
509 2677 556 2727 des
570 2677 718 2730 Meusoheu
731 2681 781 2730 Ge·

238 2743 377 2796 dechtniss
394 2760 511 2811 vergeen
528 2747 577 2796 mit
596 2747 643 2798 der
660 2749 783 2800 Gloclren

235 2816 331 2877 Doun,
360 2815 414 2865 hab
445 2816 489 2866 ich
512 2817 600 2867 Jacob
624 2819 725 2870 Unrest
754 2820 782 2868 in

237 2885 338 2935 meiner
365 2885 470 2936 Eintalt
499 2886 629 2952 gadacht:
659 2888 726 2938 Was
754 2890 782 2937 in

238 2953 339 3005 Schrift
356 2955 446 3018 kumt,
471 2955 556 3006 bleibt
579 2957 708 3024 1111111111ι
728 2963 780 3008 eto.

235 3023 339 3088 (Hshu.
368 3025 483 3075 Colleot.
512 3027 680 3078 Monument.
706 3029 781 3078 Vett.

238 3093 270 3143 T.
289 3093 312 3142 Ι.
332 3093 422 3144 Praei.
441 3111 468 3159 p.
489 3093 544 3160 12).
573 3099 663 3163 Atque
682 3097 783 3148 similia

238 3162 363 3227 squidem
388 3179 429 3213 me
456 3164 547 3229 legere
570 3167 679 3217 memini
703 3167 782 3217 initio

832 1629 963 1680 hauserit.
983 1630 1023 1680 Ac
1040 1629 1140 1679 scimus
1154 1627 1248 1692 utique
1261 1633 1289 1678 et
1308 1627 1382 1678 alias

832 1705 919 1750 terras
943 1704 971 1749 et
1000 1700 1087 1764 ipsam
1110 1699 1255 1748 Persarum
1278 1703 1383 1748 terram

833 1770 867 1820 ab
885 1769 1026 1820 Herodoto
1049 1769 1189 1818 visitatam
1212 1769 1312 1830 fuisse,
1332 1769 1382 1833 qui

832 1839 897 1890 iude
915 1855 947 1888 ex
965 1838 1106 1888 doctorum
1122 1839 1195 1888 illius
1212 1838 1382 1904 9111111111-

833 1910 939 1960 ratione
957 1913 984 1958 et
1002 1908 1136 1974 colloquio
1159 1909 1228 1958 haec
1245 1907 1381 1958 retulerit.

834 1981 877 2030 Cl.
896 1977 1061 2029 Dahlmann.
1086 1979 1104 2028 l.
1129 1979 1149 2029 1.
1168 1995 1195 2043 p.
1215 1979 1258 2030 76.
1283 1979 1327 2028 77.
1350 1984 1383 2028 et

833 2051 926 2114 Heyse
943 2048 962 2098 l.
981 2048 1000 2097 l.
1020 2063 1047 2112 p.
1067 2049 1101 2098 08
1119 2064 1180 2113 sqq.
1198 2076 1230 2086 -
1249 2048 1283 2098 Iu
1301 2063 1380 2113 seqq.

833 2135 894 2170 oum
914 2117 1019 2169 Schwei
1038 2117 1065 2166 h.
1084 2121 1112 2167 et
1129 2119 1214 2169 Gaisi.
1231 2118 1382 2169 edidimus:

834 2187 972 2246 Φοίυιιιιις
1002 2133 1112 2243 uitione
1144 2185 1215 2250 φασὶ
1243 2183 1382 2253 γενέσθαι

833 2257 884 2324 τῆς
902 2253 1053 2321 διαφορῆς.
1072 2255 1189 2309 Bredor.
1207 2275 1234 2324 p.
1251 2259 1285 2310 85
1303 2274 1382 2324 prae-

835 2329 919 2378 terret
940 2321 1074 2392 paviatur
1093 2325 1174 2389 φασί.

867 2390 985 2454 τοότους
1005 2387 1057 2461 γὰρ
1078 2387 1136 2445 dud
1161 2392 1212 2460 τῆς
1232 2388 1382 2462 Ἐρυθρῆς

833 2464 1004 2532 καλεομένης
1028 2457 1184 2530 θαλάσσης]
1211 2467 1285 2517 Satis
1309 2469 1383 2516 inter

833 2553 925 2587 omues
944 2539 1065 2598 constat,
1091 2536 1165 2584 rubri
1187 2539 1266 2586 moria
1289 2534 1382 2602 appel-

831 2607 934 2657 latione
945 2604 1060 2656 iudicari
1073 2605 1166 2656 latiori
1177 2620 1261 2656 seusu
1275 2621 1382 2656 omnem

834 2677 973 2728 Oceanum
992 2675 1161 2740 Australem,
1181 2675 1247 2726 solis
1268 2675 1379 2726 orientis

834 2747 927 2810 radiis,
939 2746 1043 2812 opinor,
1057 2747 1172 2810 primum
1191 2745 1382 2796 collustratum

832 2816 949 2882 indeque
967 2815 1164 2878 rubescentem,
1177 2822 1226 2866 aut
1243 2817 1319 2867 saxis
1337 2832 1382 2866 rn—

834 2885 957 2936 bicundis
976 2887 1005 2935 in
1023 2885 1102 2936 litore
1126 2886 1206 2936 rubro
1230 2887 1321 2937 colore
1341 2902 1382 2935 re-

834 2955 1029 3021 splendentem.
1050 2955 1142 3021 (Coui.
1162 2955 1311 3018 110111.
1330 2955 1382 3006 ibi-

834 3041 887 3092 que
904 3031 975 3076 nott.
995 3025 1085 3076 Wien.
1103 3025 1218 3077 Jahrbb.
1237 3025 1334 3076 LXVI.
1353 3042 1381 3091 p.

835 3095 873 3162 3).
893 3095 985 3158 Quare
1003 3094 1076 3160 quod
1093 3095 1320 3146 mediterraneum
1338 3101 1382 3144 est

834 3180 920 3228 mare,
939 3165 980 3215 illi
999 3165 1078 3230 quasi
1094 3166 1259 3232 oppositum,
1280 3165 1383 3216 aTur-

834 3236 872 3285 eis
897 3249 930 3284 ao
956 3235 1048 3286 Persis
1076 3235 1158 3286 album
1181 3235 1236 3285 dici
1259 3240 1381 3286 monent.

833 3304 910 3354 Illius
932 3320 997 3355 vero
1027 3321 1087 3354 oum
1112 3305 1208 3356 crebra
1230 3305 1303 3370 apud
1326 3305 1383 3355 No-

833 3379 920 3424 strum
935 3374 983 3426 fiat
1001 3375 1104 3425 mentio
1127 3391 1187 3426 eum
1211 3374 1303 3424 latiori
1322 3381 1382 3424 tum

833 3445 944 3495 arctiori
962 3461 1057 3508 seusu,
1078 3445 1192 3511 singulis
1212 3444 1281 3494 locis
1301 3459 1382 3494 acon-

833 3517 920 3565 ratius
943 3514 1142 3580 inquirendum.
1184 3513 1307 3579 Namque
1337 3529 1381 3563 ar-

833 3585 912 3635 ctiori
930 3599 1013 3635 sensu
1029 3591 1122 3649 partes
1149 3583 1282 3650 quaedam
1306 3582 1381 3634 illius

235 3650 330 3714 [Basel
355 3649 435 3718 18²9)
458 3653 480 3702 1.
512 3670 538 3718 p.
566 3653 624 3705 162.
650 3656 699 3709 231
722 3671 779 3721 seq.
832 3655 914 3704 maris
941 3653 1035 3704 eadem
1059 3655 1238 3721 designantur
1261 3652 1383 3720 appella-

235 3719 297 3770 266.
316 3721 377 3771 ²77.
830 3725 919 3787 tione,
938 3729 996 3774 tum
1015 3723 1088 3789 quod
1105 3740 1177 3774 nuno
1194 3724 1293 3774 dieitur
1310 3717 1404 3774 more'

271 3781 403 3849 Περσέων
420 3785 472 3854 μέν
490 3806 543 3842 νυν
563 3787 593 3841 oi
613 3784 714 3858 λόγιοι]
734 3784 780 3842 λό-
831 3795 941 3858 radmor,
959 3795 1104 3845 elvericus
1119 3793 1255 3858 Arabicus,
1275 3785 1384 3850 κόλπος

237 3869 295 3919 γιοι
325 3855 370 3907 hic
402 3863 478 3924 sunt,
511 3863 624 3928 antiqua
652 3861 781 3914 vocabuli
827 3855 981 3930 Ἀραβιιιὸς,
1013 3879 1083 3929 quae
1107 3863 1200 3913 eadem
1232 3861 1382 3928 appellatio

239 3923 450 3992 significatione,
470 3947 553 3982 rerum
574 3940 701 3998 pertarum
719 3931 781 3981 bene
835 3932 907 3999 apud
935 3934 1066 3986 Nostrum
1093 3933 1231 3984 invenitur
1256 3931 1293 3997 (1,
1319 3933 1381 3984 102.

235 3998 320 4062 quari,
336 4001 424 4064 periti,
448 4001 516 4052 docti
538 4000 592 4065 (die
611 4001 783 4053 Geschiohts-
834 4003 871 4066 ΙΙ,
896 4003 923 4054 8.
952 4002 1011 4055 158.
1036 4002 1095 4056 159.
1121 4005 1168 4066 IV,
1188 4003 1230 4054 41.
1257 4003 1308 4052 Th.
1329 4000 1379 4052 ch.

237 4063 782 4135 111111311101111111111111311,(111111-
834 4073 955 4140 Breiger.
976 4073 1157 4124 commentat.
1175 4072 1209 4122 de
1229 4070 1379 4122 difficilior.

235 4133 362 4203 lehrteu).
397 4139 525 4190 Refertur
546 4138 598 4189 hoc
617 4139 653 4189 ad
671 4140 783 4204 primiti·
834 4143 960 4208 quibusd.
993 4143 1076 4193 Asiae
1112 4142 1214 4193 Herod.
1253 4141 1379 4206 Gotting.

237 4219 300 4256 vam
318 4207 394 4257 vocis
412 4199 495 4273 λόγος
513 4208 659 4271 notionem,
680 4209 712 4258 de
728 4225 782 4274 qua
834 4211 911 4264 1795.
926 4229 952 4278 p.
966 4211 997 4263 13
1009 4211 1092 4278 sqq),
1108 4219 1175 4276 tum,
1194 4211 1241 4276 qui
1256 4209 1382 4262 111111111-

238 4271 333 4327 Creua.
353 4277 470 4340 (Histor.
484 4277 584 4327 Kuust.
602 4293 630 4340 p.
650 4276 699 4328 138
716 4277 780 4344 sq),
834 4281 903 4332 citur
915 4281 1045 4332 Persicis.
1063 4280 1259 4346 1113111111.
1279 4280 1298 4331 l.
1313 4280 1332 4329 l.
1352 4295 1379 4343 p.

237 4341 310 4396 unde
326 4345 442 4412 posthac
459 4361 492 4396 ea
510 4346 588 4396 fluxit
606 4345 780 4411 significatio,
834 4351 864 4401 ll
895 4365 954 4415 sqq.
985 4351 1076 4417 Heyse
1109 4353 1235 4414 Quaestt.
1265 4365 1291 4414 p.
1319 4348 1378 4400 104.

238 3231 425 3282 chronicorum
433 3233 634 3300 Rhaeticorum,
651 3253 721 3303 quae
736 3253 783 3288 au-

239 3307 314 3352 ctore
325 3301 424 3353 Gulero
444 3302 477 3353 de
490 3303 606 3357 Wineck
623 3305 783 3372 prodierunt

238 3371 333 3422 Turioi
360 3371 468 3424 Helvet.
492 3374 577 3438 roro,
614 3375 730 3442 aliisque
754 3377 782 3426 iu

237 3439 313 3492 libris
335 3441 512 3494 Helvetorum
542 3446 674 3496 chronicis
706 3445 782 3496 ohar-

237 3511 327 3576 tisque
341 3515 457 3564 vetustis
470 3514 543 3579 apud
555 3515 625 3567 Rud.
639 3515 779 3566 Hauhart:

235 3581 420 3649 Erudhlungg.
437 3599 486 3635 eus
500 3584 779 3651 d.Schweizergesch.
