3032 4916
235 271 296 334 τοο
660 251 933 334 'nsnonorr

237 447 433 536 Δήμητρος,
453 443 576 534 ἀπέχον
590 452 646 534 τῆς
661 445 774 525 πόλιος
793 455 897 514 εἰκοσι
914 451 1086 524 σταδίους.
1108 447 1163 514 καὶ
1180 435 1276 526 αὖτις
1289 441 1366 512 ὀπί-

171 560 228 620 123
236 571 284 619 σω
299 554 335 619 ἐκ
348 556 408 620 τοῦ
423 547 649 638 ἰροῦἆπάγειυ
662 579 721 638 μιν
735 547 811 629 τούς
826 549 950 629 λύκους
960 551 993 630 ἐς
1003 545 1110 618 τώυτὸ
1123 555 1257 638 χωρίου.
1291 555 1366 618 Toi-

214 677 219 682 ·
236 676 269 722 σι
284 657 347 742 μέν
359 683 426 723 υυυ
439 649 498 722 ὑπ’
510 661 708 740 Αἰγυπτίων
719 655 925 741 λεγομένοισι
939 653 1089 742 χράσθω,
1107 649 1189 744 ὅτεῳ
1199 650 1239 721 τὰ
1252 657 1367 720 τοιαῦ-

236 785 276 827 τα
290 757 421 827 πιθανά
437 761 523 826 ἐστι·
551 759 623 845 ἐμοὶ
638 757 674 826 di
690 755 779 846 παρὰ
793 757 901 826 πάντα
914 753 973 826 τὸυ
986 756 1087 844 λόγον
1099 752 1293 841 ὑπόκειται,
1317 751 1369 824 ὅτι
1449 805 1470 834 ,.

237 943 300 977 orco
319 931 463 992 cognatum
486 926 574 974 visum
598 930 653 986 est,
678 930 706 975 et
730 941 776 975 no·
827 925 1041 976 inlrsnclucern.
1069 925 1148 975 Unde
1163 925 1298 976 ducuntur
1314 925 1369 990 pri-

237 997 339 1047 oturnis
357 1001 463 1046 tentum
482 996 583 1046 umbris
595 995 725 1046 confisum
741 995 775 1044 ab
827 995 932 1044 mordis
942 995 1072 1046 festorum
1087 996 1198 1045 rituum.
1235 994 1369 1046 Sacerdos

235 1067 283 1115 ills
306 1067 421 1116 obscure
450 1066 574 1131 regione,
602 1065 666 1116 solis
692 1064 775 1115 rudils
827 1063 956 1130 obligetis
975 1064 1059 1116 oculis
1085 1065 1202 1115 mittitur
1223 1065 1258 1115 od
1277 1065 1369 1114 ionum

234 1137 423 1201 impervie,ad
439 1141 559 1186 nostrum
569 1136 776 1186 mundumcom-
827 1134 909 1184 Isidis
925 1135 983 1184 sive
1002 1135 1117 1184 Cereris.
1153 1136 1264 1185 Ducunt
1287 1139 1314 1184 et
1330 1150 1370 1183 re-

235 1221 334 1256 rneure.
361 1208 454 1271 lpum
467 1221 572 1272 qnoque
585 1206 719 1256 Osiridenr
734 1220 776 1254 ss·
827 1205 929 1254 ducunt
942 1203 1075 1269 binilupi.
1112 1203 1370 1255 Heeconrnisnilril

236 1281 344 1342 sumpte
364 1276 420 1342 lupi
444 1277 535 1340 specie
559 1277 593 1326 sb
617 1276 712 1326 Inferis
736 1289 776 1324 re·
827 1274 902 1324 eliud
933 1275 1080 1340 loquuntur
1109 1289 1190 1340 quern
1217 1274 1369 1324 doctrinam

236 1347 319 1396 diisso
331 1346 386 1398 Oro
399 1345 561 1410 opitulatum
575 1345 706 1395 adversus
722 1345 776 1409 Ty·
827 1343 901 1394 illem
920 1344 1106 1406 sacerdotum,
1124 1345 1159 1394 ub
1173 1344 1313 1394 Herodoto
1326 1361 1370 1394 ex-

235 1416 365 1481 phonem,
394 1417 465 1465 inter
488 1429 601 1466 oeussss
624 1415 682 1480 lupi
705 1413 776 1479 opud
826 1414 955 1479 plicatam
975 1415 1098 1480 sequenti
1115 1415 1204 1478 cupite
1223 1413 1271 1477 (II,
1295 1414 1368 1478 123):

235 1486 385 1552 Aegyptios
403 1486 554 1535 consecrati
572 1491 665 1534 narret
678 1483 778 1534 Diodo-
827 1483 951 1534 nimirum
983 1499 1040 1535 esse
1067 1483 1170 1534 dominis
1198 1487 1305 1533 aninam
1328 1487 1368 1535 irn-

234 1571 280 1606 rue
299 1555 321 1617 I,
343 1554 378 1605 88
396 1554 456 1605 coll.
471 1555 568 1619 syres.
583 1555 616 1605 de
631 1554 736 1620 provid.
753 1554 775 1602 1.
827 1557 968 1618 mortalem,
996 1555 1044 1604 sed
1069 1557 1175 1604 alternis
1196 1554 1290 1604 uicibrn
1311 1557 1370 1605 illuc

235 1641 298 1690 pag.
322 1625 381 1676 115.
418 1625 490 1674 Ηίοο
514 1625 595 1674 etiam
623 1629 678 1686 est,
706 1623 776 1688 qnod
828 1625 982 1688 descendere
1001 1626 1025 1672 in
1037 1623 1145 1673 obseura
1157 1639 1237 1688 repnc
1256 1625 1369 1674 Gerais-

234 1695 327 1759 lupum
347 1693 463 1744 Osiridis
480 1694 560 1745 inferi
581 1693 732 1758 symbolum
750 1697 778 1742 et
827 1693 905 1744 Isidis
924 1695 1029 1758 indeque
1049 1695 1144 1743 reverti
1165 1695 1191 1742 in
1217 1693 1282 1743 lanc
1302 1696 1370 1743 sitne

235 1767 372 1816 οουυοονοίί
388 1765 593 1829 interutrosque
610 1765 720 1825 mundos,
737 1779 778 1812 eu·
828 1763 932 1812 lucen.“
968 1763 1038 1813 Add.
1053 1762 1177 1814 Creuzer.
1195 1759 1370 1829 Symbol'II,

234 1851 322 1898 perron
346 1840 373 1884 et
394 1835 513 1897 inferrer,
537 1839 594 1884 tum
619 1834 647 1883 in
672 1832 777 1882 duobus
828 1848 892 1898 pag.
912 1833 959 1883 141
980 1848 1056 1898 seqq.
1076 1833 1124 1885 531
1146 1849 1221 1898 seqq.
1243 1833 1286 1885 ed.
1306 1837 1368 1884 tert.

236 1904 400 1970 anaglyphis
418 1905 502 1954 musei
520 1904 651 1969 Borgieni
676 1919 708 1952 ex
727 1903 778 1952 Ae·

236 1975 338 2040 gyptiis
358 1975 459 2039 cryptis
477 1973 589 2034 ablutis,
609 1979 664 2023 tum
678 1974 706 2022 in
717 1971 777 2022 obe-

235 2045 296 2095 lisci
314 2045 425 2109 cuspide
437 2044 634 2094 Wanstedieno
651 2057 731 2108 super
741 2042 778 2092 si-

236 2113 356 2165 mulscro
369 2113 494 2175 Osiridis,
511 2129 589 2179 quem
601 2114 778 2163 circumsten-

236 2190 277 2234 tes
296 2185 412 2234 adorent
434 2188 461 2233 et
484 2183 563 2234 donis
588 2183 713 2247 placent,
733 2196 777 2230 eo-

237 2255 297 2304 dem
316 2269 368 2319 quo
387 2254 415 2302 in
432 2253 540 2302 muniis
557 2253 652 2308 habitu
668 2265 777 2316 expres-

236 2339 295 2373 sum
314 2322 550 2388 conspicimus.““
586 2323 663 2372 Haec
686 2323 778 2384 Zoegs

236 2393 387 2442 verissime.
428 2393 485 2441 Nec
509 2392 598 2440 minus
627 2395 702 2441 recte
730 2389 777 2439 elii

236 2462 288 2510 viri
314 2461 388 2511 docti
415 2460 493 2525 lupos
516 2461 543 2510 in
568 2461 675 2510 mumiis
694 2460 777 2525 gemi-

236 2535 317 2581 ustos
342 2546 390 2595 pro
416 2531 564 2580 inferorum
588 2528 658 2593 (sive
680 2531 778 2579 Arnen·

236 2599 302 2664 this)
334 2599 492 2650 custodibus
521 2600 669 2662 accipiunt.
712 2598 775 2648 Vid.

236 2669 351 2721 Becker.
369 2669 398 2719 in
414 2670 530 2735 August.
551 2669 604 2720 vol.
624 2669 646 2720 I.
668 2669 702 2718 sd
719 2668 776 2719 tub.

237 2741 260 2802 I,
279 2740 419 2804 Boettiger
443 2739 482 2789 in:
507 2739 651 2790 Archaeol.
675 2738 700 2788 d.
720 2739 777 2788 Ms-

236 2811 303 2861 lerei
326 2811 348 2861 I.
377 2825 439 2874 pag.
465 2810 508 2860 55.
533 2809 575 2860 63.
601 2811 642 2862 65.
684 2810 778 2874 Neque

235 2896 300 2932 vero
314 2879 491 2931 omittendum
502 2879 616 2930 alterum
630 2879 706 2940 Illud,
722 2883 777 2928 tam

236 2962 342 3002 sucrum
356 2951 440 3000 tuisse
451 2949 542 3014 lupum
553 2949 713 3015 quibusdem
728 2950 779 2998 Ae-

236 3021 348 3087 gyptiis,
375 3027 405 3069 ut
428 3019 537 3070 herbam
563 3033 669 3085 quoque
691 3019 715 3068 ei
733 3019 778 3068 be-

237 3092 307 3142 stiae
330 3090 464 3140 letiferam
489 3091 515 3140 in
538 3095 625 3140 terres
649 3103 712 3138 sues
731 3089 778 3138 im·

237 3161 340 3225 portari
355 3159 538 3224 prohiberent.
566 3159 659 3222 (Ocni.
671 3157 776 3208 helien.

236 3229 315 3280 III.
327 3231 375 3290 IX,
395 3229 449 3294 18.)
485 3230 573 3294 Igitur
591 3233 668 3279 erent
687 3229 714 3277 in
727 3229 778 3278 Ae·

238 3303 335 3364 gypto,
360 3299 406 3364 qui
430 3301 562 3364 percitum
581 3298 682 3348 vellent
703 3297 776 3362 lupo,

237 3373 332 3433 utpote
354 3369 485 3419 bonorum
504 3369 585 3418 etiem
607 3368 717 3417 deorum
735 3382 778 3417 ss·

237 3454 300 3490 erse
323 3439 436 3489 bestiae.
479 3439 550 3500 Quid
574 3438 701 3503 quoeris?
729 3437 778 3486 Su·

828 1902 888 1953 coll.
907 1904 1027 1953 Heeren.
1053 1903 1136 1954 Idecn
1154 1903 1191 1965 II,
1212 1906 1237 1953 t.
1261 1919 1288 1968 p.
1307 1903 1369 1954 201.

827 1973 896 2022 Inde
920 1972 955 2022 sd
979 1973 1130 2023 doctrinam
1151 1973 1185 2022 ds
1209 1977 1370 2038 metempsy-

828 2042 904 2092 chosi
927 2041 998 2092 hnnc
1020 2042 1140 2093 tabulam
1167 2042 1281 2092 reletsm
1306 2059 1370 2108 quo·

827 2127 879 2178 que
896 2111 983 2161 voluit
1000 2111 1118 2164 Euserio.
1136 2113 1240 2162 David:
1259 2113 1370 2177 Jupiter

827 2181 866 2232 11.
890 2197 952 2247 pag.
980 2181 1031 2233 348
1055 2197 1113 2248 seq.
1160 2182 1230 2232 Add.
1256 2181 1369 2232 Rivols:

828 2251 952 2302 Bacchus
974 2251 1030 2301 nud
1047 2251 1184 2302 Pentheus
1200 2251 1368 2316 (Cerlsrnlre.

831 2319 908 2386 1853)
928 2321 965 2371 II.
985 2337 1048 2386 pag.
1067 2321 1101 2372 29
1119 2337 1187 2387 seq,
1206 2323 1252 2386 qui
1280 2322 1313 2372 de
1331 2320 1369 2371 ln·

828 2405 923 2456 porum
941 2390 1143 2456 significatione
1159 2394 1187 2441 in
1208 2391 1307 2442 Isbulis
1324 2407 1369 2441 vc-

828 2465 915 2510 terum
929 2465 956 2510 et
974 2465 1100 2512 sccnrete
1118 2466 1145 2512 et
1159 2463 1268 2526 copiose
1280 2462 1370 2525 dispu-

829 2535 891 2580 tens
915 2530 983 2581 haec
1008 2546 1114 2597 quoque
1138 2532 1246 2596 arrigit,
1273 2532 1371 2582 Rhem-

829 2599 924 2665 psiniti
942 2601 1074 2652 descensu
1095 2601 1129 2650 cd
1148 2602 1249 2652 interos
1268 2601 1370 2650 reditu-

828 2685 881 2735 que
900 2669 934 2719 ad
955 2685 1067 2736 superos
1085 2671 1152 2721 nihil
1176 2671 1249 2721 eliud
1268 2671 1371 2736 signiti-

828 2741 885 2790 ceri
899 2744 975 2790 retus
989 2741 1041 2790 nisi
1054 2742 1138 2790 totius
1155 2745 1270 2790 naturae
1285 2755 1371 2806 coque

827 2826 860 2860 ec
869 2810 1034 2876 singulorum
1043 2809 1178 2861 hominum
1187 2811 1272 2861 vitem
1285 2815 1371 2860 morte

829 2880 992 2930 exstinctum
1015 2885 1043 2930 et
1066 2895 1099 2931 ex
1123 2887 1208 2932 morte
1230 2881 1266 2930 sd
1285 2882 1371 2930 vitum

828 2949 953 3000 redItum.
1007 2951 1043 2999 Et
1079 2952 1150 3001 coni.
1188 2951 1269 3001 etinm
1305 2951 1370 3001 Hei-

828 3019 926 3070 necke:
950 3021 1052 3070 Homer
1075 3037 1102 3070 u.
1126 3022 1243 3086 Lycurg.
1262 3037 1288 3084 p.
1312 3022 1370 3070 teti.

828 3118 862 3126 —
875 3090 939 3139 Mox
955 3089 1064 3141 restitui
1081 3087 1185 3156 sinoce,
1205 3097 1235 3140 ut
1253 3089 1291 3154 II,
1313 3091 1370 3152 121,

828 3159 875 3210 ubi
892 3159 949 3210 vid.
967 3165 1037 3212 nott.

989 3331 1055 3383 Cer.
1077 3331 1204 3383 CXXIII.

862 3428 923 3499 ἐμοὶ
945 3429 976 3484 di
999 3426 1077 3499 παρὰ
1097 3426 1192 3484 πάντα
1209 3427 1260 3485 τὸυ
1285 3429 1371 3501 λόγον

236 3524 330 3575 perum
342 3508 511 3572 iulernmque
523 3512 729 3559 commentorem
740 3506 778 3556 lu·
828 3494 978 3554 ὑπόκειται
995 3520 1021 3555 n.
1034 3521 1058 3554 e.
1072 3503 1108 3572 1,)
1127 3505 1155 3556 id
1172 3509 1227 3556 est:
1244 3505 1301 3556 criti
1310 3523 1371 3558 nero

237 3595 299 3646 pum
329 3583 357 3628 et
385 3578 513 3642 Aegyptii
537 3581 720 3643 agnoverunt,
751 3580 778 3626 et
828 3580 853 3625 in
868 3577 932 3626 omisi
947 3575 996 3624 Iao
1019 3577 1167 3624 recreatione
1190 3577 1218 3626 id
1235 3579 1372 3640 inpositurn

238 3651 403 3700 Graecorum
421 3648 454 3704 ii,
473 3647 519 3712 qui
530 3646 649 3712 ApoIIIni
662 3646 779 3695 Disnsc·
830 3653 883 3700 eet.
903 3652 943 3708 ut,
962 3660 1026 3708 quae
1044 3661 1060 3694 ο
1078 3647 1181 3710 sinyuiis
1199 3653 1309 3696 narrata
1327 3663 1372 3697 nrt·

237 3735 289 3785 que
308 3719 467 3768 dicaverunt
486 3716 553 3767 illud
571 3713 681 3766 enimsi.
695 3715 779 3764 Nimi·
829 3715 887 3776 diui,
905 3715 1020 3765 scribam.
1048 3715 1159 3766 Retinui
1170 3705 1221 3764 ὑπ’
1237 3705 1370 3773 ἑκάστου,

238 3805 296 3839 rum
319 3788 387 3838 lucis
413 3802 552 3838 secessum
576 3791 603 3836 et
626 3799 778 3849 regressum
830 3784 907 3834 ouius
930 3783 989 3834 loco
1010 3785 1162 3866 Schweiqh.
1188 3790 1215 3836 ct
1232 3785 1370 3837 Gsisiord.

238 3873 298 3910 curn
321 3858 487 3924 quotidicnrcn
516 3861 572 3906 tum
600 3871 705 3904 nrmuum
728 3854 779 3904 hoc
830 3857 990 3918 receperunt
999 3843 1071 3916 cirtio
1082 3845 1219 3916 ἕκαστον,
1238 3855 1297 3906 sine
1315 3854 1372 3906 ido·

239 3927 362 3993 symbolo
388 3926 552 3977 declaratum
576 3925 718 3974 voluerunt
734 3939 779 3973 ve·
831 3939 882 3973 nes
905 3938 1003 3986 ceusu,
1028 3929 1061 3973 nt
1081 3924 1146 3974 mihi
1170 3923 1277 3988 quidem
1299 3925 1373 3975 vide·

240 4003 311 4047 teres
334 3997 500 4047 secerdotes.
541 3995 676 4058 Quocirca
698 3993 779 4043 etiem
831 3997 885 4042 tur.
908 3984 1220 4044 Matthiceretinuitirn'
1237 3984 1371 4056 indetur,

241 4065 276 4115 ud
300 4067 366 4115 uitae
392 4070 526 4131 mortisque
549 4067 636 4128 creperi
657 4064 780 4128 inferique
831 4063 1370 4128 itemquereceuti.eddprobnnteBern-

241 4135 323 4183 nundi
340 4137 454 4185 alternae
476 4138 542 4186 vires
564 4134 691 4184 traducto
713 4133 780 4182 hoec
830 4131 932 4195 hurdyo
950 4133 978 4181 in
995 4134 1042 4186 Gr.
1061 4134 1175 4198 Syntcx.
1193 4149 1256 4198 pag.
1274 4137 1326 4185 244
1344 4138 1371 4184 ct

242 4209 346 4252 tessere
364 4208 413 4252 est.
450 4204 537 4269 quue
555 4206 612 4267 ipsa
629 4205 674 4253 ilia
690 4203 780 4264 sabula
830 4201 946 4252 Bredov.
966 4217 1030 4266 peg.
1051 4202 1111 4254 20⁰.
1148 4203 1189 4252 lld
1205 4194 1279 4267 ἀκοῇ
1297 4205 1370 4254 coni.

241 4271 408 4332 Rhampeiniti
437 4281 542 4336 spectat.
595 4272 781 4323 Descendsrst
831 4275 901 4321 nott.
927 4271 972 4323 ed.
997 4273 1035 4334 II,
1058 4272 1101 4323 211.
1138 4272 1280 4321 Caeterum
1303 4273 1371 4322 haec

242 4355 289 4390 rex
313 4341 348 4389 sd
372 4340 488 4405 interos,
520 4342 636 4406 indeque
662 4340 780 4392 redteret
830 4339 914 4390 verbe
935 4346 962 4391 ct
980 4357 1051 4408 quae
1069 4341 1189 4407 proxime
1207 4341 1372 4393 antecedunt
