3032 4916
526 295 773 360 EU'ruul‘u.
798 297 841 357 ΙΙ.
866 309 925 362 100.
1234 303 1297 362 645

164 477 251 559 ilico
264 465 378 539 ἄλλων
390 469 558 556 βασιλέων
578 475 780 561 τριηκοσίων
797 497 832 541 re
847 474 903 542 ael
917 471 1096 564 τριήκοντα
1117 470 1296 564 οὐνόματα.

165 687 241 724 seras
261 685 369 733 sacras,
394 669 478 734 ritus,
501 669 706 738 disciplinarum
755 675 871 726 tinuisse
886 678 973 740 putat,
992 675 1039 727 sed
1054 675 1088 726 ad
1102 676 1196 741 templi
1212 680 1240 728 et
1255 691 1297 728 sa·

165 744 310 809 praecepta
319 754 456 790 sacrarum
463 741 706 808 perscriptaiuisse
756 761 862 796 crorum
888 761 947 808 res,
966 761 1027 796 cum
1047 747 1231 812 unusquisque
1250 761 1298 798 rex

165 811 265 862 inillis
284 807 480 873 voluminibus,
505 827 599 862 verum
622 814 705 863 etiam
755 829 852 865 munus
877 815 1021 880 auspicans
1049 815 1128 866 initia
1149 816 1227 882 quasi
1253 831 1298 867 ao·

164 881 308 942 historias,
327 883 415 945 etpro
430 881 562 932 annalibus
578 899 704 948 magnam
756 885 859 949 ceperit
876 885 904 934 in
922 885 1023 950 templo
1039 885 1154 951 indeque
1166 890 1297 951 tanquam

164 957 269 1017 partem
287 949 413 999 habenda
431 965 491 1000 esse
510 966 555 1014 ea,
574 967 641 1016 quae
659 969 705 1018 pe·
756 954 883 1005 sacerdos
897 955 925 1004 iu
936 953 1007 1005 hunc
1025 953 1122 1005 librum
1135 969 1242 1006 sacrum
1257 971 1298 1006 re-

164 1022 224 1088 pyri
241 1019 304 1070 illae
317 1019 478 1071 habueruut.
508 1021 705 1087 ludeproclivs
755 1023 827 1074 letus
846 1023 936 1074 tuerit.
962 1024 1096 1090 Equidem
1108 1023 1204 1074 librum
1216 1023 1297 1088 hunc,

168 1098 209 1142 est
222 1090 255 1141 ed
273 1088 490 1154 intelligendum,
509 1105 556 1140 cur
568 1091 705 1142 Diodorus
756 1110 789 1144 ex
808 1109 861 1159 quo
877 1093 987 1143 uomina
1004 1099 1031 1143 et
1054 1095 1240 1145 successiones
1257 1109 1297 1145 re-

104 1219 106 1223 ,
164 1163 187 1224 Ι,
206 1160 240 1213 50
264 1173 307 1209 res
328 1159 490 1210 Sesostridie
513 1161 623 1212 uberius
647 1177 706 1228 per·
756 1179 819 1229 gum
843 1163 985 1214 Herodoto
1009 1161 1190 1228 praelegerint
1208 1179 1297 1213 sacer-

165 1237 274 1282 secutus
287 1229 332 1292 sit,
348 1229 457 1280 brevius
469 1230 635 1282 Herodotus.
659 1231 706 1282 Ni-

166 1301 261 1352 mirum
280 1299 304 1349 si
319 1303 439 1363 statuas,
462 1313 476 1348 e
495 1300 641 1352 maioribus
659 1316 706 1352 ro-

164 1369 311 1422 luminibus
322 1368 420 1419 hausta
432 1383 490 1419 esse
500 1385 540 1433 aa,
560 1385 630 1436 quae
642 1372 707 1422 Dio-

167 1443 248 1492 dorus
260 1439 433 1490 memorando
447 1439 602 1504 audiverat,
621 1441 707 1491 ebre-

165 1509 286 1562 rioribus
301 1513 391 1560 autem
401 1509 535 1572 lectitata,
551 1525 621 1574 quae
633 1510 707 1576 apud

165 1580 333 1632 Herodotum
346 1578 432 1629 relata
445 1583 522 1629 sunt:
538 1578 637 1630 dehent
646 1596 707 1646 pro-

165 1651 228 1702 inde
245 1649 387 1714 utriusque
409 1650 579 1700 narrationes
604 1649 707 1700 censeri

167 1719 581 1772 etidaaanaiimnsaeerdotaiiam.
603 1719 708 1770 Deinde

166 1805 236 1856 quae
253 1788 344 1839 verbis
361 1793 472 1838 narrate
490 1789 617 1852 leguntur
635 1790 707 1854 apud

165 1865 310 1924 utrumque
325 1859 497 1923 scriptorem,
523 1858 616 1909 eadem
634 1875 708 1924 pror·

167 1945 223 1992 sus,
239 1928 283 1979 vel
296 1943 329 1978 ex
340 1931 418 1993 perte
430 1927 510 1978 valde
521 1928 630 1990 similis,
643 1945 707 1978 ana-

167 1998 268 2066 glypha
286 1998 457 2048 exhibentia
475 1999 624 2064 parietibus
641 2003 708 2048 tem-

166 2070 272 2137 plorum
305 2067 522 2134 palatiorumque
558 2067 708 2134 exsculpta.

168 2141 228 2204 Quo
239 2153 272 2188 ee
282 2138 433 2204 pertinent,
452 2153 521 2204 quae
535 2137 563 2188 in
576 2139 638 2188 vico
650 2139 708 2188 Me-

168 2207 300 2260 diustabu
322 2207 447 2257 visuntur
471 2209 616 2274 aeneisque
632 2208 709 2258 tabu·

167 2278 202 2329 lis
216 2277 322 2328 reddita
335 2277 481 2328 exstantia
493 2293 573 2344 opere
586 2277 707 2328 laudato.

167 2348 209 2400 Ad
225 2363 257 2398 ea
270 2347 343 2398 coni.
362 2361 431 2413 quae
450 2347 549 2399 ibidem
565 2353 708 2399 mouentur

167 2419 202 2469 ab
212 2417 360 2469 editoribus
378 2416 433 2468 vol.
453 2417 490 2468 11.
510 2433 571 2483 oep.
590 2418 616 2470 9.
638 2422 706 2468 sect.

107 2549 111 2556 ⁵
169 2490 194 2540 1.
212 2505 239 2554 p.
263 2487 297 2539 60
322 2503 396 2554 seqq.
430 2488 506 2549 Quae
528 2488 639 2540 tabulae
662 2488 707 2539 ad·

166 2557 301 2609 bibendae
330 2563 393 2608 sunt
418 2558 558 2608 Herodoto
582 2559 621 2609 11.
646 2573 707 2623 cap.

169 2629 218 2680 102
238 2627 333 2694 seqq.“
367 2625 442 2678 Idem
465 2634 562 2692 postea
584 2630 611 2677 in
630 2628 708 2693 Sym-

166 2698 222 2750 bol.
248 2699 296 2748 1v.
318 2697 435 2762 praeiet.
461 2713 524 2762 pag.
549 2695 629 2748 VIII.
649 2702 706 2748 not.

168 2767 210 2818 ed.
230 2767 287 2818 sed.
306 2766 352 2828 (T.
373 2767 411 2816 11.
435 2782 499 2832 pag.
517 2767 569 2818 203
587 2783 644 2831 seq.
663 2766 707 2818 ed.

168 2836 244 2902 tert.)
267 2841 358 2886 monet
382 2837 523 2900 Aegyptiis
546 2837 631 2885 tuisse
648 2851 708 2886 car·

168 2906 242 2955 mina
272 2905 348 2969 epioe
376 2919 399 2953 s.
426 2905 586 2958 traditiones
616 2919 710 2955 secuu-

169 2973 709 3024 dumsacerdotumsuccessionesetl’ha-

169 3057 280 3092 raouum
299 3042 441 3108 dynastiae
465 3043 620 3105 ordinatae,
642 3057 709 3109 quas

168 3113 242 3177 ipsas
262 3111 402 3162 Herodoto
426 3127 459 3162 ex
482 3113 525 3162 his
550 3113 710 3163 saansaan

166 3184 320 3246 papyraceis
341 3179 522 3246 praelegerint
542 3183 708 3234 secerdotes.

168 3252 226 3302 Neo
244 3265 345 3300 meram
362 3250 503 3301 historiam
520 3251 575 3302 illis
598 3257 708 3302 conteu-

170 3326 225 3371 tam
237 3320 336 3384 fuisse,
355 3319 403 3371 sed
419 3321 708 3373 multauiiaadmixta.

170 3389 324 3456 „Vieimehr
351 3405 442 3440 waren
469 3391 543 3442 diese
565 3391 710 3457 cpisch-hi-

170 3459 321 3512 storiscbeu
333 3457 591 3527 Ueberlieierungen
605 3461 710 3512 rielsril-

170 3532 211 3598 tig
228 3531 277 3580 mit
296 3527 380 3593 jeueu
401 3529 548 3596 religiiisen
565 3531 709 3598 Legenden

170 3599 326 3652 durchwebt
336 3599 390 3649 und
405 3599 551 3664 gleichsam
564 3602 611 3650 nsit
625 3603 710 3651 einem

171 3669 366 3736 allegorischen
399 3669 493 3720 Faden
528 3670 709 3736 durchaogen.

170 3741 253 3792 Nicht
269 3739 366 3791 audere
390 3755 447 3792 war
470 3755 499 3792 es
522 3740 567 3790 hei
593 3739 645 3790 den
668 3741 711 3790 In-

172 3811 262 3873 diem,
279 3810 330 3860 wie
345 3811 486 3876 Rameyen
508 3809 564 3860 und
582 3809 711 3861 Maheha-

171 3885 214 3931 ret
233 3881 342 3946 aeigen3
366 3879 442 3931 nicht
464 3881 562 3931 andere
580 3879 649 3930 auch
667 3880 711 3930 bei

172 3949 223 4000 den
241 3950 373 4001 Griecheu
389 3951 432 4000 bis
451 3967 484 4000 ru
502 3949 554 4001 den
573 3949 711 4000 Ueberlie-

171 4021 302 4090 ierungen
319 4033 373 4070 von
386 4019 438 4072 den
451 4019 711 4072 Herakliden·Wan-

172 4089 309 4155 demngen
332 4090 446 4141 herab.“
472 4119 506 4133 -
531 4091 576 4142 Sic
604 4105 711 4156 qnoque

172 4158 333 4209 Saalschiita
353 4159 421 4224 (Zur
439 4160 531 4210 Kritik
547 4159 709 4210 Manetho's.

171 4228 353 4294 Ktiuigshsrg.
376 4229 451 4281 1851.
475 4247 501 4296 p.
522 4231 534 4280 l
553 4229 621 4296 seq.)
640 4229 711 4278 hunc

171 4295 278 4360 librum,
300 4314 378 4363 quem
396 4299 496 4350 Noster
513 4299 541 4349 h.
559 4298 579 4349 l.
599 4313 712 4349 comme·

172 4371 275 4430 morat,
294 4383 348 4418 nou
362 4371 418 4420 tam
437 4369 472 4420 sd
489 4365 629 4418 historiam
653 4383 711 4434 per·

756 1233 847 1296 dotes,
867 1247 922 1282 uon
939 1238 996 1284 tam
1011 1233 1131 1283 carmina
1141 1247 1238 1298 resque
1254 1249 1297 1283 sa-

757 1317 818 1354 cras
842 1303 1008 1352 continuisse
1032 1301 1155 1365 credam,
1180 1303 1229 1353 sed
1253 1319 1293 1353 eo·

757 1389 815 1422 rum
837 1387 870 1422 ex
893 1387 991 1437 genere
1014 1372 1112 1434 luisse,
1137 1373 1183 1438 qui
1207 1373 1298 1438 singu·

757 1442 843 1493 lorum
856 1457 950 1508 regum
968 1443 1079 1492 nomina
1092 1455 1189 1508 resque
1204 1447 1297 1508 gestas

759 1512 852 1563 ordine
870 1511 1061 1578 chronologico
1076 1527 1092 1562 a
1110 1512 1298 1563 sacerdotibus

758 1585 867 1631 notatas
885 1583 1069 1632 continuerint
1086 1581 1201 1647 indeque
1216 1597 1298 1632 anua·

757 1651 868 1702 leslihri
884 1652 942 1701 iure
953 1652 1046 1702 vocari
1061 1657 1175 1717 queant,
1196 1651 1229 1702 de
1241 1653 1299 1718 qui-

757 1721 809 1771 hus
818 1721 894 1771 libris
908 1720 986 1786 plura
996 1721 1133 1772 Diodorus
1151 1723 1173 1784 1,
1188 1723 1221 1772 44
1235 1721 1297 1772 coll.

759 1791 833 1854 XVI,
852 1792 1004 1856 512neque
1023 1791 1148 1854 dubium,
1166 1791 1229 1841 inde
1249 1792 1298 1841 du·

759 1866 818 1911 ctos
842 1875 903 1910 esse
925 1859 1029 1912 indices
1049 1860 1110 1911 illos
1133 1877 1226 1926 regum
1248 1861 1299 1914 Ae·

759 1931 913 1996 gyptiornm
931 1930 1102 1981 Manethonis
1125 1946 1191 1980 eure
1209 1945 1299 1981 serva-

759 2007 816 2051 tos:
841 2004 936 2050 nostra
953 2015 1018 2050 vero
1041 2005 1131 2051 aetate
1154 2000 1232 2065 plura
1248 2001 1298 2052 hu-

759 2069 1299 2136 iuscemodivolumiuspapyracea,quae

759 2145 787 2190 et
807 2140 916 2189 nomina
944 2145 971 2190 et
996 2141 1182 2191 successiones
1206 2155 1299 2206 regum

759 2209 925 2275 singulorum
943 2209 1066 2276 adeoque
1081 2225 1124 2260 res
1142 2210 1176 2260 ab
1192 2209 1236 2261 his
1254 2225 1300 2274 ge-

760 2285 817 2330 stes
832 2279 985 2343 declarant,
1008 2285 1085 2331 erute
1098 2282 1182 2346 etque
1199 2277 1227 2328 iu
1245 2281 1300 2330 Eu·

759 2363 853 2416 ropsm
878 2349 970 2400 delata
998 2365 1058 2400 esse
1084 2351 1152 2400 satis
1180 2353 1299 2412 constat,

759 2421 830 2469 inter
848 2433 918 2484 quae
932 2421 1069 2486 egregium
1083 2419 1149 2470 illud
1163 2417 1299 2482 volumen,

759 2488 830 2556 quod
841 2489 954 2540 Taurini
967 2505 1039 2541 nunc
1050 2494 1216 2552 asservatur,
1230 2505 1300 2539 com-

759 2573 923 2609 memorasse
937 2559 1071 2622 sufficiat,
1090 2560 1209 2625 itemque
1227 2559 1300 2608 Lon-

759 2629 896 2690 dineusia,
916 2628 949 2679 de
968 2630 1065 2694 quibus
1084 2630 1156 2679 coni.
1189 2627 1248 2678 The
1262 2627 1300 2676 hi-

758 2697 869 2748 storicei
889 2699 984 2764 papyri
1005 2697 1036 2747 oi
1055 2697 1101 2748 the
1122 2697 1220 2747 british
1242 2698 1301 2747 Mu·

761 2783 852 2830 esum,
881 2765 968 2818 Lond.
994 2767 1059 2817 1841
1086 2783 1152 2832 scq.,
1176 2767 1298 2816 Buusens

760 2839 917 2902 Aegyptene
936 2835 1019 2888 Stella
1032 2841 1084 2887 etc.
1103 2836 1125 2884 1.
1145 2851 1171 2901 p.
1190 2835 1224 2886 26
1242 2849 1301 2898 seq.

760 2907 794 2959 60
813 2921 887 2971 seqq.
906 2907 940 2958 82
960 2921 1044 2971 seqq,
1065 2905 1194 2969 Lepsios:
1218 2902 1301 2952 Chro-

760 2976 815 3026 nol.
842 2976 869 3026 d.
893 2976 1010 3042 Aegypt.
1033 2975 1056 3026 1.
1081 2989 1109 3039 p.
1133 2973 1166 3024 38
1190 2987 1245 3037 seq.
1267 2971 1317 3022 50·

759 3061 886 3163 ΕΘ(00οιιιν
896 3109 1021 3180 βασιλέα)
1029 3127 1045 3159 ν
1056 3107 1227 3174 τριηκοσίων
1237 3124 1262 3158 ιι.
1276 3123 1300 3160 τ.

759 3181 796 3248 4.]
808 3179 955 3250 βασιλέων
964 3197 1024 3231 cum
1036 3185 1150 3230 recentt.
1162 3179 1224 3232 edd.
1238 3179 1303 3230 scri·

759 3253 802 3319 psi
832 3269 879 3318 pro
910 3243 1070 3318 βασιλήων.
1112 3251 1145 3301 ln
1167 3253 1227 3316 ipso
1254 3265 1302 3300 nu-

760 3339 834 3373 mero
858 3325 1041 3372 trecentorum
1069 3321 1185 3386 triginta
1208 3335 1301 3385 regum

760 3393 831 3443 haud
844 3392 924 3458 plane
942 3389 1079 3441 consentit
1090 3391 1236 3451 Diodorus,
1256 3389 1302 3454 qui

760 3463 880 3528 potiores
908 3465 1015 3511 tautum
1040 3473 1118 3525 reges
1143 3473 1303 3510 commemo·

760 3547 836 3582 rasse
854 3532 972 3583 videtur.
1007 3529 1070 3580 Vid.
1090 3529 1113 3591 1,
1137 3531 1179 3581 45.
1205 3529 1247 3578 47.
1268 3527 1303 3578 50

762 3617 837 3668 seqq.
874 3603 969 3666 Neque
992 3598 1183 3649 Manethouem
1212 3597 1303 3648 admo·

762 3671 823 3722 dum
848 3687 865 3722 a
889 3671 989 3722 Nostro
1014 3668 1159 3719 dissentire
1189 3667 1303 3731 probare

762 3740 867 3792 studuit
882 3741 999 3791 Heereu.
1022 3737 1105 3788 Ideen
1128 3739 1166 3800 11,
1189 3739 1215 3786 2.
1238 3751 1302 3802 pag.

761 3813 812 3862 427
832 3825 889 3875 seq.
922 3810 998 3872 Quae
1016 3807 1087 3857 enim
1106 3823 1122 3857 a
1139 3805 1304 3856 Manethcne

762 3879 818 3946 (ap.
838 3877 956 3945 Syncell.
976 3893 1039 3942 pag.
1060 3879 1092 3928 52
1106 3877 1194 3942 seqq.)
1212 3890 1303 3925 reeen-

761 3955 855 3999 seutur
866 3947 1057 4014 septemdecim
1069 3961 1162 4012 regum
1174 3943 1303 4008 familias,

762 4019 867 4084 ipsique
891 4031 969 4083 reges
994 4015 1103 4066 ducenti
1127 4015 1303 4080 septuaginta

762 4103 824 4150 sex,
857 4087 1020 4138 convenient
1048 4101 1109 4136 cum
1139 4084 1302 4135 Herodotsis

762 4157 891 4209 trecentis
906 4157 1035 4222 triginta,
1053 4156 1076 4206 si
1094 4153 1207 4205 duanam
1225 4153 1303 4204 iami-

760 4227 871 4289 lierum,
896 4231 990 4277 sextae
1012 4240 1045 4276 ec
1068 4225 1201 4286 decimae,
1224 4238 1303 4290 reges

761 4297 834 4348 haud
846 4295 960 4346 indicari
972 4295 1044 4361 apud
1058 4294 1248 4346 Manethonem
1263 4309 1304 4343 re-

762 4367 913 4435 putaveris.
956 4366 1040 4431 Atqui
1063 4365 1204 4432 utriusque
1227 4363 1303 4414 tami·
