3088 4944
623 271 797 334 0L10.1.
821 282 882 337 180.

1257 271 1321 336 350

184 437 354 522 άσαότως.
392 447 460 512 ἔστι
487 443 525 513 δὲ
546 441 631 534 άλλη
651 444 746 525 πόλις
766 442 936 534 ἀπέχουσα
956 442 1042 516 duaci
1062 442 1215 536 ἡμερέων
1238 442 1320 518 ὁδόν

184 543 251 615 ἀπό
264 551 485 634 Βαβυλῶνος,
501 542 546 628 Ἲς
568 546 695 636 οὕνομα
715 545 811 638 αὐτῇ.
847 549 939 620 ἔνθα
949 551 1018 620 ἐστὶ
1038 549 1183 638 ποταμός
1198 547 1239 620 οὐ
1259 551 1317 638 μό·

183 677 262 738 ρας,
277 643 322 729 Ἲς
338 649 394 718 καὶ
414 656 461 744 τῷ
480 657 618 745 ποταμῷ
640 650 677 720 τό
697 649 840 742 οὔνομα·
863 652 1016 742 ἐσβάλλει
1037 654 1075 722 δὲ
1095 644 1192 735 οὗτος
1213 657 1247 735 ἐς
1259 651 1319 724 τόν

184 750 371 842 Εὐφρήτην
391 752 539 843 ποταμόν
558 753 595 824 τό
616 757 770 844 ῥέεθρον.
804 745 901 836 οὗτος
925 747 973 826 ἀν
991 752 1009 825 ό
1025 751 1071 838 Ἲς
1092 755 1236 846 ποταμός
1251 753 1318 845 ἅμα

183 862 231 950 τῷ
259 852 358 925 ὕδατι
390 856 562 946 θρόμβους
590 855 764 947 ἀσφάλτου
792 855 950 928 ἀναδιδοῖ
974 858 1137 947 πολλοὺς,
1166 867 1270 930 ἔνθεν
1296 853 1317 948 ἡ

185 956 354 1048 ἄσφαλτος
368 961 400 1039 ἐς
421 958 458 1030 τό
471 964 509 1030 ἐν
523 967 702 1048 Βαβυλῶνι
716 977 822 1050 τεῖχος
835 964 1009 1051 ἐκομίσθη.
1052 971 1237 1052 Τειείχιστο
1252 965 1314 1051 μέν
1327 975 1386 1038 180

185 1089 252 1131 νυν
273 1058 293 1152 ἡ
312 1061 479 1150 Βαβυλάν
499 1063 612 1160 τρόπῳ
633 1069 762 1157 τοιῷδε.
804 1070 873 1133 ἔστι
896 1065 934 1134 di
953 1065 1015 1134 δύο
1036 1065 1168 1156 φάρσεα
1182 1071 1240 1154 τῆς
1254 1064 1315 1134 πό-

186 1263 250 1310 suut
264 1267 351 1324 posces
366 1268 471 1324 portae,
488 1267 599 1314 auctore
617 1261 729 1314 Polluce
779 1263 888 1316 aliunde
906 1265 960 1316 nisi
985 1279 1018 1314 ex
1041 1265 1100 1330 ipso
1118 1265 1258 1316 Herodoto
1277 1265 1320 1314 de-

187 1331 330 1410 (Jnomast.
347 1331 371 1382 Ι.
390 1334 416 1394 ἕ.
434 1329 467 1380 70
483 1336 511 1382 et
527 1331 646 1397 Hesycb.
663 1347 686 1382 s.
700 1348 726 1382 v.
779 1340 904 1400 prompta
927 1333 1062 1385 videntur.
1103 1335 1205 1385 Nostra
1228 1337 1321 1384 aetate

186 1397 373 1464 υπέρθυρα
401 1400 542 1466 superiora
569 1406 665 1466 portae
695 1401 728 1450 li·
780 1405 826 1470 qui
838 1403 906 1455 haec
921 1403 983 1455 loca
999 1405 1188 1469 inspexerunt,
1207 1403 1274 1453 nihil
1287 1403 1321 1452 de

186 1470 274 1531 mina,
292 1471 506 1534 superliminaria,
525 1475 556 1520 ut
574 1471 640 1522 dicit
652 1473 729 1537 Wyt·
780 1474 862 1525 fluvio
888 1479 1013 1537 narrant,
1038 1474 1086 1524 sed
1108 1489 1213 1524 omnem
1234 1473 1321 1538 regio·

185 1539 347 1590 tenbacbius
382 1538 505 1604 (Selectt.
534 1539 673 1591 historice.
701 1558 726 1606 p.

186 1607 266 1676 354),
290 1609 355 1674 qnia
378 1615 442 1660 sunt
463 1609 557 1660 limina
579 1612 727 1676 superiore,

186 1679 285 1741 idest,
304 1684 459 1729 transverse
478 1694 556 1744 pars,
575 1695 644 1746 quse
662 1679 729 1730 duos

188 1753 280 1815 postes
295 1763 411 1814 superne
428 1749 529 1813 iungit,
548 1748 635 1798 limini
648 1764 730 1814 oppo-

188 1820 243 1868 sita
260 1823 343 1883 atque
358 1819 525 1869 ornamentis
540 1835 674 1883 promere
691 1819 730 1867 in-

188 1889 396 2009 pilgnlipepponf.
414 1888 573 2009 ςΙβῧοολιίολιοι·
591 1887 730 1938 Tektonilr

223 2000 228 2010 .
273 1995 280 2008 .
342 1993 349 2006 .
388 1995 395 2008 .
464 1973 493 2007 sc
514 1994 521 2008 .

214 2017 256 2084 Ἲς
283 1974 395 2091 οὔνομρα
422 1973 512 2092 οιότρβ]1
541 2026 593 2076 Vix
620 2025 731 2076 dubium

189 2112 249 2148 esse
266 2100 371 2161 potest,
397 2095 431 2145 ab
455 2095 596 2146 Herodoto
614 2111 674 2146 eam
692 2095 731 2145 in·

189 2167 275 2216 dicari
294 2165 404 2227 urbem,
424 2165 466 2216 cui
485 2181 557 2215 nunc
574 2181 672 2215 nomen
689 2171 731 2215 est

190 2237 250 2298 Hit,
274 2235 322 2284 ubi
342 2234 429 2286 adhuc
451 2234 541 2284 fontes
563 2235 611 2284 isti
633 2233 732 2285 fervidi

189 2321 223 2356 ac
231 2305 367 2354 fumantes
378 2305 499 2369 conspici
509 2303 644 2367 dicuutur,
660 2305 732 2368 ipsa-

189 2389 243 2440 que
260 2373 346 2436 lama,
365 2375 389 2422 si
402 2389 484 2438 penes
496 2373 635 2424 Herbelot.
654 2373 730 2438 fides,

190 2449 300 2494 servata
319 2447 374 2505 est,
399 2443 450 2493 hoc
467 2443 599 2494 bitumine
615 2443 732 2509 Babylo·

189 2528 252 2562 nem
276 2511 339 2562 olim
363 2513 448 2562 fuisse
473 2517 648 2563 exstructam.
690 2512 734 2562 Cf.

190 2581 303 2634 Rennel.
331 2580 349 2634 l.
369 2581 386 2632 l.
405 2596 470 2647 pag.
491 2583 543 2633 552
571 2587 598 2632 et
616 2583 732 2631 Heeren.

114 2715 118 2723 Ι
190 2653 275 2703 Ideen
293 2651 317 2714 1,
336 2653 362 2702 2.
377 2665 440 2716 pag.
462 2650 518 2714 148,
537 2652 583 2716 qui
599 2651 668 2700 bene
688 2649 733 2698 ad-

191 2722 247 2785 dit,
265 2720 348 2772 boses
367 2721 456 2771 lentes
474 2736 529 2772 non
546 2720 641 2770 unicos
657 2718 685 2766 in
703 2716 734 2765 il-

191 2791 225 2841 lis
244 2790 401 2856 regionibus
419 2805 491 2852 esse,
516 2805 608 2840 verum
625 2789 733 2852 praeter

191 2861 262 2912 alios
287 2861 315 2909 in
332 2860 409 2925 Tigri
435 2860 588 2924 frequentes
607 2855 732 2906 inveniri.

191 2932 232 2982 Ac
248 2930 393 2995 praecipue
409 2943 479 2978 nunc
492 2925 671 2976 consulendus
691 2928 733 2974 est

192 3001 282 3050 Ritter
295 2995 453 3063 (Erdkundc
463 2995 513 3046 Xl.
529 3011 556 3059 p.
569 2995 621 3044 740
633 2993 732 3059 seqq.),

193 3071 240 3134 qui
258 3083 313 3118 non
331 3065 417 3116 solum
437 3069 558 3115 veterum
576 3063 733 3114 testimonia

194 3139 228 3190 de
253 3137 305 3188 hoc
333 3136 394 3185 loco
422 3133 555 3196 excressit,
588 3133 733 3197 docuitque

193 3223 254 3259 eam
269 3206 376 3268 urbem,
400 3219 469 3270 quae
487 3203 601 3267 Aeipolr's
620 3207 734 3253 vocetur

194 3275 263 3342 apud
283 3274 418 3325 Isidorum
436 3273 532 3334 Chaa,
555 3287 609 3322 uon
627 3271 734 3322 differre

192 3347 228 3412 ab
245 3344 414 3404 Herodotea‚
440 3357 533 3392 verum
557 3341 639 3392 etiam
661 3355 734 3391 ere·

193 3414 343 3468 cantiorum
375 3413 607 3478 peregrinatorum
646 3407 735 3474 (Aius-

194 3483 291 3546 worth,
302 3480 444 3544 Wellstcd,
460 3481 594 3546 chancy,
610 3478 734 3544 aliorum)

147 3561 152 3574 ’
195 3551 431 3607 observationibus
444 3549 588 3612 castrutio,
604 3549 737 3614 quaeHe-

195 3623 285 3675 rodoti
308 3621 491 3672 narrationem
514 3619 593 3685 plene
616 3633 737 3683 compro·

195 3694 263 3744 baut
279 3705 399 3756 veraque
421 3705 494 3753 esse,
519 3704 590 3755 quae
612 3687 645 3738 de
665 3688 737 3738 bitu-

195 3763 267 3812 mine
284 3759 340 3811 illic
357 3759 532 3825 proveniente
549 3759 649 3808 Noster
673 3757 737 3807 scri·

195 3831 251 3892 bit,
275 3828 435 3892 ostendunt,
460 3843 520 3879 cum
544 3827 633 3879 adhuc
659 3830 737 3876 tanta

197 3897 317 3964 asphalti
334 3899 413 3963 copia
431 3898 586 3962 proveniet,
614 3911 684 3961 quac
702 3893 737 3945 ad

197 3969 291 4019 urbem
325 3966 514 4018 exstruendam
545 3965 671 4016 sulficere
698 3965 738 4014 vi·

199 4039 304 4088 deatur.
340 4037 382 4087 De
400 4036 461 4101 ipso
483 4035 580 4098 fluvio,
605 4035 652 4100 qui
674 4033 740 4084 dici-

199 4111 244 4156 tur
259 4107 300 4170 Is,
319 4121 397 4156 nemo
410 4110 533 4155 veterum
550 4104 741 4155 recentiorum·

200 4191 252 4240 que
277 4175 424 4241 quidquam
448 4173 526 4226 dixit.
565 4175 641 4236 Quae
669 4173 740 4223 enim

202 4259 234 4294 ex
245 4243 407 4310 Htpmologo
425 4247 508 4309 atque
522 4242 668 4294 Eustathio
684 4242 742 4291 lau-

202 4311 250 4360 dat
260 4313 470 4378 Weeselingius
490 4311 529 4362 nil
543 4311 675 4362 adiuvant
692 4323 742 4361 nec

249 4413 415 4458 HERODO'I'·
439 4411 461 4454 1.

779 1559 841 1594 nem
871 1543 992 1594 lontibus
1027 1543 1167 1594 abundare
1200 1542 1322 1594 scribunt

779 1613 883 1680 largam
901 1629 1032 1679 aquarum
1048 1614 1153 1678 copiam
1171 1611 1323 1678 praebenti-

780 1683 847 1732 bus:
879 1698 958 1748 quam
981 1684 1068 1748 ipsam
1091 1683 1167 1732 duvii
1190 1698 1213 1732 s.
1240 1680 1322 1731 rivuli

782 1750 881 1816 (siqui
900 1752 1010 1815 omnino!
1027 1751 1147 1813 exstitit,
1173 1766 1260 1816 neque
1279 1765 1323 1800 ca·
1376 1749 1381 1760 ‘

781 1819 851 1870 uelis
873 1821 926 1870 fuit
949 1822 977 1870 in
994 1821 1160 1886 Euphratem
1179 1817 1322 1884 deductus)

780 1891 809 1940 in
832 1889 921 1940 locum
948 1905 1020 1940 nunc
1043 1889 1159 1940 cessisse
1185 1888 1322 1940 existimes

710 1987 720 1998 ·
783 1975 843 2010 cum
860 1960 967 2010 Hittero
985 1958 1005 2009 l.
1030 1958 1047 2010 l.
1067 1975 1093 2024 p.
1113 1959 1174 2010 750.
1211 1957 1322 2006 Minime

782 2044 846 2079 vero
871 2029 923 2078 hoc
945 2028 1000 2078 tale
1018 2033 1075 2092 est,
1101 2027 1173 2092 quod
1189 2023 1322 2076 Herodoti

781 2098 861 2148 fidem
885 2098 1033 2148 diminuere
1058 2097 1159 2162 possit,
1184 2097 1254 2146 bene
1275 2109 1323 2144 no·

782 2173 859 2218 tante
872 2168 992 2233 Breiger.
1009 2167 1037 2216 iu
1051 2165 1203 2232 Geopraph.
1219 2163 1322 2216 Herod.

782 2238 897 2302 Specim.
926 2252 989 2302 pag.
1018 2237 1052 2287 54
1074 2250 1132 2300 seq.
1181 2233 1324 2284 Caeterum

782 2307 853 2358 huuc
872 2305 1005 2356 Herodoti
1032 2304 1120 2354 locum
1146 2302 1180 2353 de
1202 2304 1269 2354 urbe
1296 2306 1324 2352 et

783 2377 874 2437 fluvio,
889 2376 932 2425 cui
949 2388 1046 2423 nomen
1055 2372 1093 2434 Is,
1110 2372 1253 2436 exscripsit
1265 2372 1324 2424 Ste-

782 2445 887 2510 pbanus
899 2446 1016 2509 Byzant.
1036 2455 1059 2492 s.
1072 2457 1099 2491 v.
1112 2432 1159 2498 Ἴς.
1180 2441 1259 2493 cnut.
1270 2443 1323 2492 Eu·

785 2513 868 2563 steth.
888 2513 923 2562 ad
941 2511 1021 2562 lliad.
1040 2527 1067 2576 p.
1085 2511 1151 2573 877,
1171 2511 1202 2562 10
1221 2527 1243 2561 s.
1262 2511 1323 2572 027,

786 2581 818 2632 10
837 2581 897 2632 coll.
923 2579 1043 2645 thmol.
1067 2579 1137 2632 Gud.
1161 2596 1188 2644 p.
1213 2579 1277 2641 270,
1297 2578 1323 2630 3.

785 2667 817 2700 cx
841 2650 932 2701 Schol.
956 2649 1094 2700 Theocrit.
1112 2649 1190 2712 XVI,
1216 2650 1266 2701 100
1289 2647 1324 2698 ab

784 2720 884 2770 Aderto
909 2719 998 2769 editus
1026 2734 1090 2784 pag.
1115 2719 1157 2770 40.
1199 2719 1241 2769 De
1265 2718 1325 2784 ipsa

784 2805 851 2840 voce
865 2787 1107 2854 disputathobeck
1124 2789 1152 2836 in
1166 2788 1240 2839 Dius.
1254 2787 1278 2836 I.
1291 2787 1324 2836 de

784 2859 904 2908 uomina.
929 2858 976 2908 Gr.
1000 2857 1033 2908 L.
1060 2856 1202 2920 monosyll.
1232 2856 1285 2920 (Re
1306 2855 1325 2904 i·

783 2933 867 2978 mont.
896 2925 974 2990 18:³3)
1003 2941 1031 2989 p.
1058 2925 1100 2975 13.
1127 2953 1162 2963 —-
1199 2871 1325 2989 θρόμβοι

783 2987 929 3059 ἀσφάλτου
952 2998 1016 3044 suut
1043 2995 1125 3058 pruma·
1151 2991 1272 3043 bituricis
1297 2991 1325 3040 in

783 3066 843 3130 ipso
860 3063 943 3113 fluvio
967 3064 1038 3112 inter
1060 3063 1117 3113 eius
1139 3061 1226 3111 undas
1251 3060 1325 3123 editi,

785 3133 879 3200 qualos
905 3131 993 3183 adhuc
1027 3132 1055 3181 in
1082 3131 1326 3251 istis'repionihus

784 3202 858 3262 haud
874 3217 936 3252 raro
955 3207 1108 3254 cernuntur.
1143 3217 1199 3251 ανα
1220 3193 1325 3263 ιὸόναι,

786 3273 859 3340 quod
881 3272 1053 3322 intransitive
1077 3273 1177 3323 Noster
1203 3271 1326 3322 adhibuit

785 3342 850 3404 VII,
868 3341 910 3404 20,
928 3341 973 3392 hic
995 3341 1069 3392 valet
1089 3341 1179 3405 edere,
1205 3343 1326 3397 mutuare,

787 3412 926 3476 asasrteipen
951 3413 1049 3472 tossen,
1083 3414 1114 3460 ut
1141 3411 1211 3461 hene
1237 3405 1328 3458 reddit

786 3481 857 3532 Held
878 3481 913 3531 ad
929 3480 1069 3531 Plutarch.
1086 3479 1248 3530 Timoleont.
1266 3491 1326 3540 cap.

787 3553 821 3603 27
840 3551 900 3602 init.
918 3565 945 3615 p.
965 3551 1008 3612 52,
1025 3549 1074 3599 ubi
1091 3547 1146 3599 vid.

950 3722 1016 3774 Car.
1036 3719 1168 3772 CLXXX.

825 3823 983 3891 Τειείχιστο
1003 3817 1055 3887 μὲν
1079 3835 1133 3870 νυν
1154 3809 1171 3884 ἡ
1195 3808 1330 3887 Βαβυλάν

788 3887 884 3962 τρόπφ
904 3889 1016 3958 τοιῶδε]
1045 3889 1134 3956 Vulgo
1155 3893 1183 3940 et
1206 3888 1233 3940 h.
1257 3887 1277 3938 l.
1302 3891 1330 3938 et

789 3981 849 4030 cap.
872 3963 919 4015 181
980 3957 1128 4024 ετείχιστο,
1158 3973 1238 4024 quam
1266 3957 1331 4008 scri-

789 4037 896 4100 pturam
907 4030 1071 4082 auctoritate
1080 4025 1332 4080 Schellershemiani

789 4103 853 4153 libri
864 4101 1014 4162 reieeimus,
1028 4103 1059 4148 ut
1074 4097 1155 4164 paulo
1169 4102 1232 4162 post
1244 4093 1331 4156 διείρ-

791 4185 843 4237 γει,
859 4170 936 4221 cuins
950 4169 1010 4219 loco
1028 4183 1060 4218 ex
1075 4167 1167 4218 eodem
1179 4167 1248 4216 libro
1259 4179 1332 4215 nunc

792 4235 1334 4375 {stillslitteteras?⁰22⁰.

1078 4383 1117 4446 23
