3058 4928
544 267 790 328 EUTERPE.
813 269 856 328 ΙΙ.
878 278 923 333 86.

1189 275 1190 280 ’
1239 269 1297 330 611

164 436 231 509 σὺν
253 441 295 509 δέ
316 459 377 526 σφι
397 443 435 507 al
454 439 683 530 προσήκουσαι
703 445 815 508 τιᾶσαι.
870 442 1038 531 ἑτέρωθεν
1062 441 1100 512 dl
1125 446 1161 512 ol
1177 438 1299 531 ἄνδρες

164 542 363 628 τύπτονται,
394 543 614 632 ἐπεζωσμέναι
641 533 824 612 καὶοῦτοι.
878 543 981 614 ἐπεὰν
1006 545 1044 616 dl
1067 549 1172 616 ταῦτα
1200 545 1297 635 acari-
1366 561 1373 574 ‘

164 665 265 730 σωσι,
297 641 385 713 οὕτω
414 648 448 726 ἐς
471 645 535 736 τὴν
560 655 754 736 ταρίχευσιν
778 653 958 735 κομίζουσι.
1020 650 1096 737 Εἰσὶ
1124 649 1162 718 dl
1185 656 1220 718 ol
1239 646 1346 734 ἐντ’86

163 743 256 842 αὐτῷ
270 747 377 842 τούτῳ
390 752 545 820 κατ’ἐαται
565 752 620 820 κα1
638 751 759 838 τέχνην
776 755 888 838 ἔχουσι
904 749 1040 842 ταύτην.
1075 739 1178 836 οὗτοι,
1196 752 1300 824 ἐπεάν

164 915 412 980 peregrinationum
453 915 529 967 libris
570 915 707 982 congessit

163 985 287 1050 Heyuias
307 986 333 1035 in
344 985 473 1051 Spioileg.
484 987 569 1052 antiq.
582 1003 664 1038 mam.
678 987 707 1035 in

164 1054 327 1109 Commeatt.
346 1071 402 1108 soc.
416 1055 492 1108 eost.
512 1056 567 1108 111.
587 1073 650 1124 pag.
670 1056 706 1106 80

163 1139 239 1191 seqq.
271 1126 361 1192 Magis
385 1141 435 1178 uos
458 1126 599 1176 advertere
626 1126 707 1176 debet

164 1192 247 1258 illud,
271 1196 344 1261 qaod
368 1195 476 1246 eosdem
498 1195 609 1262 lugendi
631 1194 707 1260 plan-

163 1264 297 1332 gendiqae
315 1267 383 1315 ritas
402 1265 534 1330 hodieque
553 1282 601 1331 per
618 1266 707 1330 Aegy·

162 1340 238 1400 ptam
253 1335 376 1385 obtinere
389 1335 463 1386 docti
477 1335 652 1401 Francogalli
667 1339 707 1384 te-

163 1409 283 1467 stantur,
309 1405 404 1469 quales
430 1410 457 1454 et
479 1405 636 1456 Herodotus
660 1404 707 1454 de·

162 1474 273 1538 scripsit
290 1478 318 1523 et
335 1475 459 1540 picturae
475 1474 537 1526 illae
550 1475 707 1526 Thebaicae

162 1543 191 1592 in
213 1542 345 1608 sepulcris
374 1551 439 1596 ante
467 1545 561 1596 oculos
591 1548 706 1611 ponuat.

162 1611 225 1662 Vid.
249 1614 349 1680 Royer.
373 1621 401 1665 et
425 1615 543 1666 Iomard.
562 1615 590 1664 in
608 1616 706 1665 Deser.

163 1681 197 1730 de
214 1682 285 1748 l’ssg.
310 1682 372 1735 livr.
396 1685 430 1735 X.
448 1700 475 1749 p.
495 1686 529 1738 43
548 1689 576 1734 et
594 1684 706 1748 Autiqq.

163 1751 202 1801 11.
221 1767 247 1816 p.
264 1751 346 1804 ³83st

198 1826 271 1886 odra
283 1829 536 1904 ίςτὴνταρίχευσιν
545 1835 704 1902 κομίζουσι]

162 1899 292 1957 οο11.τὸν
313 1900 432 1972 νεκρὸν,
456 1909 475 1960 i.
497 1923 520 1958 e.
540 1909 576 1957 acl
590 1909 706 1958 condien-

162 1977 218 2026 dam
237 1976 349 2042 afferam
367 1977 490 2042 cadaver,
510 1983 541 2027 ut
559 1977 596 2040 ΙΙ,
613 1976 647 2028 89
663 1974 705 2026 dr-

162 2043 248 2096 δοῦσι
275 2038 444 2112 ταριχεύειν.
494 2047 535 2098 Ao
563 2045 705 2112 probabile

162 2119 218 2179 est,
242 2115 271 2165 iu
289 2115 404 2182 singulis
426 2117 495 2168 vicis
513 2117 646 2182 pagisque
665 2117 706 2166 su-

162 2186 218 2235 isse
237 2185 374 2246 aedificia,
393 2185 448 2234 abi·
460 2186 595 2237 cadavera
611 2185 706 2238 caradi-

162 2261 263 2318 rentur‚
279 2255 357 2322 plara
368 2256 449 2306 etiam
466 2257 494 2306 in
509 2256 629 2322 quelibet
639 2256 706 2306 arbe

162 2327 272 2376 maiore.
303 2326 421 2376 Verbum
436 2318 609 2392 ταριχεύειν,
633 2325 705 2392 quod

162 2395 196 2445 de
213 2396 335 2461 quolibet
348 2395 506 2448 salsamenti
519 2412 617 2463 genere
629 2411 706 2446 asar-

161 2469 257 2530 patur,
276 2467 414 2532 propriam
434 2465 496 2516 dela
514 2467 641 2517 universo
659 2466 706 2515 ba-

161 2535 218 2586 ieee
237 2537 346 2602 negotio
366 2535 578 2586 condiendorum
592 2535 707 2586 cadave-

161 2620 220 2655 rum
252 2606 385 2656 adhaesit.
426 2605 489 2657 vid.
513 2605 645 2656 Herodot.
667 2605 704 2666 11,

163 2675 206 2725 88.
225 2675 269 2727 89.
291 2675 473 2736 111‚le.VI‚
498 2674 545 2734 303
571 2675 639 2725 alios
658 2674 706 2724 ali·

162 2759 238 2794 orum
257 2746 419 2809 scriptoram
441 2744 517 2793 locos
537 2744 613 2793 dabit
630 2745 706 2794 Wes-

161 2812 258 2876 seling.
272 2813 307 2863 ad
319 2813 431 2864 Diodor.
445 2812 529 2863 Sicul.
546 2813 568 2877 1,
586 2813 618 2863 91
631 2813 707 2863 item-

162 2883 361 2945 que·Creuaer.
394 2882 557 2932 Commentt.
585 2883 705 2934 Herodd.

161 2965 225 3014 pag.
254 2951 284 3000 18
302 2951 334 3001 de
359 2951 411 3001 lroe
428 2951 511 3001 verbo
536 2951 646 3018 eiusque
670 2953 708 3001 si-

162 3018 337 3084 gnificatione
356 3021 510 3084 disputans.

317 3226 383 3279 Car.
403 3227 553 3278 LXXXVI.

199 3337 228 3393 ol
239 3333 281 3393 ἐπ’
292 3335 370 3412 αὐτῷ
384 3337 475 3414 τούτῳ
491 3344 633 3413 κατέαται]
642 3363 706 3396 κατ-

164 3410 241 3462 έαται
260 3413 356 3465 Ionica
379 3415 467 3465 forma
490 3434 538 3482 pro
561 3409 706 3482 κάθηνται

164 3487 194 3534 at
212 3483 235 3547 1,
256 3482 315 3535 199.
351 3485 479 3550 Explicat
496 3486 707 3538 Valckenarius:

163 3557 281 3617 occupari
297 3558 323 3604 in
340 3559 425 3620 aliqua
437 3571 480 3619 re,
499 3561 526 3606 et
543 3556 707 3606 locutionem

162 3621 317 3689 καθῆσθαι
329 3613 379 3674 ἐπί
394 3639 449 3673 τινι
463 3624 496 3674 de
509 3626 707 3688 arlrllcibassel-

162 3695 276 3754 lalariir,
297 3695 322 3743 ia
340 3695 442 3758 officina
459 3710 506 3744 raa
524 3695 667 3745 sederulbas
684 3702 709 3744 el

162 3763 327 3827 operantibus
348 3765 492 3826 usitatam,
522 3764 627 3830 aliquot
648 3763 709 3814 illu-

163 3837 234 3883 strat
247 3833 387 3898 exemplis.
420 3832 510 3894 Quare
520 3832 571 3883 boc
584 3832 644 3883 loco
658 3848 706 3882 κα-

162 3895 351 3967 τατετάχαται,
367 3902 438 3968 qaod
452 3901 549 3952 Vallae
560 3903 649 3952 versio
663 3917 707 3952 ex·

162 3972 275 4035 pressit,
294 3973 419 4036 quodque
438 3971 466 4020 in
484 3971 622 4022 Saacroiti
638 3971 707 4022 libro

163 4045 271 4092 vetusto
290 4045 442 4106 comparet,
462 4045 489 4091 et
501 4041 582 4092 simili
592 4041 708 4106 denique

163 4107 223 4159 loco
248 4111 271 4172 1,
298 4110 343 4161 llll
370 4110 470 4160 firmari
494 4126 576 4175 posse
600 4109 709 4160 videtur

163 4181 238 4242 1,,ρυί
254 4180 290 4228 ad
309 4180 355 4229 Ιιοα
370 4181 448 4242 ipsura
460 4184 589 4233 constitua·
600 4177 707 4242 erana)

165 4247 325 4310 quibasdam
345 4247 506 4313 placituram
525 4249 618 4309 video;
644 4249 707 4311 nisi,

164 4331 234 4378 qaae
252 4331 311 4366 mea
331 4322 372 4366 est
390 4320 541 4381 sententia,
559 4318 645 4383 ipsius
662 4332 708 4367 vo-

758 915 797 965 cis
816 915 968 980 primitivae
990 916 1115 966 videatur
1138 918 1299 984 interpreta-

758 989 876 1035 mentum
894 985 964 1035 male
983 986 1045 1035 dein
1062 987 1090 1035 ia
1107 991 1210 1037 textam
1226 1003 1299 1038 rece·

757 1059 842 1120 ptam.
875 1055 932 1106 Nec
944 1055 1059 1120 denique
1070 1055 1242 1106 inhonestum
1254 1073 1301 1108 vo-

758 1123 896 1188 cabulum,
927 1123 951 1175 si
974 1125 1141 1175 taricheatas
1164 1125 1237 1189 ipsos
1259 1127 1299 1176 in-

758 1193 937 1259 ferioremque
947 1209 1039 1245 eorum
1049 1193 1230 1246 conditionem
1237 1211 1300 1246 cou-

758 1261 858 1312 sideres
879 1262 923 1328 (de
946 1280 999 1330 qua
1021 1264 1093 1314 conf.
1118 1268 1188 1314 nott.
1208 1264 1243 1314 ad
1261 1264 1299 1328 11,

757 1331 801 1396 811)
813 1332 947 1399 simulque
962 1339 1085 1400 reputes,
1103 1348 1172 1416 quae
1185 1348 1301 1400 sequun-

757 1407 802 1452 tur
810 1401 930 1454 hocloco
941 1404 1024 1454 verba
1033 1399 1080 1452 καί
1091 1417 1195 1467 τεχνην
1204 1397 1299 1467 ἔχουσι

757 1463 878 1536 ταύτην,
902 1473 990 1523 rideri
1008 1472 1132 1524 consulto
1151 1472 1246 1522 addila
1263 1472 1299 1523 ad

758 1540 785 1590 id
796 1541 884 1606 ipsam
894 1532 947 1606 (ἐπ’
962 1533 1040 1611 αὐτῷ
1055 1533 1146 1608 τούτῳ
1156 1538 1299 1606 κατέαται)

759 1610 962 1676 explicandum
975 1611 1202 1678 quemadmodum
1216 1612 1299 1663 etiam

757 1681 894 1732 Diodorus
912 1681 934 1745 1,
954 1680 986 1732 91
1011 1681 1108 1732 scribit
1132 1681 1165 1731 de
1186 1681 1298 1732 iisdem:

757 1743 787 1799 ol
807 1742 860 1814 pla
884 1740 939 1800 adv
961 1743 996 1800 τὰ
1020 1743 1135 1816 στόματα
1157 1742 1300 1815 θεραπευ-

756 1833 836 1876 οντες
857 1815 913 1868 alal
929 1822 1052 1884 τεχνῖται
1070 1811 1124 1885 τὴν
1141 1812 1299 1884 ἐπιστήμην

755 1879 1300 2024 :tlaltllllilltsszlhl‘zalls

756 2028 835 2094 qaasi
854 2028 1037 2095 distinguens,
1058 2045 1119 2080 cam
1137 2030 1223 2095 primo
1238 2027 1300 2079 loco

755 2103 841 2163 ponet
865 2114 938 2161 eum,
967 2100 1013 2164 qai
1040 2099 1132 2150 scriba
1157 2097 1299 2150 dicebatur

756 2156 786 2230 (d
810 2160 988 2232 γραμματεὺς
1011 2160 1183 2234 λεγόμενος),
1212 2168 1299 2218 altero

757 2251 831 2300 eam,
856 2238 902 2302 qui
926 2237 1120 2303 παρασχίστης
1139 2238 1299 2301 vocabatur,

756 2311 839 2372 atque
857 2311 914 2358 tam
933 2323 994 2371 eos,
1014 2309 1060 2372 qai
1078 2303 1239 2372 ταριχευτα1
1253 2323 1301 2358 το-

756 2377 903 2440 cabantur,
930 2377 1003 2428 omui
1025 2377 1127 2427 honore
1155 2377 1252 2444 dignos
1272 2381 1300 2428 et

756 2447 945 2498 sacerdotibas
958 2447 1120 2510 familiares,
1138 2451 1170 2497 at
1186 2449 1232 2512 qui
1246 2447 1300 2512 ipsi

757 2517 829 2566 sacri
852 2516 907 2567 sint
933 2517 1071 2582 libereque
1094 2517 1123 2566 ia
1141 2516 1242 2582 templa
1260 2519 1300 2566 ia·

757 2585 925 2651 gradiantur.
963 2588 1037 2649 Quos
1062 2596 1154 2638 omues
1176 2588 1199 2638 si
1215 2587 1300 2637 Hero·

758 2655 838 2705 dotus
856 2671 911 2706 aon
925 2657 1081 2707 accuratius
1099 2656 1233 2718 distinxit,
1251 2655 1300 2706 mi-

756 2727 830 2774 nime
849 2725 911 2776 inde
922 2726 1106 2790 pararehistas
1126 2730 1155 2774 et
1168 2725 1303 2775 tarichea-

756 2801 801 2844 tas
820 2794 885 2860 (qao
903 2796 1012 2846 nornine
1035 2795 1063 2843 ia
1081 2793 1236 2844 universam
1255 2793 1301 2844 de-

758 2864 910 2928 clarantur,
935 2865 980 2930 qai
1003 2865 1031 2912 iu
1053 2865 1218 2913 mortuorum
1244 2877 1302 2912 cor-

758 2934 869 3000 poribus
894 2949 984 2984 curam
1007 2931 1122 2998 ponunt)
1142 2931 1301 2982 confudisse

757 3002 895 3068 putandus
919 3003 983 3053 erit:
1009 3015 1080 3066 quae
1101 3005 1143 3050 est
1162 3001 1300 3051 scatentia

756 3071 869 3123 Amadei
888 3073 994 3137 Peyron
1012 3069 1124 3136 (Papyri
1143 3070 1256 3122 Graeco.
1269 3085 1296 3134 p.

757 3141 804 3204 79)
814 3141 847 3191 de
865 3143 906 3192 his
925 3140 1086 3206 exponentis
1099 3144 1180 3205 atque
1198 3140 1231 3191 de
1241 3139 1300 3189 uui-

757 3225 836 3261 verso
855 3225 964 3262 manere
984 3207 1208 3273 carolomanum,
1233 3224 1299 3275 qao-

757 3296 816 3330 rum
839 3280 866 3330 in
891 3295 994 3346 papyro
1017 3279 1122 3331 Graeco
1145 3280 1246 3330 mentio
1268 3277 1300 3328 lit

758 3345 830 3416 (τῶν
851 3341 901 3406 τὰς
926 3346 1102 3413 λειτουργίας
1123 3337 1153 3396 ἐν
1175 3350 1238 3406 ταῖς
1256 3361 1300 3396 κε-

757 3415 1301 3552 lt‘lla‘llill‘llssalil”litt

759 3555 890 3622 quaedam
909 3557 943 3608 de
967 3555 1180 3606 taricheatarum
1205 3559 1262 3605 arte
1286 3569 1302 3603 e

758 3627 867 3692 papyris
896 3627 1008 3678 Graecis
1042 3624 1135 3675 attulit
1162 3621 1301 3688 Bragsch:

758 3697 852 3746 Lettre
874 3711 910 3746 aa
930 3696 1048 3746 vicomte
1073 3693 1107 3744 de
1131 3689 1226 3758 Rougd
1247 3697 1301 3744 eto.

758 3764 858 3830 (berol.
881 3765 959 3830 1850)
977 3780 1040 3830 pag.
1060 3763 1102 3814 37.
1138 3763 1232 3827 Neque
1249 3761 1301 3812 hac

758 3849 812 3884 noa
829 3834 964 3899 pertinere
980 3833 1121 3894 videntur,
1141 3831 1188 3896 qui
1206 3831 1233 3880 in
1250 3831 1302 3882 Ge-

758 3919 816 3954 ues.
837 3904 869 3966 L,
888 3905 904 3952 2
923 3908 1056 3954 vocantur
1067 3902 1156 3951 medici
1167 3901 1302 3965 iidemque

759 3973 828 4023 κενοί
844 3972 968 4037 Iosephi,
991 3971 1089 4037 quibus
1107 3970 1201 4021 Iacobi
1219 3970 1301 4021 oada-

759 4057 807 4092 τοι
821 4040 1000 4092 condiendum
1013 4041 1145 4091 traditurr
1165 4055 1218 4104 qao
1231 4040 1309 4104 ipso,'

759 4109 868 4228 aptium
884 4111 1003 4229 2iuuieqioq
1012 4109 1224 4228 tarqoheutaram
1240 4125 1303 4159 cou-

779 4195 827 4228 ιιο
851 4195 882 4230 aa
896 4197 919 4230 rs
963 4194 1110 4230 ecaraur:
1134 4193 1214 4242 qaam
1239 4191 1302 4228 eau-

760 4248 820 4298 dem
833 4248 992 4300 confirmare
1007 4248 1071 4301 mihi
1083 4245 1217 4311 videntur,
1233 4261 1303 4312 qaae

759 4317 832 4368 ial'ra
850 4318 888 4382 11,
907 4319 942 4370 89
960 4315 1114 4369 narrantur.

1029 4397 1094 4459 39*
