3020 4930
474 297 540 358 AD
565 295 824 359 HERODOT.
847 297 888 370 II,
914 303 972 356 tus.
1039 307 1042 314 “
1229 292 1290 355 875

157 478 212 534 ridi
228 476 309 530 vitam
328 492 405 528 suam
420 474 587 544 probassent
602 473 631 526 in
641 472 783 539 Amenthe,
798 474 929 541 poterant
942 475 1047 522 mature
1062 467 1153 522 redire
1164 467 1198 520 ad
1209 487 1292 540 supe·

158 565 241 628 riora,
262 565 290 614 et
304 577 399 628 regum
414 576 525 630 quoque
539 557 584 611 vel
596 557 727 611 nobilium
741 574 858 628 corpora
873 574 972 609 recens
988 559 1053 608 nata
1067 551 1187 621 ingredi.
1218 554 1293 606 Con-

160 656 204 703 tra
216 647 271 718 ipsi
289 646 370 700 etiam
387 662 467 713 reges
483 644 597 714 superbi
612 649 641 696 et
655 644 730 713 impii
747 649 812 712 post
829 646 942 695 mortem
960 641 1033 694 divis
1048 638 1203 692 consecrati
1218 645 1293 706 sunt,

160 741 188 788 et
209 731 340 785 continuo
360 730 543 798 castigatione
570 729 704 797 exagitari
732 728 830 781 crediti
852 745 868 780 a
888 727 1028 780 iudicibus
1052 725 1106 778 diis
1131 723 1291 777 inferorum.

159 818 297 872 Pindarus
312 821 386 868 certe
406 815 434 866 in
449 813 509 866 loco
530 814 564 866 ad
579 813 732 884 Aegyptiae
747 809 889 866 doctrinae
909 811 1027 865 indolem
1050 811 1156 875 efficto,
1183 808 1293 880 Olymp.

159 903 196 970 ll,
214 909 280 967 121,
300 905 478 972 posteaquam
494 899 685 952 defunctorum
699 900 833 952 bonorum
851 903 953 950 sortem
971 893 1151 968 praedicavit,
1167 894 1201 947 de
1215 893 1293 947 malis

159 988 289 1041 universe
304 986 342 1040 ita
359 985 535 1056 pronuntiat:
556 1015 591 1025 -
614 982 658 1038 rol
679 977 706 1038 δ’
724 976 916 1054 ἀπροσόρατον
937 973 1061 1052 ὀκχέοντι
1080 973 1179 1035 πόνον.
1210 980 1294 1044 Quod

160 1091 227 1126 vero
240 1072 452 1141 naiayysvsoehw
467 1069 658 1123 sacerdotibus
673 1071 810 1136 attribuo,
834 1070 853 1122 i.
870 1087 894 1121 e.
919 1069 969 1120 hoc
986 1067 1128 1138 placitum,
1152 1069 1223 1136 quod
1236 1067 1294 1120 oni-

161 1178 231 1212 πονοι
246 1161 391 1212 humanum
405 1158 623 1224 determinatum,
645 1165 670 1210 et
686 1175 702 1210 o
715 1155 818 1210 bestiali
836 1154 945 1209 circuilu
964 1154 1106 1208 immunem
1117 1161 1179 1224 post
1192 1162 1296 1224 tempus

161 1245 189 1297 in
209 1243 316 1297 hominis
330 1261 444 1315 corpora
465 1245 617 1296 redeuntem
632 1251 755 1312 poneret,
780 1247 871 1293 movet
890 1257 931 1292 me
947 1237 1038 1292 Servii
1059 1237 1210 1291 auctoritas
1234 1237 1294 1291 loco

162 1325 369 1399 supralaudato
385 1326 527 1400 (adVirg.
544 1325 613 1378 Aen.
627 1326 678 1394 lll,
693 1327 750 1396 68),
775 1343 834 1379 cum
851 1325 1034 1394 Pythagoram
1056 1325 1123 1377 dicit
1137 1323 1218 1394 plane
1233 1340 1294 1376 eum

162 1414 188 1466 in
219 1413 324 1466 modum
346 1413 494 1478 statuisse3
528 1427 608 1482 quem
630 1409 826 1482 'philosophum
852 1411 912 1481 ipse
934 1409 1094 1462 Herodotus
1122 1409 1294 1461 sacerdotum

161 1497 357 1568 Aegyptiorum
372 1495 536 1566 discipulum
550 1497 639 1549 fuisse
658 1495 810 1566 significat,
827 1501 858 1548 ut
871 1512 957 1565 supra
968 1494 1144 1548 timuerimus.
1154 1497 1171 1525 “
1194 1525 1228 1533 -

244 1583 321 1646 Quid
342 1583 375 1635 de
397 1582 500 1635 animae
522 1581 722 1635 immortalitate
738 1600 769 1634 ac
784 1586 857 1634 statu
873 1585 938 1651 post
951 1585 1064 1634 mortem
1080 1579 1209 1649 Aegyptii
1230 1597 1293 1633 sen-

160 1669 263 1736 serint,
288 1669 340 1721 iam
358 1685 443 1738 supra
463 1668 491 1720 in
513 1667 632 1720 Excurs.
652 1667 720 1718 VIII
741 1667 880 1734 attigimus
902 1683 933 1716 ac
953 1666 1030 1718 modo
1053 1663 1224 1718 laudavimus
1238 1663 1291 1717 Ed.

160 1753 258 1808 Roeth.
280 1754 313 1806 de
336 1753 378 1806 his
399 1757 579 1821 exponentem
602 1752 629 1803 in
648 1752 748 1804 Gesch.
767 1753 793 1804 d.
810 1751 969 1819 Philosoph.
986 1751 1009 1802 1.
1031 1770 1059 1820 p.
1075 1753 1126 1809 176
1142 1767 1219 1819 seqq.
1254 1749 1294 1802 Ac

159 1839 301 1908 pertinent
320 1839 373 1891 huc
390 1855 470 1908 quam
484 1837 595 1890 maxime
611 1853 766 1906 papyraceo
781 1836 828 1888 illa
843 1835 995 1902 volumina,
1018 1835 1110 1906 qualia
1125 1839 1292 1888 mortuorum

159 1941 190 1976 ac
206 1923 258 1976 rite
274 1923 445 1976 conditorum
462 1923 595 1975 hominum
612 1922 793 1975 cadaveribus
810 1921 873 1974 addi
889 1919 1030 1973 solebant:
1052 1937 1168 1990 qnorum
1181 1918 1262 1988 plura
1278 1939 1293 1972 e

160 2009 265 2079 cryptis
288 2025 361 2062 nunc
381 2009 409 2060 in
433 2008 520 2061 lucem
538 2013 677 2077 protractu
701 2013 728 2060 et
749 2008 778 2060 in
798 2007 876 2059 varia
894 2006 1024 2074 Europae
1043 2022 1137 2057 musea
1157 2003 1294 2058 translata

160 2112 222 2147 esse
238 2099 357 2148 constat.
384 2093 437 2146 His
452 2093 567 2164 papyris
586 2092 792 2162 hieroglyphico
808 2091 852 2144 vel
872 2090 1003 2143 hieratioo
1019 2091 1173 2160 scripturae
1191 2108 1293 2160 genere
1347 2099 1351 2107 “

160 2179 280 2232 exaratis
296 2179 474 2231 continentur
490 2180 600 2231 deorum
616 2177 815 2244 invocationes,
830 2194 927 2246 preces
942 2181 1048 2228 mortuo
1064 2175 1215 2242 faciendae,
1230 2174 1292 2242 alia,

160 2281 231 2334 quae
250 2263 284 2316 ad
299 2263 451 2317 discessum
470 2282 503 2316 ex
518 2265 569 2315 hac
584 2263 641 2315 vita
658 2262 785 2315 terrestri
804 2262 881 2314 etad
903 2261 1007 2314 animae
1023 2265 1121 2313 statum
1138 2266 1202 2330 post
1222 2278 1293 2314 mor-

160 2355 214 2401 tem
236 2354 373 2419 spectant:
399 2348 474 2418 quod
494 2349 607 2418 egregie
630 2365 704 2400 nunc
725 2347 849 2399 cernitur
864 2366 879 2400 e
894 2345 1031 2398 volumine
1051 2345 1097 2398 illo
1112 2345 1293 2412 Taurinensi,

163 2433 278 2487 omnium
293 2433 403 2487 maxime
422 2433 548 2502 integro,
571 2433 649 2486 Rich.
661 2432 758 2500 Lepsii
773 2449 840 2484 cura
857 2433 945 2484 edito:
966 2433 1022 2484 Das
1042 2430 1225 2484 'I'odtenbuch
1243 2429 1294 2484 der

161 2517 302 2588 Acgypter
318 2523 371 2572 etc.
386 2519 499 2588 Lipsiae
515 2523 600 2586 1842,
621 2518 669 2570 ubi
684 2517 741 2570 vid.
758 2518 927 2587 potissimum
943 2537 971 2588 p.
987 2521 1005 2576 8
1021 2535 1116 2588 seqq,
1138 2534 1169 2569 ac
1184 2523 1295 2585 praeter

160 2621 207 2671 ea,
229 2621 299 2673 quae
319 2603 384 2656 inde
405 2603 515 2656 exhibet
531 2602 631 2656 lloeth.
648 2602 666 2655 l.
684 2601 718 2669 l.,
743 2603 863 2656 conferri
882 2620 992 2673 quoque
1012 2607 1105 2672 potest
1124 2601 1292 2656 Uhlemann:

158 2687 266 2756 Thoth,
287 2689 354 2741 oder
366 2687 411 2741 die
424 2689 631 2741 wissenschaft
649 2687 698 2740 der
712 2686 759 2739 alt.
778 2686 894 2758 Aegypt.
912 2707 939 2757 p.
959 2691 1010 2746 188
1025 2706 1103 2758 seqq.
1132 2687 1293 2738 Herodotus

158 2791 243 2840 vero,
259 2773 292 2826 de
308 2773 443 2841 omnibus,
458 2791 529 2843 quae
546 2773 580 2825 ad
595 2772 764 2842 sepulturam
780 2773 934 2840 pertinent,
954 2777 1008 2824 tom
1023 2777 1150 2822 accurate
1167 2772 1293 2824 referens

160 2857 246 2922 ll‚85
263 2876 358 2928 seqq,
385 2859 418 2910 de
435 2858 478 2910 his
493 2858 562 2927 ipsis
577 2857 707 2928 papyris,
735 2857 852 2926 aliisque
873 2856 1030 2908 huiusmodi
1049 2853 1163 2925 papyris
1190 2855 1222 2906 ad
1248 2872 1293 2906 res

159 2943 283 3012 privatas
306 2943 444 3010 defuncti,
470 2942 505 2994 ad
525 2943 641 3010 fundos,
664 2941 879 3011 possessiones,
901 2940 954 2992 alia
968 2939 1174 3009 spect-antibus,
1196 2937 1292 3008 quales

158 3027 266 3080 mumiis
287 3027 502 3094 adiiciebantur,
528 3027 601 3098 quod
624 3025 690 3078 nihil
711 3042 829 3094 prorsus
850 3024 960 3090 retulit,
990 3023 1046 3074 noli
1062 3021 1168 3076 mirari:
1194 3021 1293 3074 etenim

160 3130 215 3164 non
234 3112 351 3165 omnium
366 3112 502 3176 hominum
519 3113 571 3163 boc
587 3112 676 3164 fuisse
692 3109 802 3162 videtur
818 3125 907 3178 neque
923 3108 1057 3160 communi
1073 3107 1134 3174 lege
1150 3107 1183 3158 ad
1200 3123 1292 3158 omnes

158 3214 247 3267 aeque
263 3202 404 3267 spectante
419 3197 589 3266 impositum:
606 3195 753 3248 ditioribus
770 3199 875 3246 tantum
889 3192 1044 3245 hominibus
1061 3199 1108 3244 utut
1124 3191 1294 3262 superiorem

159 3281 246 3334 locum
268 3281 457 3335 obtinentibus
485 3281 550 3333 talia
572 3281 665 3333 addita
686 3298 749 3333 esse
772 3279 908 3332 oredimus
930 3297 980 3348 pro
1002 3275 1109 3330 modulo
1132 3275 1293 3330 facultatum

158 3373 242 3438 atque
265 3384 344 3436 opum
365 3368 516 3436 cuiusque:
539 3367 611 3418 unde
632 3367 746 3432 factum,
773 3369 804 3415 ut
822 3363 865 3416 vel
887 3362 1013 3431 singulae
1031 3361 1106 3414 illius
1126 3365 1293 3416 mortuorum

158 3451 222 3504 libri
245 3457 339 3521 partes
356 3451 473 3504 subinde
490 3451 629 3503 defunctis
652 3449 834 3515 adderentur,
858 3447 1006 3517 rariusque
1021 3447 1130 3514 integer
1151 3445 1197 3498 ille
1213 3444 1292 3516 liber,

159 3534 250 3606 qualis
268 3553 341 3588 nunc
355 3555 369 3602 e
385 3536 554 3590 Taurinensi
569 3553 675 3606 papyro
690 3533 809 3604 prodiit,
831 3537 879 3585 aut
895 3532 957 3600 alia,
978 3549 1049 3602 quae
1065 3531 1099 3583 ad
1116 3549 1183 3601 opes
1199 3530 1243 3582 vel
1258 3533 1292 3584 ad

157 3621 242 3673 vitam
258 3621 383 3673 defuncti
399 3621 506 3675 omnino
525 3621 708 3690 pertinerent.
754 3618 826 3688 [aa]
