<?xml version="1.0" encoding="UTF-8"?>
<!DOCTYPE html PUBLIC "-//W3C//DTD XHTML 1.0 Transitional//EN"
    "http://www.w3.org/TR/xhtml1/DTD/xhtml1-transitional.dtd">
<html xmlns="http://www.w3.org/1999/xhtml" xml:lang="en" lang="en">
 <head>
  <title>
</title>
<meta http-equiv="Content-Type" content="text/html;charset=utf-8" />
  <meta name='ocr-system' content='tesseract 3.04.00' />
  <meta name='ocr-capabilities' content='ocr_page ocr_carea ocr_par ocr_line ocrx_word'/>
</head>
<body>
  <div class='ocr_page' id='page_1' title='image "./herodotihalicar00bhgoog_0208.png"; bbox 0 0 3086 4932; ppageno 0'>
   <div class='ocr_carea' id='block_1_1' title="bbox 638 318 881 382">
    <p class='ocr_par' dir='ltr' id='par_1_1' title="bbox 638 318 881 382">
     <span class='ocr_line' id='line_1_1' title="bbox 638 318 881 382; baseline -0.008 0"><span class='ocrx_word' id='word_1_1' title='bbox 638 318 764 382; x_wconf 86' lang='lat' dir='ltr'>OLIO.</span> <span class='ocrx_word' id='word_1_2' title='bbox 788 319 813 378; x_wconf 89' lang='grc' dir='ltr'><strong>Ι.</strong></span> <span class='ocrx_word' id='word_1_3' title='bbox 836 327 881 382; x_wconf 83' lang='grc'><strong>85.</strong></span> 
     </span>
    </p>
   </div>
   <div class='ocr_carea' id='block_1_2' title="bbox 1269 311 1328 376">
    <p class='ocr_par' dir='ltr' id='par_1_2' title="bbox 1269 311 1328 376">
     <span class='ocr_line' id='line_1_2' title="bbox 1269 311 1328 376; baseline -0.034 0"><span class='ocrx_word' id='word_1_4' title='bbox 1269 311 1328 376; x_wconf 86' lang='grc'><strong>185</strong></span> 
     </span>
    </p>
   </div>
   <div class='ocr_carea' id='block_1_3' title="bbox 140 481 1409 1000">
    <p class='ocr_par' dir='ltr' id='par_1_3' title="bbox 268 481 1375 584">
     <span class='ocr_line' id='line_1_3' title="bbox 268 481 1375 584; baseline -0.003 -17"><span class='ocrx_word' id='word_1_5' title='bbox 268 493 352 568; x_wconf 84' lang='grc' dir='ltr'><strong><em>Κατ’</em></strong></span> <span class='ocrx_word' id='word_1_6' title='bbox 384 492 489 566; x_wconf 83' lang='grc' dir='ltr'><strong><em>αὐτὸν</em></strong></span> <span class='ocrx_word' id='word_1_7' title='bbox 515 494 552 565; x_wconf 80' lang='lat' dir='ltr'><strong>dl</strong></span> <span class='ocrx_word' id='word_1_8' title='bbox 571 503 720 584; x_wconf 75' lang='grc' dir='ltr'><strong><em>Κροῖσον</em></strong></span> <span class='ocrx_word' id='word_1_9' title='bbox 745 481 824 566; x_wconf 65' lang='lat' dir='ltr'><strong>iside</strong></span> <span class='ocrx_word' id='word_1_10' title='bbox 847 491 989 582; x_wconf 73' lang='grc' dir='ltr'><strong><em>ἐγένετο.</em></strong></span> <span class='ocrx_word' id='word_1_11' title='bbox 1024 483 1067 583; x_wconf 85' lang='grc' dir='ltr'><strong>ἦν</strong></span> <span class='ocrx_word' id='word_1_12' title='bbox 1092 495 1126 562; x_wconf 84' lang='lat' dir='ltr'><strong>ol</strong></span> <span class='ocrx_word' id='word_1_13' title='bbox 1145 509 1239 578; x_wconf 74' lang='grc' dir='ltr'><strong><em>παῖς,</em></strong></span> <span class='ocrx_word' id='word_1_14' title='bbox 1266 498 1375 564; x_wconf 66' lang='lat' dir='ltr'><strong>meso</strong></span> 
     </span>
    </p>

    <p class='ocr_par' dir='ltr' id='par_1_4' title="bbox 193 593 1409 726">
     <span class='ocr_line' id='line_1_4' title="bbox 193 593 1409 726; baseline 0.002 -59"><span class='ocrx_word' id='word_1_15' title='bbox 193 602 248 668; x_wconf 81' lang='grc' dir='ltr'><strong>καὶ</strong></span> <span class='ocrx_word' id='word_1_16' title='bbox 262 600 426 690; x_wconf 82' lang='grc' dir='ltr'><strong><em>πρότερον</em></strong></span> <span class='ocrx_word' id='word_1_17' title='bbox 441 595 675 726; x_wconf 81' lang='grc' dir='ltr'><strong><em>ἓπεμνήσθημ,</em></strong></span> <span class='ocrx_word' id='word_1_18' title='bbox 697 597 737 666; x_wconf 81' lang='grc' dir='ltr'><strong>τὰ</strong></span> <span class='ocrx_word' id='word_1_19' title='bbox 750 600 812 726; x_wconf 74' lang='grc' dir='ltr'><strong>μὲν</strong></span> <span class='ocrx_word' id='word_1_20' title='bbox 831 599 916 669; x_wconf 79' lang='grc' dir='ltr'><strong><em>ἄλλα</em></strong></span> <span class='ocrx_word' id='word_1_21' title='bbox 932 594 1096 688; x_wconf 77' lang='grc' dir='ltr'><strong><em>ἐπιεικής,</em></strong></span> <span class='ocrx_word' id='word_1_22' title='bbox 1116 593 1261 726; x_wconf 71' lang='grc' dir='ltr'><strong><em>ἄφμινος</em></strong></span> <span class='ocrx_word' id='word_1_23' title='bbox 1277 601 1324 669; x_wconf 83' lang='lat' dir='ltr'><strong>ds&#39;.</strong></span> <span class='ocrx_word' id='word_1_24' title='bbox 1366 675 1388 689; x_wconf 26' lang='grc' dir='ltr'><strong>,Ι</strong></span> <span class='ocrx_word' id='word_1_25' title='bbox 1405 652 1409 660; x_wconf 78' lang='lat'><em>,</em></span> 
     </span>
    </p>

    <p class='ocr_par' dir='ltr' id='par_1_5' title="bbox 192 695 1325 830">
     <span class='ocr_line' id='line_1_5' title="bbox 192 695 1325 830; baseline 0.002 -60"><span class='ocrx_word' id='word_1_26' title='bbox 192 697 233 772; x_wconf 79' lang='grc' dir='ltr'><strong>ἐν</strong></span> <span class='ocrx_word' id='word_1_27' title='bbox 245 709 285 830; x_wconf 78' lang='grc' dir='ltr'><strong><em>ιη’</em></strong></span> <span class='ocrx_word' id='word_1_28' title='bbox 302 695 350 774; x_wconf 77' lang='lat' dir='ltr'><strong>civ</strong></span> <span class='ocrx_word' id='word_1_29' title='bbox 371 701 588 792; x_wconf 77' lang='grc' dir='ltr'><strong><em>παρελθούσῃ</em></strong></span> <span class='ocrx_word' id='word_1_30' title='bbox 611 698 770 774; x_wconf 83' lang='grc' dir='ltr'><strong><em>εὐεστοῑὸ</em></strong></span> <span class='ocrx_word' id='word_1_31' title='bbox 784 713 927 792; x_wconf 79' lang='grc' dir='ltr'><strong><em>Κροῖσος</em></strong></span> <span class='ocrx_word' id='word_1_32' title='bbox 947 700 985 770; x_wconf 86' lang='grc' dir='ltr'><strong>τὸ</strong></span> <span class='ocrx_word' id='word_1_33' title='bbox 999 709 1066 773; x_wconf 84' lang='grc' dir='ltr'><strong><em>πᾶν</em></strong></span> <span class='ocrx_word' id='word_1_34' title='bbox 1083 698 1117 782; x_wconf 80' lang='grc' dir='ltr'><strong>ἒς</strong></span> <span class='ocrx_word' id='word_1_35' title='bbox 1131 699 1235 774; x_wconf 81' lang='grc' dir='ltr'><strong><em>αὐτὸν</em></strong></span> <span class='ocrx_word' id='word_1_36' title='bbox 1249 698 1325 784; x_wconf 78' lang='grc' dir='ltr'><strong><em>ἒπε-</em></strong></span> 
     </span>
    </p>

    <p class='ocr_par' dir='ltr' id='par_1_6' title="bbox 140 803 1327 1000">
     <span class='ocr_line' id='line_1_6' title="bbox 140 803 1327 935; baseline 0.001 -58"><span class='ocrx_word' id='word_1_37' title='bbox 140 814 181 868; x_wconf 77' lang='lat'><strong>45</strong></span> <span class='ocrx_word' id='word_1_38' title='bbox 198 808 350 935; x_wconf 74' lang='grc' dir='ltr'><strong><em>πριήιιεε,</em></strong></span> <span class='ocrx_word' id='word_1_39' title='bbox 372 805 456 877; x_wconf 81' lang='lat' dir='ltr'><strong>aiio</strong></span> <span class='ocrx_word' id='word_1_40' title='bbox 476 834 512 876; x_wconf 87' lang='grc' dir='ltr'><strong>τε</strong></span> <span class='ocrx_word' id='word_1_41' title='bbox 529 803 804 896; x_wconf 73' lang='grc' dir='ltr'><strong><em>ἐπιφραζόμενος,</em></strong></span> <span class='ocrx_word' id='word_1_42' title='bbox 825 809 880 876; x_wconf 80' lang='grc' dir='ltr'><strong>καὶ</strong></span> <span class='ocrx_word' id='word_1_43' title='bbox 895 803 937 894; x_wconf 76' lang='grc' dir='ltr'><strong><em>δή</em></strong></span> <span class='ocrx_word' id='word_1_44' title='bbox 953 805 1040 876; x_wconf 84' lang='grc' dir='ltr'><strong><em>ιια1’</em></strong></span> <span class='ocrx_word' id='word_1_45' title='bbox 1028 835 1061 887; x_wconf 86' lang='grc' dir='ltr'><strong>ες</strong></span> <span class='ocrx_word' id='word_1_46' title='bbox 1074 805 1233 896; x_wconf 76' lang='grc' dir='ltr'><strong><em>Δελφούς</em></strong></span> <span class='ocrx_word' id='word_1_47' title='bbox 1251 811 1327 898; x_wconf 80' lang='grc' dir='ltr'><strong><em>περὶ</em></strong></span> 
     </span>
     <span class='ocr_line' id='line_1_7' title="bbox 196 906 1244 1000; baseline 0 -18"><span class='ocrx_word' id='word_1_48' title='bbox 196 909 302 982; x_wconf 83' lang='grc' dir='ltr'><strong><em>αὐτοῦ</em></strong></span> <span class='ocrx_word' id='word_1_49' title='bbox 317 909 507 1000; x_wconf 72' lang='grc' dir='ltr'><strong><em>ἐπεπόμφεε</em></strong></span> <span class='ocrx_word' id='word_1_50' title='bbox 522 912 758 999; x_wconf 79' lang='grc' dir='ltr'><strong><em>χρησομένους.</em></strong></span> <span class='ocrx_word' id='word_1_51' title='bbox 786 906 858 1000; x_wconf 75' lang='lat' dir='ltr'><strong>qdl</strong></span> <span class='ocrx_word' id='word_1_52' title='bbox 873 916 990 997; x_wconf 82' lang='grc' dir='ltr'><strong><em>Πυθίη</em></strong></span> <span class='ocrx_word' id='word_1_53' title='bbox 1004 909 1130 980; x_wconf 83' lang='grc' dir='ltr'><strong><em>οΙέιπε</em></strong></span> <span class='ocrx_word' id='word_1_54' title='bbox 1148 910 1244 983; x_wconf 77' lang='grc' dir='ltr'><strong><em>τάδε·</em></strong></span> 
     </span>
    </p>
   </div>
   <div class='ocr_carea' id='block_1_4' title="bbox 279 1035 1143 1126">
    <p class='ocr_par' dir='ltr' id='par_1_7' title="bbox 279 1035 1143 1126">
     <span class='ocr_line' id='line_1_8' title="bbox 279 1035 1143 1126; baseline -0.003 -19"><span class='ocrx_word' id='word_1_55' title='bbox 279 1042 366 1107; x_wconf 79' lang='lat' dir='ltr'><strong>Avtt</strong></span> <span class='ocrx_word' id='word_1_56' title='bbox 386 1043 487 1126; x_wconf 73' lang='grc' dir='ltr'><strong><em>γένος,</em></strong></span> <span class='ocrx_word' id='word_1_57' title='bbox 509 1045 629 1106; x_wconf 72' lang='grc' dir='ltr'><strong><em>πολλων</em></strong></span> <span class='ocrx_word' id='word_1_58' title='bbox 650 1043 791 1124; x_wconf 77' lang='grc' dir='ltr'><strong><em>βασιλεῦ,</em></strong></span> <span class='ocrx_word' id='word_1_59' title='bbox 812 1040 887 1123; x_wconf 71' lang='grc' dir='ltr'><strong><em>μέγα</em></strong></span> <span class='ocrx_word' id='word_1_60' title='bbox 907 1035 997 1118; x_wconf 90' lang='grc' dir='ltr'><strong><em>νήπιε</em></strong></span> <span class='ocrx_word' id='word_1_61' title='bbox 1018 1047 1143 1124; x_wconf 84' lang='grc' dir='ltr'><strong><em>Κροῖσε,</em></strong></span> 
     </span>
    </p>
   </div>
   <div class='ocr_carea' id='block_1_5' title="bbox 188 1251 738 1672">
    <p class='ocr_par' dir='ltr' id='par_1_8' title="bbox 188 1251 738 1672">
     <span class='ocr_line' id='line_1_9' title="bbox 190 1251 738 1315; baseline -0.007 -8"><span class='ocrx_word' id='word_1_62' title='bbox 190 1255 294 1307; x_wconf 75' lang='lat' dir='ltr'><strong>Erotic.</strong></span> <span class='ocrx_word' id='word_1_63' title='bbox 318 1254 362 1304; x_wconf 87' lang='grc'><strong>22.</strong></span> <span class='ocrx_word' id='word_1_64' title='bbox 404 1253 483 1304; x_wconf 80' lang='lat' dir='ltr'><strong>Arcis</strong></span> <span class='ocrx_word' id='word_1_65' title='bbox 506 1267 571 1302; x_wconf 88' lang='lat' dir='ltr'><strong>vero</strong></span> <span class='ocrx_word' id='word_1_66' title='bbox 594 1251 680 1315; x_wconf 88' lang='lat' dir='ltr'><strong>ipsius</strong></span> <span class='ocrx_word' id='word_1_67' title='bbox 699 1252 738 1303; x_wconf 70' lang='lat' dir='ltr'><strong>hi:</strong></span> 
     </span>
     <span class='ocr_line' id='line_1_10' title="bbox 189 1323 736 1388; baseline -0.006 -13"><span class='ocrx_word' id='word_1_68' title='bbox 189 1323 331 1376; x_wconf 89' lang='lat' dir='ltr'><strong>storiolam</strong></span> <span class='ocrx_word' id='word_1_69' title='bbox 347 1324 426 1388; x_wconf 89' lang='lat' dir='ltr'><strong>quasi</strong></span> <span class='ocrx_word' id='word_1_70' title='bbox 444 1323 586 1374; x_wconf 79' lang='lat' dir='ltr'><strong>contexuit</strong></span> <span class='ocrx_word' id='word_1_71' title='bbox 599 1323 736 1374; x_wconf 86' lang='lat' dir='ltr'><strong>Hemster-</strong></span> 
     </span>
     <span class='ocr_line' id='line_1_11' title="bbox 190 1392 734 1458; baseline -0.002 -12"><span class='ocrx_word' id='word_1_72' title='bbox 190 1395 283 1446; x_wconf 78' lang='lat' dir='ltr'>husius</span> <span class='ocrx_word' id='word_1_73' title='bbox 296 1393 456 1443; x_wconf 86' lang='lat' dir='ltr'><strong>adLuciau.</strong></span> <span class='ocrx_word' id='word_1_74' title='bbox 469 1392 621 1458; x_wconf 79' lang='lat' dir='ltr'><strong>Contempl.</strong></span> <span class='ocrx_word' id='word_1_75' title='bbox 633 1393 665 1444; x_wconf 99' lang='lat' dir='ltr'>T.</span> <span class='ocrx_word' id='word_1_76' title='bbox 680 1393 734 1445; x_wconf 92' lang='lat'>111.</span> 
     </span>
     <span class='ocr_line' id='line_1_12' title="bbox 189 1463 735 1531; baseline 0 -15"><span class='ocrx_word' id='word_1_77' title='bbox 189 1483 215 1531; x_wconf 92' lang='lat' dir='ltr'>p.</span> <span class='ocrx_word' id='word_1_78' title='bbox 228 1463 315 1526; x_wconf 62' lang='lat' dir='ltr'><strong>38ss</strong></span> <span class='ocrx_word' id='word_1_79' title='bbox 307 1464 351 1524; x_wconf 87' lang='lat' dir='ltr'><strong>ris,</strong></span> <span class='ocrx_word' id='word_1_80' title='bbox 370 1464 578 1526; x_wconf 88' lang='lat' dir='ltr'><strong>quaediximus,</strong></span> <span class='ocrx_word' id='word_1_81' title='bbox 591 1479 646 1513; x_wconf 92' lang='lat' dir='ltr'><strong>nou</strong></span> <span class='ocrx_word' id='word_1_82' title='bbox 659 1479 735 1528; x_wconf 85' lang='lat' dir='ltr'><strong>prae-</strong></span> 
     </span>
     <span class='ocr_line' id='line_1_13' title="bbox 190 1531 735 1599; baseline 0 -13"><span class='ocrx_word' id='word_1_83' title='bbox 190 1535 331 1593; x_wconf 87' lang='lat' dir='ltr'><strong>termissis,</strong></span> <span class='ocrx_word' id='word_1_84' title='bbox 350 1533 474 1599; x_wconf 77' lang='lat' dir='ltr'><strong>aliisque,</strong></span> <span class='ocrx_word' id='word_1_85' title='bbox 494 1549 564 1598; x_wconf 88' lang='lat' dir='ltr'><strong>quae</strong></span> <span class='ocrx_word' id='word_1_86' title='bbox 574 1531 616 1584; x_wconf 86' lang='lat' dir='ltr'><strong>&#39;ed</strong></span> <span class='ocrx_word' id='word_1_87' title='bbox 632 1535 735 1586; x_wconf 87' lang='lat' dir='ltr'><strong>seriora</strong></span> 
     </span>
     <span class='ocr_line' id='line_1_14' title="bbox 188 1603 627 1672; baseline -0.007 -15"><span class='ocrx_word' id='word_1_88' title='bbox 188 1606 325 1672; x_wconf 81' lang='lat' dir='ltr'>pertinent</span> <span class='ocrx_word' id='word_1_89' title='bbox 344 1607 483 1670; x_wconf 85' lang='lat' dir='ltr'><strong>ternpore,</strong></span> <span class='ocrx_word' id='word_1_90' title='bbox 502 1603 627 1654; x_wconf 88' lang='lat' dir='ltr'><strong>adiectis.</strong></span> 
     </span>
    </p>
   </div>
   <div class='ocr_carea' id='block_1_6' title="bbox 348 1777 569 1832">
    <p class='ocr_par' dir='ltr' id='par_1_9' title="bbox 348 1777 569 1832">
     <span class='ocr_line' id='line_1_15' title="bbox 348 1777 569 1832; baseline 0.005 -2"><span class='ocrx_word' id='word_1_91' title='bbox 348 1778 414 1830; x_wconf 80' lang='lat' dir='ltr'><strong>Car.</strong></span> <span class='ocrx_word' id='word_1_92' title='bbox 435 1777 569 1832; x_wconf 82' lang='lat' dir='ltr'>LXXXV.</span> 
     </span>
    </p>
   </div>
   <div class='ocr_carea' id='block_1_7' title="bbox 131 1871 737 4460">
    <p class='ocr_par' dir='ltr' id='par_1_10' title="bbox 131 1871 737 4460">
     <span class='ocr_line' id='line_1_16' title="bbox 222 1871 735 1948; baseline -0.002 -16"><span class='ocrx_word' id='word_1_93' title='bbox 222 1880 274 1932; x_wconf 81' lang='grc' dir='ltr'><strong>τοῦ</strong></span> <span class='ocrx_word' id='word_1_94' title='bbox 297 1877 345 1932; x_wconf 78' lang='lat' dir='ltr'><strong>sul</strong></span> <span class='ocrx_word' id='word_1_95' title='bbox 367 1871 524 1944; x_wconf 78' lang='grc' dir='ltr'><strong><em>πρότερον.</em></strong></span> <span class='ocrx_word' id='word_1_96' title='bbox 537 1871 735 1948; x_wconf 69' lang='grc' dir='ltr'><strong><em>ἐπεμνήσθην]</em></strong></span> 
     </span>
     <span class='ocr_line' id='line_1_17' title="bbox 188 1951 735 2016; baseline 0 -14"><span class='ocrx_word' id='word_1_97' title='bbox 188 1951 252 2004; x_wconf 85' lang='lat' dir='ltr'><strong>Vid</strong></span> <span class='ocrx_word' id='word_1_98' title='bbox 268 1951 353 2016; x_wconf 80' lang='grc' dir='ltr'>Ι,31.</span> <span class='ocrx_word' id='word_1_99' title='bbox 378 1952 412 2004; x_wconf 86' lang='grc'><strong>88</strong></span> <span class='ocrx_word' id='word_1_100' title='bbox 436 1957 464 2003; x_wconf 91' lang='lat' dir='ltr'><strong>et</strong></span> <span class='ocrx_word' id='word_1_101' title='bbox 481 1967 552 2016; x_wconf 87' lang='lat' dir='ltr'><strong>quae</strong></span> <span class='ocrx_word' id='word_1_102' title='bbox 576 1952 611 2002; x_wconf 90' lang='lat' dir='ltr'><strong>ab</strong></span> <span class='ocrx_word' id='word_1_103' title='bbox 633 1957 735 2004; x_wconf 87' lang='lat' dir='ltr'><strong>utrum·</strong></span> 
     </span>
     <span class='ocr_line' id='line_1_18' title="bbox 191 2015 735 2088; baseline -0.006 -14"><span class='ocrx_word' id='word_1_104' title='bbox 191 2038 244 2088; x_wconf 91' lang='lat' dir='ltr'><strong>que</strong></span> <span class='ocrx_word' id='word_1_105' title='bbox 262 2024 351 2074; x_wconf 90' lang='lat' dir='ltr'><strong>locum</strong></span> <span class='ocrx_word' id='word_1_106' title='bbox 369 2023 618 2074; x_wconf 75' lang='lat' dir='ltr'><strong>adnotavimus—</strong></span> <span class='ocrx_word' id='word_1_107' title='bbox 636 2039 671 2072; x_wconf 90' lang='grc' dir='ltr'><strong>τα</strong></span> <span class='ocrx_word' id='word_1_108' title='bbox 659 2015 735 2078; x_wconf 74' lang='lat' dir='ltr'><strong>aiv</strong></span> 
     </span>
     <span class='ocr_line' id='line_1_19' title="bbox 191 2083 737 2158; baseline -0.002 -14"><span class='ocrx_word' id='word_1_109' title='bbox 191 2089 261 2144; x_wconf 76' lang='grc' dir='ltr'><strong><em>ἄλλα</em></strong></span> <span class='ocrx_word' id='word_1_110' title='bbox 284 2083 436 2156; x_wconf 74' lang='grc' dir='ltr'><strong><em>ἔπειειιιὴς,</em></strong></span> <span class='ocrx_word' id='word_1_111' title='bbox 460 2093 497 2142; x_wconf 83' lang='lat' dir='ltr'><strong>ad</strong></span> <span class='ocrx_word' id='word_1_112' title='bbox 518 2102 623 2144; x_wconf 81' lang='lat' dir='ltr'><strong>caetera</strong></span> <span class='ocrx_word' id='word_1_113' title='bbox 641 2094 737 2158; x_wconf 80' lang='lat' dir='ltr'><strong>pridem</strong></span> 
     </span>
     <span class='ocr_line' id='line_1_20' title="bbox 192 2162 736 2228; baseline 0 -14"><span class='ocrx_word' id='word_1_114' title='bbox 192 2171 308 2228; x_wconf 77' lang='lat' dir='ltr'><strong>epirus.</strong></span> <span class='ocrx_word' id='word_1_115' title='bbox 327 2167 357 2213; x_wconf 88' lang='lat' dir='ltr'><strong>ut</strong></span> <span class='ocrx_word' id='word_1_116' title='bbox 372 2162 453 2228; x_wconf 80' lang='lat' dir='ltr'><strong>vulgo</strong></span> <span class='ocrx_word' id='word_1_117' title='bbox 477 2162 607 2214; x_wconf 85' lang='lat' dir='ltr'><strong>reddunt:</strong></span> <span class='ocrx_word' id='word_1_118' title='bbox 631 2173 736 2214; x_wconf 83' lang='lat' dir='ltr'><strong>caetero</strong></span> 
     </span>
     <span class='ocr_line' id='line_1_21' title="bbox 193 2233 475 2312; baseline 0 -28"><span class='ocrx_word' id='word_1_119' title='bbox 193 2233 313 2312; x_wconf 43' lang='lat' dir='ltr'><strong>quiden.</strong></span> <span class='ocrx_word' id='word_1_120' title='bbox 306 2247 353 2283; x_wconf 84' lang='grc' dir='ltr'><strong><em>ποιι</em></strong></span> <span class='ocrx_word' id='word_1_121' title='bbox 345 2234 475 2312; x_wconf 82' lang='lat' dir='ltr'><strong>ineptus.</strong></span> 
     </span>
     <span class='ocr_line' id='line_1_22' title="bbox 227 2289 733 2383; baseline 0 -32"><span class='ocrx_word' id='word_1_122' title='bbox 227 2293 257 2351; x_wconf 74' lang='grc' dir='ltr'><strong>ἐν</strong></span> <span class='ocrx_word' id='word_1_123' title='bbox 278 2300 313 2383; x_wconf 67' lang='grc' dir='ltr'><strong><em>ήῇ</em></strong></span> <span class='ocrx_word' id='word_1_124' title='bbox 334 2289 375 2352; x_wconf 78' lang='lat' dir='ltr'><strong>civ</strong></span> <span class='ocrx_word' id='word_1_125' title='bbox 396 2292 582 2368; x_wconf 72' lang='grc' dir='ltr'><strong><em>παρελθούσῃ</em></strong></span> <span class='ocrx_word' id='word_1_126' title='bbox 612 2316 643 2351; x_wconf 86' lang='grc' dir='ltr'><strong>ει</strong></span> <span class='ocrx_word' id='word_1_127' title='bbox 635 2292 733 2366; x_wconf 85' lang='grc' dir='ltr'><strong><em>εστοι]</em></strong></span> 
     </span>
     <span class='ocr_line' id='line_1_23' title="bbox 190 2363 734 2440; baseline -0.004 -16"><span class='ocrx_word' id='word_1_128' title='bbox 190 2363 294 2429; x_wconf 74' lang='lat' dir='ltr'><strong>etiami</strong></span> <span class='ocrx_word' id='word_1_129' title='bbox 319 2373 406 2424; x_wconf 85' lang='lat' dir='ltr'><strong>rarius</strong></span> <span class='ocrx_word' id='word_1_130' title='bbox 431 2373 538 2440; x_wconf 89' lang='lat' dir='ltr'><strong>quidem</strong></span> <span class='ocrx_word' id='word_1_131' title='bbox 562 2371 734 2434; x_wconf 81' lang='lat' dir='ltr'><strong>vocabulum,</strong></span> 
     </span>
     <span class='ocr_line' id='line_1_24' title="bbox 191 2441 734 2509; baseline -0.004 -15"><span class='ocrx_word' id='word_1_132' title='bbox 191 2442 238 2494; x_wconf 88' lang='lat' dir='ltr'><strong>aad</strong></span> <span class='ocrx_word' id='word_1_133' title='bbox 254 2443 440 2509; x_wconf 73' lang='lat' dir='ltr'><strong>grammaticis</strong></span> <span class='ocrx_word' id='word_1_134' title='bbox 452 2443 598 2508; x_wconf 75' lang='lat' dir='ltr'><strong>aliquoties</strong></span> <span class='ocrx_word' id='word_1_135' title='bbox 617 2441 734 2506; x_wconf 87' lang='lat' dir='ltr'><strong>explica-</strong></span> 
     </span>
     <span class='ocr_line' id='line_1_25' title="bbox 188 2513 732 2578; baseline -0.004 -14"><span class='ocrx_word' id='word_1_136' title='bbox 188 2519 255 2564; x_wconf 88' lang='lat' dir='ltr'><strong>tum.</strong></span> <span class='ocrx_word' id='word_1_137' title='bbox 282 2513 410 2565; x_wconf 78' lang='lat' dir='ltr'><strong>Occurrit</strong></span> <span class='ocrx_word' id='word_1_138' title='bbox 425 2513 496 2577; x_wconf 90' lang='lat' dir='ltr'><strong>apud</strong></span> <span class='ocrx_word' id='word_1_139' title='bbox 509 2514 626 2578; x_wconf 78' lang='lat' dir='ltr'><strong>Diogen.</strong></span> <span class='ocrx_word' id='word_1_140' title='bbox 640 2514 732 2564; x_wconf 85' lang='lat' dir='ltr'><strong>Laert.</strong></span> 
     </span>
     <span class='ocr_line' id='line_1_26' title="bbox 189 2583 732 2648; baseline -0.004 -12"><span class='ocrx_word' id='word_1_141' title='bbox 189 2585 243 2644; x_wconf 84' lang='lat' dir='ltr'><strong>IX,</strong></span> <span class='ocrx_word' id='word_1_142' title='bbox 261 2585 306 2635; x_wconf 79' lang='grc'><strong>15.</strong></span> <span class='ocrx_word' id='word_1_143' title='bbox 335 2583 462 2648; x_wconf 79' lang='lat' dir='ltr'><strong>Aeschyl.</strong></span> <span class='ocrx_word' id='word_1_144' title='bbox 488 2585 646 2648; x_wconf 81' lang='lat' dir='ltr'><strong>Agamemn.</strong></span> <span class='ocrx_word' id='word_1_145' title='bbox 671 2583 732 2635; x_wconf 81' lang='grc'>8411.</span> 
     </span>
     <span class='ocr_line' id='line_1_27' title="bbox 187 2652 733 2718; baseline -0.004 -13"><span class='ocrx_word' id='word_1_146' title='bbox 187 2653 249 2705; x_wconf 82' lang='grc'>938.</span> <span class='ocrx_word' id='word_1_147' title='bbox 275 2652 392 2718; x_wconf 74' lang='grc'>(1.880.</span> <span class='ocrx_word' id='word_1_148' title='bbox 421 2655 472 2705; x_wconf 80' lang='grc'><strong>902</strong></span> <span class='ocrx_word' id='word_1_149' title='bbox 500 2669 532 2704; x_wconf 89' lang='lat' dir='ltr'><strong>ex</strong></span> <span class='ocrx_word' id='word_1_150' title='bbox 561 2653 603 2704; x_wconf 91' lang='lat' dir='ltr'><strong>ed.</strong></span> <span class='ocrx_word' id='word_1_151' title='bbox 623 2652 733 2716; x_wconf 61' lang='lat' dir='ltr'><strong>Blomf„</strong></span> 
     </span>
     <span class='ocr_line' id='line_1_28' title="bbox 131 2723 733 2791; baseline 0.008 -21"><span class='ocrx_word' id='word_1_152' title='bbox 131 2763 136 2770; x_wconf 94' lang='lat'>.</span> <span class='ocrx_word' id='word_1_153' title='bbox 174 2740 267 2791; x_wconf 76' lang='lat' dir='ltr'><strong>quem</strong></span> <span class='ocrx_word' id='word_1_154' title='bbox 281 2724 357 2775; x_wconf 80' lang='lat' dir='ltr'><strong>rid.</strong></span> <span class='ocrx_word' id='word_1_155' title='bbox 349 2741 378 2775; x_wconf 89' lang='lat' dir='ltr'><strong>ru</strong></span> <span class='ocrx_word' id='word_1_156' title='bbox 390 2723 512 2776; x_wconf 84' lang='lat' dir='ltr'><strong>Glossar.</strong></span> <span class='ocrx_word' id='word_1_157' title='bbox 526 2723 561 2774; x_wconf 92' lang='lat' dir='ltr'><strong>ad</strong></span> <span class='ocrx_word' id='word_1_158' title='bbox 575 2723 638 2787; x_wconf 84' lang='grc'>838)</span> <span class='ocrx_word' id='word_1_159' title='bbox 657 2725 733 2789; x_wconf 85' lang='lat' dir='ltr'><strong>Sept.</strong></span> 
     </span>
     <span class='ocr_line' id='line_1_29' title="bbox 188 2793 734 2857; baseline 0 -13"><span class='ocrx_word' id='word_1_160' title='bbox 188 2793 284 2846; x_wconf 89' lang='lat' dir='ltr'>.Tb.</span> <span class='ocrx_word' id='word_1_161' title='bbox 305 2795 369 2856; x_wconf 93' lang='grc'>171,</span> <span class='ocrx_word' id='word_1_162' title='bbox 391 2795 439 2844; x_wconf 90' lang='lat' dir='ltr'><strong>ubi</strong></span> <span class='ocrx_word' id='word_1_163' title='bbox 463 2793 573 2846; x_wconf 80' lang='lat' dir='ltr'><strong>Scholia</strong></span> <span class='ocrx_word' id='word_1_164' title='bbox 596 2799 734 2857; x_wconf 88' lang='lat' dir='ltr'><strong>exponunt</strong></span> 
     </span>
     <span class='ocr_line' id='line_1_30' title="bbox 188 2832 734 2930; baseline 0.002 -16"><span class='ocrx_word' id='word_1_165' title='bbox 188 2832 373 2926; x_wconf 71' lang='grc' dir='ltr'><strong><em>εὐδαιμονία,</em></strong></span> <span class='ocrx_word' id='word_1_166' title='bbox 392 2878 422 2912; x_wconf 86' lang='grc' dir='ltr'><strong>ει</strong></span> <span class='ocrx_word' id='word_1_167' title='bbox 414 2854 531 2928; x_wconf 75' lang='lat' dir='ltr'><strong>lipsio</strong></span> <span class='ocrx_word' id='word_1_168' title='bbox 552 2879 633 2930; x_wconf 84' lang='lat' dir='ltr'><strong>quam</strong></span> <span class='ocrx_word' id='word_1_169' title='bbox 647 2864 734 2928; x_wconf 81' lang='lat' dir='ltr'><strong>ipsam</strong></span> 
     </span>
     <span class='ocr_line' id='line_1_31' title="bbox 187 2933 733 3000; baseline 0.004 -16"><span class='ocrx_word' id='word_1_170' title='bbox 187 2933 315 2986; x_wconf 81' lang='lat' dir='ltr'><strong>voculam</strong></span> <span class='ocrx_word' id='word_1_171' title='bbox 337 2934 512 2986; x_wconf 85' lang='lat' dir='ltr'><strong>Herodoteae</strong></span> <span class='ocrx_word' id='word_1_172' title='bbox 539 2949 650 3000; x_wconf 85' lang='lat' dir='ltr'><strong>quoque</strong></span> <span class='ocrx_word' id='word_1_173' title='bbox 670 2935 733 2986; x_wconf 83' lang='lat' dir='ltr'><strong>voci</strong></span> 
     </span>
     <span class='ocr_line' id='line_1_32' title="bbox 190 3002 734 3070; baseline -0.004 -14"><span class='ocrx_word' id='word_1_174' title='bbox 190 3002 369 3070; x_wconf 76' lang='lat' dir='ltr'><strong>explicandae</strong></span> <span class='ocrx_word' id='word_1_175' title='bbox 381 3003 445 3055; x_wconf 88' lang='lat' dir='ltr'><strong>olim</strong></span> <span class='ocrx_word' id='word_1_176' title='bbox 458 3005 486 3055; x_wconf 90' lang='lat' dir='ltr'><strong>in</strong></span> <span class='ocrx_word' id='word_1_177' title='bbox 497 3005 620 3070; x_wconf 78' lang='lat' dir='ltr'><strong>margine</strong></span> <span class='ocrx_word' id='word_1_178' title='bbox 631 3004 734 3055; x_wconf 89' lang='lat' dir='ltr'><strong>adscri-</strong></span> 
     </span>
     <span class='ocr_line' id='line_1_33' title="bbox 187 3073 733 3140; baseline -0.002 -14"><span class='ocrx_word' id='word_1_179' title='bbox 187 3080 263 3140; x_wconf 85' lang='lat' dir='ltr'><strong>ptam</strong></span> <span class='ocrx_word' id='word_1_180' title='bbox 281 3073 404 3140; x_wconf 80' lang='lat' dir='ltr'><strong>meisque</strong></span> <span class='ocrx_word' id='word_1_181' title='bbox 417 3075 479 3125; x_wconf 91' lang='lat' dir='ltr'><strong>dein</strong></span> <span class='ocrx_word' id='word_1_182' title='bbox 499 3076 526 3124; x_wconf 92' lang='lat' dir='ltr'><strong>in</strong></span> <span class='ocrx_word' id='word_1_183' title='bbox 544 3076 633 3139; x_wconf 90' lang='lat' dir='ltr'><strong>ipsum</strong></span> <span class='ocrx_word' id='word_1_184' title='bbox 651 3074 733 3126; x_wconf 91' lang='lat' dir='ltr'><strong>libro-</strong></span> 
     </span>
     <span class='ocr_line' id='line_1_34' title="bbox 186 3145 732 3208; baseline -0.002 -12"><span class='ocrx_word' id='word_1_185' title='bbox 186 3161 246 3196; x_wconf 88' lang='lat' dir='ltr'><strong>rum</strong></span> <span class='ocrx_word' id='word_1_186' title='bbox 272 3150 376 3196; x_wconf 87' lang='lat' dir='ltr'><strong>textum</strong></span> <span class='ocrx_word' id='word_1_187' title='bbox 402 3145 544 3208; x_wconf 73' lang='lat' dir='ltr'><strong>irrepsisse</strong></span> <span class='ocrx_word' id='word_1_188' title='bbox 570 3145 732 3196; x_wconf 81' lang='lat' dir='ltr'><strong>invenimus.</strong></span> 
     </span>
     <span class='ocr_line' id='line_1_35' title="bbox 187 3214 734 3278; baseline 0 -12"><span class='ocrx_word' id='word_1_189' title='bbox 187 3215 292 3266; x_wconf 82' lang='lat' dir='ltr'><strong>Nam&#39;</strong></span> <span class='ocrx_word' id='word_1_190' title='bbox 284 3231 312 3266; x_wconf 90' lang='lat' dir='ltr'><strong>m</strong></span> <span class='ocrx_word' id='word_1_191' title='bbox 332 3214 395 3266; x_wconf 76' lang='lat' dir='ltr'><strong>Aldi</strong></span> <span class='ocrx_word' id='word_1_192' title='bbox 418 3215 536 3266; x_wconf 88' lang='lat' dir='ltr'><strong>editione</strong></span> <span class='ocrx_word' id='word_1_193' title='bbox 562 3214 664 3278; x_wconf 72' lang='lat' dir='ltr'><strong>legitur</strong></span> <span class='ocrx_word' id='word_1_194' title='bbox 688 3215 734 3266; x_wconf 89' lang='lat' dir='ltr'><strong>hic</strong></span> 
     </span>
     <span class='ocr_line' id='line_1_36' title="bbox 186 3275 733 3368; baseline -0.004 -32"><span class='ocrx_word' id='word_1_195' title='bbox 186 3275 314 3350; x_wconf 75' lang='lat' dir='ltr'><strong>esidqvlqe</strong></span> <span class='ocrx_word' id='word_1_196' title='bbox 332 3285 477 3350; x_wconf 87' lang='lat' dir='ltr'><strong>itemque&#39;</strong></span> <span class='ocrx_word' id='word_1_197' title='bbox 470 3301 498 3336; x_wconf 84' lang='grc' dir='ltr'><strong><em>ιο</em></strong></span> <span class='ocrx_word' id='word_1_198' title='bbox 516 3285 649 3368; x_wconf 69' lang='lat' dir='ltr'><strong>Periqmis</strong></span> <span class='ocrx_word' id='word_1_199' title='bbox 667 3301 733 3336; x_wconf 90' lang='lat' dir='ltr'><strong>non</strong></span> 
     </span>
     <span class='ocr_line' id='line_1_37' title="bbox 187 3353 733 3421; baseline 0 -17"><span class='ocrx_word' id='word_1_200' title='bbox 187 3353 269 3406; x_wconf 89' lang='lat' dir='ltr'><strong>nullis</strong></span> <span class='ocrx_word' id='word_1_201' title='bbox 279 3354 419 3406; x_wconf 81' lang='lat' dir='ltr'><strong>codicibus</strong></span> <span class='ocrx_word' id='word_1_202' title='bbox 433 3355 478 3406; x_wconf 91' lang='lat' dir='ltr'><strong>et&#39;</strong></span> <span class='ocrx_word' id='word_1_203' title='bbox 470 3371 503 3416; x_wconf 78' lang='lat' dir='ltr'><strong>ru</strong></span> <span class='ocrx_word' id='word_1_204' title='bbox 510 3353 631 3421; x_wconf 76' lang='lat' dir='ltr'><strong>margine</strong></span> <span class='ocrx_word' id='word_1_205' title='bbox 641 3353 733 3406; x_wconf 82' lang='lat' dir='ltr'><strong>Schel-</strong></span> 
     </span>
     <span class='ocr_line' id='line_1_38' title="bbox 186 3423 734 3511; baseline -0.004 -35"><span class='ocrx_word' id='word_1_206' title='bbox 186 3423 369 3488; x_wconf 86' lang='lat' dir='ltr'><strong>lershemiani,</strong></span> <span class='ocrx_word' id='word_1_207' title='bbox 383 3425 430 3490; x_wconf 91' lang='lat' dir='ltr'><strong>qui</strong></span> <span class='ocrx_word' id='word_1_208' title='bbox 441 3425 552 3476; x_wconf 70' lang='lat' dir='ltr'><strong>menen</strong></span> <span class='ocrx_word' id='word_1_209' title='bbox 544 3441 572 3506; x_wconf 80' lang='grc' dir='ltr'><strong><em>ιμ</em></strong></span> <span class='ocrx_word' id='word_1_210' title='bbox 583 3425 647 3511; x_wconf 85' lang='lat' dir='ltr'><strong>ipsq</strong></span> <span class='ocrx_word' id='word_1_211' title='bbox 657 3429 734 3476; x_wconf 87' lang='lat' dir='ltr'><strong>textu</strong></span> 
     </span>
     <span class='ocr_line' id='line_1_39' title="bbox 187 3493 734 3558; baseline 0 -12"><span class='ocrx_word' id='word_1_212' title='bbox 187 3493 267 3546; x_wconf 75' lang='lat' dir='ltr'><strong>offert</strong></span> <span class='ocrx_word' id='word_1_213' title='bbox 275 3509 368 3544; x_wconf 86' lang='lat' dir='ltr'><strong>veram</strong></span> <span class='ocrx_word' id='word_1_214' title='bbox 377 3495 563 3547; x_wconf 85' lang='lat' dir='ltr'><strong>leotronem</strong></span> <span class='ocrx_word' id='word_1_215' title='bbox 531 3509 563 3545; x_wconf 86' lang='grc' dir='ltr'><strong>ει</strong></span> <span class='ocrx_word' id='word_1_216' title='bbox 565 3495 647 3544; x_wconf 86' lang='grc' dir='ltr'><strong><em>εσιοι</em></strong></span> <span class='ocrx_word' id='word_1_217' title='bbox 643 3495 734 3558; x_wconf 86' lang='lat' dir='ltr'><strong>,quod</strong></span> 
     </span>
     <span class='ocr_line' id='line_1_40' title="bbox 186 3555 733 3630; baseline -0.006 -14"><span class='ocrx_word' id='word_1_218' title='bbox 186 3565 330 3616; x_wconf 85' lang='lat' dir='ltr'><strong>descendit</strong></span> <span class='ocrx_word' id='word_1_219' title='bbox 352 3565 387 3616; x_wconf 86' lang='lat' dir='ltr'><strong>ab</strong></span> <span class='ocrx_word' id='word_1_220' title='bbox 411 3555 529 3622; x_wconf 73' lang='grc' dir='ltr'><strong><em>εὐεστὼ,</em></strong></span> <span class='ocrx_word' id='word_1_221' title='bbox 561 3567 733 3630; x_wconf 80' lang='lat' dir='ltr'><strong>prosperitus.</strong></span> 
     </span>
     <span class='ocr_line' id='line_1_41' title="bbox 186 3632 735 3686; baseline -0.007 0"><span class='ocrx_word' id='word_1_222' title='bbox 186 3637 230 3686; x_wconf 89' lang='lat' dir='ltr'><strong>Tu</strong></span> <span class='ocrx_word' id='word_1_223' title='bbox 252 3634 308 3686; x_wconf 83' lang='lat' dir='ltr'><strong>vid.</strong></span> <span class='ocrx_word' id='word_1_224' title='bbox 332 3634 484 3686; x_wconf 87' lang='lat' dir='ltr'><strong>Blomfield.</strong></span> <span class='ocrx_word' id='word_1_225' title='bbox 510 3635 538 3684; x_wconf 90' lang='lat' dir='ltr'><strong>in</strong></span> <span class='ocrx_word' id='word_1_226' title='bbox 556 3633 678 3686; x_wconf 83' lang='lat' dir='ltr'><strong>Glossur.</strong></span> <span class='ocrx_word' id='word_1_227' title='bbox 699 3632 735 3682; x_wconf 89' lang='lat' dir='ltr'><strong>ad</strong></span> 
     </span>
     <span class='ocr_line' id='line_1_42' title="bbox 186 3705 734 3770; baseline -0.009 -14"><span class='ocrx_word' id='word_1_228' title='bbox 186 3705 285 3756; x_wconf 80' lang='lat' dir='ltr'><strong>Aasch.</strong></span> <span class='ocrx_word' id='word_1_229' title='bbox 303 3705 330 3756; x_wconf 83' lang='lat' dir='ltr'>S.</span> <span class='ocrx_word' id='word_1_230' title='bbox 347 3721 372 3756; x_wconf 88' lang='lat' dir='ltr'><strong>c.</strong></span> <span class='ocrx_word' id='word_1_231' title='bbox 391 3705 442 3756; x_wconf 88' lang='lat' dir='ltr'>Th.</span> <span class='ocrx_word' id='word_1_232' title='bbox 464 3705 533 3762; x_wconf 90' lang='grc'>171,</span> <span class='ocrx_word' id='word_1_233' title='bbox 551 3705 598 3770; x_wconf 91' lang='lat' dir='ltr'><strong>qui</strong></span> <span class='ocrx_word' id='word_1_234' title='bbox 616 3718 667 3752; x_wconf 84' lang='lat' dir='ltr'><strong>nec</strong></span> <span class='ocrx_word' id='word_1_235' title='bbox 686 3719 734 3752; x_wconf 92' lang='lat' dir='ltr'><strong>no-</strong></span> 
     </span>
     <span class='ocr_line' id='line_1_43' title="bbox 186 3773 734 3840; baseline -0.009 -14"><span class='ocrx_word' id='word_1_236' title='bbox 186 3779 273 3826; x_wconf 89' lang='lat' dir='ltr'><strong>strum</strong></span> <span class='ocrx_word' id='word_1_237' title='bbox 298 3776 438 3840; x_wconf 74' lang='lat' dir='ltr'><strong>praeteriit</strong></span> <span class='ocrx_word' id='word_1_238' title='bbox 459 3773 565 3834; x_wconf 90' lang='lat' dir='ltr'><strong>locum,</strong></span> <span class='ocrx_word' id='word_1_239' title='bbox 591 3789 642 3823; x_wconf 83' lang='lat' dir='ltr'><strong>nec</strong></span> <span class='ocrx_word' id='word_1_240' title='bbox 668 3773 734 3822; x_wconf 85' lang='lat' dir='ltr'><strong>alte-</strong></span> 
     </span>
     <span class='ocr_line' id='line_1_44' title="bbox 185 3841 733 3924; baseline -0.007 -28"><span class='ocrx_word' id='word_1_241' title='bbox 185 3861 245 3896; x_wconf 86' lang='lat' dir='ltr'><strong>rum</strong></span> <span class='ocrx_word' id='word_1_242' title='bbox 255 3845 305 3906; x_wconf 86' lang='lat' dir='ltr'><strong>IX</strong></span> <span class='ocrx_word' id='word_1_243' title='bbox 317 3846 361 3908; x_wconf 82' lang='lat'><strong>85,</strong></span> <span class='ocrx_word' id='word_1_244' title='bbox 380 3845 451 3896; x_wconf 87' lang='lat' dir='ltr'><strong>ubi&#39;</strong></span> <span class='ocrx_word' id='word_1_245' title='bbox 443 3843 596 3924; x_wconf 82' lang='lat' dir='ltr'><strong>rnreqimua</strong></span> <span class='ocrx_word' id='word_1_246' title='bbox 614 3841 733 3893; x_wconf 89' lang='lat' dir='ltr'><strong>eiusdem</strong></span> 
     </span>
     <span class='ocr_line' id='line_1_45' title="bbox 184 3905 732 3978; baseline -0.009 -12"><span class='ocrx_word' id='word_1_247' title='bbox 184 3915 280 3978; x_wconf 86' lang='lat' dir='ltr'><strong>stirpis</strong></span> <span class='ocrx_word' id='word_1_248' title='bbox 297 3930 395 3966; x_wconf 90' lang='lat' dir='ltr'><strong>nomeu</strong></span> <span class='ocrx_word' id='word_1_249' title='bbox 407 3905 520 3964; x_wconf 76' lang='grc' dir='ltr'><strong><em>ἄπεστιν</em></strong></span> <span class='ocrx_word' id='word_1_250' title='bbox 515 3905 669 3970; x_wconf 74' lang='lat' dir='ltr'><strong>(emiliani.</strong></span> <span class='ocrx_word' id='word_1_251' title='bbox 689 3913 732 3965; x_wconf 85' lang='lat' dir='ltr'><strong>Or.</strong></span> 
     </span>
     <span class='ocr_line' id='line_1_46' title="bbox 186 3980 732 4064; baseline -0.011 -26"><span class='ocrx_word' id='word_1_252' title='bbox 186 3985 385 4038; x_wconf 85' lang='lat' dir='ltr'><strong>additKuster.</strong></span> <span class='ocrx_word' id='word_1_253' title='bbox 400 3981 585 4064; x_wconf 77' lang='lat' dir='ltr'><strong>adlamblich.</strong></span> <span class='ocrx_word' id='word_1_254' title='bbox 597 3997 660 4047; x_wconf 73' lang='lat' dir='ltr'><strong>pag.</strong></span> <span class='ocrx_word' id='word_1_255' title='bbox 674 3980 732 4033; x_wconf 77' lang='grc'>188.</span> 
     </span>
     <span class='ocr_line' id='line_1_47' title="bbox 185 4043 735 4112; baseline -0.009 -6"><span class='ocrx_word' id='word_1_256' title='bbox 185 4057 228 4106; x_wconf 87' lang='lat' dir='ltr'><strong>De</strong></span> <span class='ocrx_word' id='word_1_257' title='bbox 252 4055 341 4112; x_wconf 78' lang='lat' dir='ltr'><strong>dativi</strong></span> <span class='ocrx_word' id='word_1_258' title='bbox 358 4055 446 4106; x_wconf 79' lang='lat' dir='ltr'><strong>forma</strong></span> <span class='ocrx_word' id='word_1_259' title='bbox 463 4043 577 4104; x_wconf 75' lang='grc' dir='ltr'><strong><em>εὐεστοῖ</em></strong></span> <span class='ocrx_word' id='word_1_260' title='bbox 592 4051 647 4102; x_wconf 82' lang='lat' dir='ltr'><strong>rid.</strong></span> <span class='ocrx_word' id='word_1_261' title='bbox 669 4053 735 4102; x_wconf 91' lang='lat' dir='ltr'><strong>Bre-</strong></span> 
     </span>
     <span class='ocr_line' id='line_1_48' title="bbox 186 4121 734 4190; baseline -0.011 -14"><span class='ocrx_word' id='word_1_262' title='bbox 186 4126 250 4177; x_wconf 85' lang='lat' dir='ltr'><strong>dov.</strong></span> <span class='ocrx_word' id='word_1_263' title='bbox 276 4141 303 4188; x_wconf 91' lang='lat' dir='ltr'><strong>p.</strong></span> <span class='ocrx_word' id='word_1_264' title='bbox 322 4126 374 4175; x_wconf 85' lang='grc'><strong>272</strong></span> <span class='ocrx_word' id='word_1_265' title='bbox 398 4139 472 4190; x_wconf 88' lang='lat' dir='ltr'><strong>seq..</strong></span> <span class='ocrx_word' id='word_1_266' title='bbox 495 4123 541 4189; x_wconf 91' lang='lat' dir='ltr'><strong>qui</strong></span> <span class='ocrx_word' id='word_1_267' title='bbox 561 4121 657 4172; x_wconf 85' lang='lat' dir='ltr'><strong>similis</strong></span> <span class='ocrx_word' id='word_1_268' title='bbox 679 4121 734 4172; x_wconf 82' lang='lat' dir='ltr'><strong>sor-</strong></span> 
     </span>
     <span class='ocr_line' id='line_1_49' title="bbox 185 4190 733 4252; baseline -0.011 -7"><span class='ocrx_word' id='word_1_269' title='bbox 185 4211 245 4246; x_wconf 85' lang='lat' dir='ltr'><strong>mae</strong></span> <span class='ocrx_word' id='word_1_270' title='bbox 267 4195 378 4246; x_wconf 85' lang='lat' dir='ltr'><strong>dativus</strong></span> <span class='ocrx_word' id='word_1_271' title='bbox 406 4211 439 4246; x_wconf 87' lang='lat' dir='ltr'><strong>ex</strong></span> <span class='ocrx_word' id='word_1_272' title='bbox 458 4193 601 4244; x_wconf 86' lang='lat' dir='ltr'><strong>Herodoto</strong></span> <span class='ocrx_word' id='word_1_273' title='bbox 630 4190 733 4252; x_wconf 88' lang='lat' dir='ltr'><strong>attulit,</strong></span> 
     </span>
     <span class='ocr_line' id='line_1_50' title="bbox 186 4260 734 4348; baseline -0.011 -32"><span class='ocrx_word' id='word_1_274' title='bbox 186 4269 315 4348; x_wconf 75' lang='lat' dir='ltr'><strong>atqqrep.</strong></span> <span class='ocrx_word' id='word_1_275' title='bbox 340 4263 400 4316; x_wconf 79' lang='grc'>148.</span> <span class='ocrx_word' id='word_1_276' title='bbox 436 4265 548 4324; x_wconf 79' lang='lat' dir='ltr'><strong>Restat,</strong></span> <span class='ocrx_word' id='word_1_277' title='bbox 570 4267 603 4312; x_wconf 87' lang='lat' dir='ltr'><strong>ut</strong></span> <span class='ocrx_word' id='word_1_278' title='bbox 618 4260 734 4312; x_wconf 86' lang='lat' dir='ltr'><strong>Valcke-</strong></span> 
     </span>
     <span class='ocr_line' id='line_1_51' title="bbox 185 4331 733 4386; baseline -0.013 0"><span class='ocrx_word' id='word_1_279' title='bbox 185 4336 318 4386; x_wconf 80' lang='lat' dir='ltr'><strong>narianee</strong></span> <span class='ocrx_word' id='word_1_280' title='bbox 342 4333 542 4386; x_wconf 87' lang='lat' dir='ltr'><strong>emendationis</strong></span> <span class='ocrx_word' id='word_1_281' title='bbox 569 4331 733 4382; x_wconf 87' lang='lat' dir='ltr'><strong>mentionem</strong></span> 
     </span>
     <span class='ocr_line' id='line_1_52' title="bbox 186 4399 732 4460; baseline -0.015 -2"><span class='ocrx_word' id='word_1_282' title='bbox 186 4405 332 4460; x_wconf 85' lang='lat' dir='ltr'><strong>iaciamus.</strong></span> <span class='ocrx_word' id='word_1_283' title='bbox 373 4403 441 4456; x_wconf 77' lang='lat' dir='ltr'><strong>Cum</strong></span> <span class='ocrx_word' id='word_1_284' title='bbox 464 4403 536 4455; x_wconf 88' lang='lat' dir='ltr'><strong>euim</strong></span> <span class='ocrx_word' id='word_1_285' title='bbox 557 4401 586 4454; x_wconf 88' lang='lat' dir='ltr'><strong>iu</strong></span> <span class='ocrx_word' id='word_1_286' title='bbox 608 4399 732 4454; x_wconf 82' lang='lat' dir='ltr'><strong>Mediceo</strong></span> 
     </span>
    </p>
   </div>
   <div class='ocr_carea' id='block_1_8' title="bbox 782 1238 1357 4466">
    <p class='ocr_par' dir='ltr' id='par_1_11' title="bbox 783 1238 1333 2368">
     <span class='ocr_line' id='line_1_53' title="bbox 788 1238 1330 1308; baseline 0 -5"><span class='ocrx_word' id='word_1_287' title='bbox 788 1251 833 1303; x_wconf 92' lang='lat' dir='ltr'><strong>hic</strong></span> <span class='ocrx_word' id='word_1_288' title='bbox 851 1250 1008 1301; x_wconf 83' lang='lat' dir='ltr'><strong>inveniatur</strong></span> <span class='ocrx_word' id='word_1_289' title='bbox 1023 1238 1127 1308; x_wconf 79' lang='grc' dir='ltr'><strong><em>εὐειοι,</em></strong></span> <span class='ocrx_word' id='word_1_290' title='bbox 1146 1249 1330 1302; x_wconf 85' lang='lat' dir='ltr'><strong>Herodoteum</strong></span> 
     </span>
     <span class='ocr_line' id='line_1_54' title="bbox 788 1319 1331 1404; baseline -0.007 -30"><span class='ocrx_word' id='word_1_291' title='bbox 788 1337 848 1374; x_wconf 86' lang='lat' dir='ltr'><strong>esse</strong></span> <span class='ocrx_word' id='word_1_292' title='bbox 872 1321 1065 1404; x_wconf 73' lang='lat' dir='ltr'><strong>auspicabatur</strong></span> <span class='ocrx_word' id='word_1_293' title='bbox 1090 1320 1133 1369; x_wconf 79' lang='lat' dir='ltr'><strong>vir</strong></span> <span class='ocrx_word' id='word_1_294' title='bbox 1159 1319 1331 1372; x_wconf 88' lang='lat' dir='ltr'><strong>doctissimus</strong></span> 
     </span>
     <span class='ocr_line' id='line_1_55' title="bbox 786 1379 1331 1454; baseline -0.004 -12"><span class='ocrx_word' id='word_1_295' title='bbox 786 1382 910 1442; x_wconf 78' lang='grc' dir='ltr'><strong><em>εὖειύϊ</em></strong></span> <span class='ocrx_word' id='word_1_296' title='bbox 931 1406 948 1440; x_wconf 96' lang='lat' dir='ltr'><strong>a</strong></span> <span class='ocrx_word' id='word_1_297' title='bbox 966 1391 1074 1440; x_wconf 89' lang='lat' dir='ltr'><strong>nomine</strong></span> <span class='ocrx_word' id='word_1_298' title='bbox 1099 1379 1211 1450; x_wconf 77' lang='grc' dir='ltr'><strong><em>εὗειῦς,</em></strong></span> <span class='ocrx_word' id='word_1_299' title='bbox 1235 1389 1331 1454; x_wconf 83' lang='lat' dir='ltr'><strong>forma,</strong></span> 
     </span>
     <span class='ocr_line' id='line_1_56' title="bbox 785 1429 1333 1542; baseline 0.005 -31"><span class='ocrx_word' id='word_1_300' title='bbox 785 1469 815 1513; x_wconf 92' lang='lat' dir='ltr'><strong>nt</strong></span> <span class='ocrx_word' id='word_1_301' title='bbox 833 1464 892 1527; x_wconf 91' lang='lat' dir='ltr'><strong>ipsa</strong></span> <span class='ocrx_word' id='word_1_302' title='bbox 914 1460 1071 1542; x_wconf 80' lang='lat' dir='ltr'><strong>coufitetqr,</strong></span> <span class='ocrx_word' id='word_1_303' title='bbox 1100 1458 1215 1540; x_wconf 80' lang='lat' dir='ltr'><strong>multum</strong></span> <span class='ocrx_word' id='word_1_304' title='bbox 1237 1429 1333 1528; x_wconf 77' lang='lat' dir='ltr'><strong>ntiqud</strong></span> 
     </span>
     <span class='ocr_line' id='line_1_57' title="bbox 784 1522 1331 1598; baseline -0.004 -14"><span class='ocrx_word' id='word_1_305' title='bbox 784 1534 887 1584; x_wconf 87' lang='lat' dir='ltr'><strong>reriore</strong></span> <span class='ocrx_word' id='word_1_306' title='bbox 911 1547 992 1598; x_wconf 88' lang='lat' dir='ltr'><strong>quarn</strong></span> <span class='ocrx_word' id='word_1_307' title='bbox 1018 1522 1132 1580; x_wconf 79' lang='lat' dir='ltr'><strong>edectco&#39;.</strong></span> <span class='ocrx_word' id='word_1_308' title='bbox 1169 1532 1207 1580; x_wconf 83' lang='lat' dir='ltr'><strong>Et</strong></span> <span class='ocrx_word' id='word_1_309' title='bbox 1225 1531 1310 1582; x_wconf 86' lang='lat' dir='ltr'><strong>alia</strong></span> <span class='ocrx_word' id='word_1_310' title='bbox 1303 1549 1331 1582; x_wconf 88' lang='lat' dir='ltr'><strong>ru</strong></span> 
     </span>
     <span class='ocr_line' id='line_1_58' title="bbox 784 1600 1331 1684; baseline 0 -30"><span class='ocrx_word' id='word_1_311' title='bbox 784 1603 903 1654; x_wconf 91' lang='lat' dir='ltr'><strong>medium</strong></span> <span class='ocrx_word' id='word_1_312' title='bbox 921 1600 1035 1684; x_wconf 75' lang='lat' dir='ltr'><strong>protulit</strong></span> <span class='ocrx_word' id='word_1_313' title='bbox 1052 1600 1174 1684; x_wconf 82' lang='lat' dir='ltr'><strong>exempla</strong></span> <span class='ocrx_word' id='word_1_314' title='bbox 1192 1603 1331 1654; x_wconf 85' lang='lat' dir='ltr'><strong>nominum</strong></span> 
     </span>
     <span class='ocr_line' id='line_1_59' title="bbox 783 1664 1330 1740; baseline 0.004 -18"><span class='ocrx_word' id='word_1_315' title='bbox 783 1675 812 1724; x_wconf 94' lang='lat' dir='ltr'><strong>in</strong></span> <span class='ocrx_word' id='word_1_316' title='bbox 835 1664 869 1730; x_wconf 72' lang='grc' dir='ltr'><strong><em>εἷς</em></strong></span> <span class='ocrx_word' id='word_1_317' title='bbox 887 1671 1056 1734; x_wconf 85' lang='lat' dir='ltr'><strong>exeuntium,</strong></span> <span class='ocrx_word' id='word_1_318' title='bbox 1064 1671 1214 1722; x_wconf 86' lang='lat' dir='ltr'><strong>·rariorum</strong></span> <span class='ocrx_word' id='word_1_319' title='bbox 1230 1672 1330 1740; x_wconf 88' lang='lat' dir='ltr'><strong>utique</strong></span> 
     </span>
     <span class='ocr_line' id='line_1_60' title="bbox 784 1742 1328 1808; baseline 0 -14"><span class='ocrx_word' id='word_1_320' title='bbox 784 1759 817 1794; x_wconf 92' lang='lat' dir='ltr'><strong>ac</strong></span> <span class='ocrx_word' id='word_1_321' title='bbox 848 1743 935 1808; x_wconf 90' lang='lat' dir='ltr'><strong>poetis</strong></span> <span class='ocrx_word' id='word_1_322' title='bbox 968 1743 1054 1806; x_wconf 75' lang='lat' dir='ltr'><strong>magis</strong></span> <span class='ocrx_word' id='word_1_323' title='bbox 1086 1742 1328 1806; x_wconf 82' lang='lat' dir='ltr'><strong>trequentstomm.</strong></span> 
     </span>
     <span class='ocr_line' id='line_1_61' title="bbox 783 1811 1328 1877; baseline 0.004 -14"><span class='ocrx_word' id='word_1_324' title='bbox 783 1813 942 1864; x_wconf 87' lang='lat' dir='ltr'><strong>Herodotea</strong></span> <span class='ocrx_word' id='word_1_325' title='bbox 960 1811 1082 1877; x_wconf 85' lang='lat' dir='ltr'><strong>exempla</strong></span> <span class='ocrx_word' id='word_1_326' title='bbox 1099 1811 1192 1862; x_wconf 89' lang='lat' dir='ltr'><strong>attulit</strong></span> <span class='ocrx_word' id='word_1_327' title='bbox 1214 1813 1266 1876; x_wconf 88' lang='lat' dir='ltr'><strong>IV,</strong></span> <span class='ocrx_word' id='word_1_328' title='bbox 1286 1816 1328 1865; x_wconf 81' lang='grc'>75.</span> 
     </span>
     <span class='ocr_line' id='line_1_62' title="bbox 784 1881 1331 1946; baseline 0.005 -13"><span class='ocrx_word' id='word_1_329' title='bbox 784 1884 823 1946; x_wconf 87' lang='lat' dir='ltr'><strong>V,</strong></span> <span class='ocrx_word' id='word_1_330' title='bbox 843 1883 868 1934; x_wconf 91' lang='grc'><strong>8.</strong></span> <span class='ocrx_word' id='word_1_331' title='bbox 894 1883 947 1945; x_wconf 81' lang='lat' dir='ltr'><strong>lx,</strong></span> <span class='ocrx_word' id='word_1_332' title='bbox 967 1881 1010 1932; x_wconf 82' lang='grc'><strong>98.</strong></span> <span class='ocrx_word' id='word_1_333' title='bbox 1052 1883 1104 1931; x_wconf 85' lang='lat' dir='ltr'><strong>Est</strong></span> <span class='ocrx_word' id='word_1_334' title='bbox 1130 1881 1239 1946; x_wconf 88' lang='lat' dir='ltr'><strong>quidem</strong></span> <span class='ocrx_word' id='word_1_335' title='bbox 1262 1883 1331 1936; x_wconf 83' lang='lat' dir='ltr'><strong>haec</strong></span> 
     </span>
     <span class='ocr_line' id='line_1_63' title="bbox 787 1921 1331 2018; baseline 0.004 -15"><span class='ocrx_word' id='word_1_336' title='bbox 787 1921 929 2004; x_wconf 77' lang='lat' dir='ltr'><strong>adnotatio</strong></span> <span class='ocrx_word' id='word_1_337' title='bbox 953 1952 1043 2002; x_wconf 88' lang='lat' dir='ltr'><strong>bonae</strong></span> <span class='ocrx_word' id='word_1_338' title='bbox 1065 1951 1152 2016; x_wconf 82' lang='lat' dir='ltr'><strong>frugis</strong></span> <span class='ocrx_word' id='word_1_339' title='bbox 1172 1951 1331 2018; x_wconf 86' lang='lat' dir='ltr'><strong>plenissima</strong></span> 
     </span>
     <span class='ocr_line' id='line_1_64' title="bbox 787 2021 1332 2089; baseline 0.004 -15"><span class='ocrx_word' id='word_1_340' title='bbox 787 2025 838 2086; x_wconf 92' lang='lat' dir='ltr'><strong>iis,</strong></span> <span class='ocrx_word' id='word_1_341' title='bbox 857 2024 903 2089; x_wconf 95' lang='lat' dir='ltr'><strong>qui</strong></span> <span class='ocrx_word' id='word_1_342' title='bbox 922 2021 1044 2086; x_wconf 80' lang='lat' dir='ltr'><strong>singulas</strong></span> <span class='ocrx_word' id='word_1_343' title='bbox 1061 2021 1199 2072; x_wconf 89' lang='lat' dir='ltr'><strong>nominum</strong></span> <span class='ocrx_word' id='word_1_344' title='bbox 1216 2024 1332 2076; x_wconf 85' lang='lat' dir='ltr'><strong>Graeco·</strong></span> 
     </span>
     <span class='ocr_line' id='line_1_65' title="bbox 787 2092 1331 2158; baseline 0.002 -14"><span class='ocrx_word' id='word_1_345' title='bbox 787 2109 846 2144; x_wconf 87' lang='lat' dir='ltr'><strong>rum</strong></span> <span class='ocrx_word' id='word_1_346' title='bbox 865 2095 966 2144; x_wconf 79' lang='lat' dir='ltr'><strong>formas</strong></span> <span class='ocrx_word' id='word_1_347' title='bbox 990 2107 1150 2158; x_wconf 84' lang='lat' dir='ltr'><strong>pernoscere</strong></span> <span class='ocrx_word' id='word_1_348' title='bbox 1172 2092 1271 2156; x_wconf 84' lang='lat' dir='ltr'><strong>velint,</strong></span> <span class='ocrx_word' id='word_1_349' title='bbox 1296 2093 1331 2145; x_wconf 87' lang='lat' dir='ltr'><strong>ad</strong></span> 
     </span>
     <span class='ocr_line' id='line_1_66' title="bbox 786 2161 1331 2230; baseline 0.002 -15"><span class='ocrx_word' id='word_1_350' title='bbox 786 2165 969 2216; x_wconf 85' lang='lat' dir='ltr'><strong>Herodotesm</strong></span> <span class='ocrx_word' id='word_1_351' title='bbox 988 2178 1052 2212; x_wconf 87' lang='lat' dir='ltr'><strong>vero</strong></span> <span class='ocrx_word' id='word_1_352' title='bbox 1074 2161 1219 2214; x_wconf 88' lang='lat' dir='ltr'><strong>lectionem</strong></span> <span class='ocrx_word' id='word_1_353' title='bbox 1237 2163 1331 2230; x_wconf 77' lang='lat' dir='ltr'><strong>vulga-</strong></span> 
     </span>
     <span class='ocr_line' id='line_1_67' title="bbox 787 2231 1329 2287; baseline 0.002 -1"><span class='ocrx_word' id='word_1_354' title='bbox 787 2242 842 2286; x_wconf 78' lang='lat' dir='ltr'><strong>tum</strong></span> <span class='ocrx_word' id='word_1_355' title='bbox 861 2233 1062 2285; x_wconf 75' lang='lat' dir='ltr'><strong>sollicitandam</strong></span> <span class='ocrx_word' id='word_1_356' title='bbox 1081 2237 1129 2284; x_wconf 88' lang='lat' dir='ltr'><strong>eut</strong></span> <span class='ocrx_word' id='word_1_357' title='bbox 1147 2231 1208 2285; x_wconf 92' lang='lat' dir='ltr'><strong>loco</strong></span> <span class='ocrx_word' id='word_1_358' title='bbox 1221 2251 1329 2287; x_wconf 83' lang='lat' dir='ltr'><strong>moven-</strong></span> 
     </span>
     <span class='ocr_line' id='line_1_68' title="bbox 787 2304 1169 2386; baseline -0.008 -29"><span class='ocrx_word' id='word_1_359' title='bbox 787 2307 848 2358; x_wconf 85' lang='lat' dir='ltr'><strong>dem</strong></span> <span class='ocrx_word' id='word_1_360' title='bbox 867 2304 934 2354; x_wconf 91' lang='lat' dir='ltr'><strong>nihil</strong></span> <span class='ocrx_word' id='word_1_361' title='bbox 951 2304 1046 2386; x_wconf 80' lang='lat' dir='ltr'><strong>valqrq</strong></span> <span class='ocrx_word' id='word_1_362' title='bbox 1061 2304 1169 2368; x_wconf 90' lang='lat' dir='ltr'><strong>poterit.</strong></span> 
     </span>
    </p>

    <p class='ocr_par' dir='ltr' id='par_1_12' title="bbox 782 2363 1333 4172">
     <span class='ocr_line' id='line_1_69' title="bbox 820 2363 1330 2452; baseline 0.008 -30"><span class='ocrx_word' id='word_1_363' title='bbox 820 2367 852 2424; x_wconf 82' lang='grc' dir='ltr'><strong>τὸ</strong></span> <span class='ocrx_word' id='word_1_364' title='bbox 867 2372 925 2424; x_wconf 81' lang='grc' dir='ltr'><strong><em>πᾶν</em></strong></span> <span class='ocrx_word' id='word_1_365' title='bbox 937 2363 1015 2430; x_wconf 69' lang='grc' dir='ltr'><strong>ἶς’</strong></span> <span class='ocrx_word' id='word_1_366' title='bbox 980 2365 1069 2422; x_wconf 81' lang='grc' dir='ltr'><strong><em>αυτὸν</em></strong></span> <span class='ocrx_word' id='word_1_367' title='bbox 1081 2363 1258 2452; x_wconf 60' lang='grc' dir='ltr'><strong><em>ἐπεποιήκεε]</em></strong></span> <span class='ocrx_word' id='word_1_368' title='bbox 1277 2375 1330 2426; x_wconf 89' lang='lat' dir='ltr'><strong>Le·</strong></span> 
     </span>
     <span class='ocr_line' id='line_1_70' title="bbox 786 2435 1327 2508; baseline -0.002 -13"><span class='ocrx_word' id='word_1_369' title='bbox 786 2446 861 2496; x_wconf 88' lang='lat' dir='ltr'><strong>cutio</strong></span> <span class='ocrx_word' id='word_1_370' title='bbox 892 2441 962 2494; x_wconf 84' lang='grc' dir='ltr'><strong>πᾶν</strong></span> <span class='ocrx_word' id='word_1_371' title='bbox 992 2459 1013 2495; x_wconf 91' lang='lat' dir='ltr'><strong>s.</strong></span> <span class='ocrx_word' id='word_1_372' title='bbox 1045 2435 1157 2494; x_wconf 77' lang='grc' dir='ltr'><strong><em>πάντα</em></strong></span> <span class='ocrx_word' id='word_1_373' title='bbox 1192 2445 1327 2508; x_wconf 86' lang='grc' dir='ltr'><strong><em>ποιειν,</em></strong></span> 
     </span>
     <span class='ocr_line' id='line_1_71' title="bbox 785 2514 1329 2580; baseline 0.004 -16"><span class='ocrx_word' id='word_1_374' title='bbox 785 2517 885 2565; x_wconf 88' lang='lat' dir='ltr'><strong>omisso</strong></span> <span class='ocrx_word' id='word_1_375' title='bbox 902 2514 1059 2580; x_wconf 90' lang='lat' dir='ltr'><strong>plerumque</strong></span> <span class='ocrx_word' id='word_1_376' title='bbox 1085 2514 1215 2576; x_wconf 89' lang='lat' dir='ltr'><strong>articulo,</strong></span> <span class='ocrx_word' id='word_1_377' title='bbox 1240 2529 1255 2565; x_wconf 89' lang='lat' dir='ltr'><strong>e</strong></span> <span class='ocrx_word' id='word_1_378' title='bbox 1278 2515 1329 2566; x_wconf 83' lang='lat' dir='ltr'><strong>ire-</strong></span> 
     </span>
     <span class='ocr_line' id='line_1_72' title="bbox 784 2553 1330 2651; baseline -0.004 -15"><span class='ocrx_word' id='word_1_379' title='bbox 784 2586 969 2651; x_wconf 88' lang='lat' dir='ltr'><strong>quentissirnis</strong></span> <span class='ocrx_word' id='word_1_380' title='bbox 1002 2585 1109 2648; x_wconf 84' lang='lat' dir='ltr'><strong>ipsique</strong></span> <span class='ocrx_word' id='word_1_381' title='bbox 1135 2553 1244 2635; x_wconf 84' lang='lat' dir='ltr'><strong>Pletdni</strong></span> <span class='ocrx_word' id='word_1_382' title='bbox 1271 2601 1330 2651; x_wconf 88' lang='lat' dir='ltr'><strong>per-</strong></span> 
     </span>
     <span class='ocr_line' id='line_1_73' title="bbox 784 2654 1329 2720; baseline 0 -14"><span class='ocrx_word' id='word_1_383' title='bbox 784 2671 865 2720; x_wconf 89' lang='lat' dir='ltr'><strong>quam</strong></span> <span class='ocrx_word' id='word_1_384' title='bbox 883 2656 1002 2710; x_wconf 86' lang='lat' dir='ltr'><strong>usitatis.</strong></span> <span class='ocrx_word' id='word_1_385' title='bbox 1026 2654 1108 2706; x_wconf 88' lang='lat' dir='ltr'><strong>Valet</strong></span> <span class='ocrx_word' id='word_1_386' title='bbox 1122 2659 1227 2706; x_wconf 83' lang='lat' dir='ltr'><strong>autern:</strong></span> <span class='ocrx_word' id='word_1_387' title='bbox 1248 2659 1329 2707; x_wconf 84' lang='lat' dir='ltr'><strong>omniu</strong></span> 
     </span>
     <span class='ocr_line' id='line_1_74' title="bbox 782 2723 1327 2790; baseline -0.004 -14"><span class='ocrx_word' id='word_1_388' title='bbox 782 2725 895 2790; x_wconf 70' lang='lat' dir='ltr'><strong>lucere(</strong></span> <span class='ocrx_word' id='word_1_389' title='bbox 895 2739 1070 2790; x_wconf 88' lang='lat' dir='ltr'><strong>quaecuuque</strong></span> <span class='ocrx_word' id='word_1_390' title='bbox 1083 2723 1173 2776; x_wconf 82' lang='lat' dir='ltr'><strong>iacere</strong></span> <span class='ocrx_word' id='word_1_391' title='bbox 1186 2725 1260 2788; x_wconf 88' lang='lat' dir='ltr'><strong>licet,</strong></span> <span class='ocrx_word' id='word_1_392' title='bbox 1278 2741 1327 2790; x_wconf 93' lang='lat' dir='ltr'><strong>pro</strong></span> 
     </span>
     <span class='ocr_line' id='line_1_75' title="bbox 784 2795 1330 2860; baseline 0 -16"><span class='ocrx_word' id='word_1_393' title='bbox 784 2795 909 2860; x_wconf 83' lang='lat' dir='ltr'><strong>viribus),</strong></span> <span class='ocrx_word' id='word_1_394' title='bbox 929 2811 1020 2846; x_wconf 85' lang='lat' dir='ltr'><strong>omnem</strong></span> <span class='ocrx_word' id='word_1_395' title='bbox 1034 2795 1142 2857; x_wconf 81' lang='lat' dir='ltr'><strong>lapidem</strong></span> <span class='ocrx_word' id='word_1_396' title='bbox 1163 2812 1275 2855; x_wconf 84' lang='lat' dir='ltr'><strong>monere,</strong></span> <span class='ocrx_word' id='word_1_397' title='bbox 1299 2799 1330 2844; x_wconf 90' lang='lat' dir='ltr'><strong>ut</strong></span> 
     </span>
     <span class='ocr_line' id='line_1_76' title="bbox 784 2864 1327 2930; baseline -0.004 -14"><span class='ocrx_word' id='word_1_398' title='bbox 784 2868 812 2916; x_wconf 90' lang='lat' dir='ltr'><strong>in</strong></span> <span class='ocrx_word' id='word_1_399' title='bbox 837 2866 980 2930; x_wconf 84' lang='lat' dir='ltr'><strong>proverbio</strong></span> <span class='ocrx_word' id='word_1_400' title='bbox 1003 2864 1113 2915; x_wconf 92' lang='lat' dir='ltr'><strong>dicitur.</strong></span> <span class='ocrx_word' id='word_1_401' title='bbox 1150 2865 1213 2915; x_wconf 89' lang='lat' dir='ltr'><strong>Vid.</strong></span> <span class='ocrx_word' id='word_1_402' title='bbox 1233 2865 1327 2928; x_wconf 78' lang='lat' dir='ltr'><strong>Viqer.</strong></span> 
     </span>
     <span class='ocr_line' id='line_1_77' title="bbox 785 2927 1330 2998; baseline -0.004 -12"><span class='ocrx_word' id='word_1_403' title='bbox 785 2935 920 2987; x_wconf 87' lang='lat' dir='ltr'><strong>Idiotism.</strong></span> <span class='ocrx_word' id='word_1_404' title='bbox 931 2952 958 2998; x_wconf 94' lang='lat' dir='ltr'><strong>p.</strong></span> <span class='ocrx_word' id='word_1_405' title='bbox 970 2933 1030 2984; x_wconf 82' lang='grc'>287.</span> <span class='ocrx_word' id='word_1_406' title='bbox 1044 2927 1189 2986; x_wconf 83' lang='lat' dir='ltr'><strong>Heindorf.</strong></span> <span class='ocrx_word' id='word_1_407' title='bbox 1201 2935 1330 2991; x_wconf 83' lang='lat' dir='ltr'><strong>adPhee-</strong></span> 
     </span>
     <span class='ocr_line' id='line_1_78' title="bbox 785 3003 1328 3084; baseline -0.006 -28"><span class='ocrx_word' id='word_1_408' title='bbox 785 3007 849 3058; x_wconf 83' lang='lat' dir='ltr'><strong>dou.</strong></span> <span class='ocrx_word' id='word_1_409' title='bbox 868 3021 895 3069; x_wconf 91' lang='lat' dir='ltr'><strong>p.</strong></span> <span class='ocrx_word' id='word_1_410' title='bbox 912 3004 964 3057; x_wconf 83' lang='grc'>2411</span> <span class='ocrx_word' id='word_1_411' title='bbox 978 3019 1034 3068; x_wconf 89' lang='lat' dir='ltr'><strong>seq</strong></span> <span class='ocrx_word' id='word_1_412' title='bbox 1054 3003 1148 3054; x_wconf 88' lang='lat' dir='ltr'><strong>Monk.</strong></span> <span class='ocrx_word' id='word_1_413' title='bbox 1159 3004 1193 3054; x_wconf 93' lang='lat' dir='ltr'><strong>ad</strong></span> <span class='ocrx_word' id='word_1_414' title='bbox 1189 3003 1328 3084; x_wconf 77' lang='lat' dir='ltr'><strong>Trrrrprd</strong></span> 
     </span>
     <span class='ocr_line' id='line_1_79' title="bbox 784 3064 1331 3140; baseline -0.004 -13"><span class='ocrx_word' id='word_1_415' title='bbox 784 3074 896 3140; x_wconf 85' lang='lat' dir='ltr'><strong>Hippoi.</strong></span> <span class='ocrx_word' id='word_1_416' title='bbox 915 3075 1030 3127; x_wconf 79' lang='grc'>281.-</span> <span class='ocrx_word' id='word_1_417' title='bbox 1060 3064 1093 3130; x_wconf 63' lang='lat' dir='ltr'><strong>ds·</strong></span> <span class='ocrx_word' id='word_1_418' title='bbox 1111 3065 1225 3123; x_wconf 77' lang='grc' dir='ltr'><strong><em>αυτὸν</em></strong></span> <span class='ocrx_word' id='word_1_419' title='bbox 1251 3073 1331 3138; x_wconf 86' lang='lat' dir='ltr'><strong>pleri-</strong></span> 
     </span>
     <span class='ocr_line' id='line_1_80' title="bbox 785 3143 1331 3216; baseline 0.004 -22"><span class='ocrx_word' id='word_1_420' title='bbox 785 3161 838 3208; x_wconf 87' lang='lat' dir='ltr'><strong>que</strong></span> <span class='ocrx_word' id='word_1_421' title='bbox 854 3145 929 3216; x_wconf 78' lang='lat' dir='ltr'><strong>libri,</strong></span> <span class='ocrx_word' id='word_1_422' title='bbox 950 3159 1018 3210; x_wconf 91' lang='lat' dir='ltr'><strong>quos</strong></span> <span class='ocrx_word' id='word_1_423' title='bbox 1033 3143 1107 3208; x_wconf 87' lang='lat' dir='ltr'><strong>ipsos</strong></span> <span class='ocrx_word' id='word_1_424' title='bbox 1127 3145 1151 3194; x_wconf 90' lang='lat' dir='ltr'><strong>ci</strong></span> <span class='ocrx_word' id='word_1_425' title='bbox 1154 3149 1196 3196; x_wconf 88' lang='lat' dir='ltr'><strong>tat</strong></span> <span class='ocrx_word' id='word_1_426' title='bbox 1154 3145 1331 3196; x_wconf 84' lang='lat' dir='ltr'><strong>tGaisfor-</strong></span> 
     </span>
     <span class='ocr_line' id='line_1_81' title="bbox 784 3205 1326 3295; baseline -0.004 -29"><span class='ocrx_word' id='word_1_427' title='bbox 784 3215 861 3295; x_wconf 73' lang='lat' dir='ltr'><strong>dipe,</strong></span> <span class='ocrx_word' id='word_1_428' title='bbox 868 3205 910 3266; x_wconf 89' lang='lat' dir='ltr'><strong>iu</strong></span> <span class='ocrx_word' id='word_1_429' title='bbox 927 3219 1005 3267; x_wconf 88' lang='lat' dir='ltr'><strong>textu</strong></span> <span class='ocrx_word' id='word_1_430' title='bbox 1018 3216 1142 3279; x_wconf 88' lang='lat' dir='ltr'><strong>quamvis</strong></span> <span class='ocrx_word' id='word_1_431' title='bbox 1153 3215 1273 3268; x_wconf 85' lang='lat' dir='ltr'><strong>scribens</strong></span> <span class='ocrx_word' id='word_1_432' title='bbox 1293 3207 1326 3272; x_wconf 69' lang='grc' dir='ltr'><strong>ἔς</strong></span> 
     </span>
     <span class='ocr_line' id='line_1_82' title="bbox 784 3275 1331 3349; baseline 0.002 -15"><span class='ocrx_word' id='word_1_433' title='bbox 784 3275 911 3341; x_wconf 79' lang='grc' dir='ltr'><strong><em>αὑτὸν,</em></strong></span> <span class='ocrx_word' id='word_1_434' title='bbox 938 3285 1004 3348; x_wconf 87' lang='lat' dir='ltr'><strong>nisi,</strong></span> <span class='ocrx_word' id='word_1_435' title='bbox 1024 3286 1095 3348; x_wconf 88' lang='lat' dir='ltr'><strong>quod</strong></span> <span class='ocrx_word' id='word_1_436' title='bbox 1114 3287 1249 3349; x_wconf 86' lang='lat' dir='ltr'><strong>suspicor,</strong></span> <span class='ocrx_word' id='word_1_437' title='bbox 1269 3301 1331 3349; x_wconf 90' lang='lat' dir='ltr'><strong>ope·</strong></span> 
     </span>
     <span class='ocr_line' id='line_1_83' title="bbox 785 3355 1329 3406; baseline -0.002 -2"><span class='ocrx_word' id='word_1_438' title='bbox 785 3369 876 3404; x_wconf 88' lang='lat' dir='ltr'><strong>rarum</strong></span> <span class='ocrx_word' id='word_1_439' title='bbox 893 3355 961 3404; x_wconf 88' lang='lat' dir='ltr'><strong>vitio</strong></span> <span class='ocrx_word' id='word_1_440' title='bbox 978 3355 1030 3405; x_wconf 91' lang='lat' dir='ltr'><strong>hoc</strong></span> <span class='ocrx_word' id='word_1_441' title='bbox 1052 3355 1235 3406; x_wconf 88' lang='lat' dir='ltr'><strong>tribuendum.</strong></span> <span class='ocrx_word' id='word_1_442' title='bbox 1268 3355 1329 3405; x_wconf 88' lang='lat' dir='ltr'><strong>Bini</strong></span> 
     </span>
     <span class='ocr_line' id='line_1_84' title="bbox 784 3413 1331 3504; baseline -0.005 -30"><span class='ocrx_word' id='word_1_443' title='bbox 784 3424 846 3474; x_wconf 91' lang='lat' dir='ltr'><strong>libri</strong></span> <span class='ocrx_word' id='word_1_444' title='bbox 859 3439 997 3504; x_wconf 88' lang='lat' dir='ltr'><strong>perperam</strong></span> <span class='ocrx_word' id='word_1_445' title='bbox 1007 3414 1033 3480; x_wconf 71' lang='grc' dir='ltr'><strong>ἐς</strong></span> <span class='ocrx_word' id='word_1_446' title='bbox 1045 3413 1156 3478; x_wconf 72' lang='lat' dir='ltr'><strong>invado</strong></span> <span class='ocrx_word' id='word_1_447' title='bbox 1168 3424 1239 3474; x_wconf 85' lang='lat' dir='ltr'><strong>unde</strong></span> <span class='ocrx_word' id='word_1_448' title='bbox 1249 3424 1331 3488; x_wconf 75' lang='lat' dir='ltr'><strong>vulgo</strong></span> 
     </span>
     <span class='ocr_line' id='line_1_85' title="bbox 785 3483 1357 3570; baseline -0.006 -27"><span class='ocrx_word' id='word_1_449' title='bbox 785 3483 837 3548; x_wconf 67' lang='lat' dir='ltr'><strong>ic‘</strong></span> <span class='ocrx_word' id='word_1_450' title='bbox 823 3485 936 3546; x_wconf 82' lang='grc' dir='ltr'><strong><em>εωνιόν.</em></strong></span> <span class='ocrx_word' id='word_1_451' title='bbox 950 3493 1021 3557; x_wconf 91' lang='lat' dir='ltr'><strong>quod</strong></span> <span class='ocrx_word' id='word_1_452' title='bbox 1037 3493 1131 3542; x_wconf 89' lang='lat' dir='ltr'><strong>meritc</strong></span> <span class='ocrx_word' id='word_1_453' title='bbox 1145 3493 1258 3542; x_wconf 83' lang='lat' dir='ltr'><strong>damnet</strong></span> <span class='ocrx_word' id='word_1_454' title='bbox 1268 3491 1357 3570; x_wconf 78' lang='lat' dir='ltr'><strong>qu-</strong></span> 
     </span>
     <span class='ocr_line' id='line_1_86' title="bbox 786 3551 1333 3626; baseline -0.009 -14"><span class='ocrx_word' id='word_1_455' title='bbox 786 3563 849 3612; x_wconf 83' lang='lat' dir='ltr'><strong>dor.</strong></span> <span class='ocrx_word' id='word_1_456' title='bbox 866 3577 893 3626; x_wconf 93' lang='lat' dir='ltr'>p.</span> <span class='ocrx_word' id='word_1_457' title='bbox 909 3561 972 3613; x_wconf 84' lang='grc'>201.</span> <span class='ocrx_word' id='word_1_458' title='bbox 1010 3563 1153 3612; x_wconf 77' lang='lat' dir='ltr'><strong>Caeterum</strong></span> <span class='ocrx_word' id='word_1_459' title='bbox 1172 3552 1203 3618; x_wconf 78' lang='grc' dir='ltr'><strong>ἐς</strong></span> <span class='ocrx_word' id='word_1_460' title='bbox 1225 3551 1333 3608; x_wconf 77' lang='grc' dir='ltr'><strong><em>αυτὸν</em></strong></span> 
     </span>
     <span class='ocr_line' id='line_1_87' title="bbox 786 3631 1333 3697; baseline 0.002 -15"><span class='ocrx_word' id='word_1_461' title='bbox 786 3635 840 3683; x_wconf 86' lang='lat' dir='ltr'><strong>est:</strong></span> <span class='ocrx_word' id='word_1_462' title='bbox 865 3633 933 3697; x_wconf 82' lang='lat' dir='ltr'><strong>quod</strong></span> <span class='ocrx_word' id='word_1_463' title='bbox 956 3635 1045 3682; x_wconf 80' lang='lat' dir='ltr'><strong>attinet</strong></span> <span class='ocrx_word' id='word_1_464' title='bbox 1066 3631 1103 3680; x_wconf 86' lang='lat' dir='ltr'><strong>ad</strong></span> <span class='ocrx_word' id='word_1_465' title='bbox 1126 3633 1193 3681; x_wconf 81' lang='lat' dir='ltr'><strong>illwn</strong></span> <span class='ocrx_word' id='word_1_466' title='bbox 1220 3645 1243 3683; x_wconf 91' lang='lat' dir='ltr'><strong>s.</strong></span> <span class='ocrx_word' id='word_1_467' title='bbox 1265 3631 1333 3683; x_wconf 79' lang='lat' dir='ltr'><strong>illius</strong></span> 
     </span>
     <span class='ocr_line' id='line_1_88' title="bbox 785 3699 1330 3765; baseline -0.006 -13"><span class='ocrx_word' id='word_1_468' title='bbox 785 3717 874 3755; x_wconf 82' lang='lat' dir='ltr'><strong>ceusu.</strong></span> <span class='ocrx_word' id='word_1_469' title='bbox 918 3699 1049 3765; x_wconf 87' lang='lat' dir='ltr'><strong>Exempla</strong></span> <span class='ocrx_word' id='word_1_470' title='bbox 1076 3700 1153 3750; x_wconf 88' lang='lat' dir='ltr'><strong>dabit</strong></span> <span class='ocrx_word' id='word_1_471' title='bbox 1176 3699 1274 3750; x_wconf 85' lang='lat' dir='ltr'><strong>Matth.</strong></span> <span class='ocrx_word' id='word_1_472' title='bbox 1304 3703 1330 3762; x_wconf 71' lang='grc' dir='ltr'>ξ.</span> 
     </span>
     <span class='ocr_line' id='line_1_89' title="bbox 786 3761 1331 3836; baseline -0.01 -13"><span class='ocrx_word' id='word_1_473' title='bbox 786 3769 846 3834; x_wconf 86' lang='grc'>578,</span> <span class='ocrx_word' id='word_1_474' title='bbox 867 3787 928 3836; x_wconf 94' lang='lat' dir='ltr'>c.p.</span> <span class='ocrx_word' id='word_1_475' title='bbox 949 3772 1081 3823; x_wconf 56' lang='grc'>11411-</span> <span class='ocrx_word' id='word_1_476' title='bbox 1098 3770 1164 3820; x_wconf 84' lang='lat' dir='ltr'><strong>Mox</strong></span> <span class='ocrx_word' id='word_1_477' title='bbox 1182 3761 1331 3832; x_wconf 77' lang='grc' dir='ltr'><strong><em>ἐπιφράζε-</em></strong></span> 
     </span>
     <span class='ocr_line' id='line_1_90' title="bbox 787 3839 1330 3922; baseline 0.002 -31"><span class='ocrx_word' id='word_1_478' title='bbox 787 3839 857 3892; x_wconf 81' lang='grc' dir='ltr'><strong><em>σθαι</em></strong></span> <span class='ocrx_word' id='word_1_479' title='bbox 874 3840 956 3891; x_wconf 90' lang='lat' dir='ltr'><strong>simili</strong></span> <span class='ocrx_word' id='word_1_480' title='bbox 971 3842 1027 3891; x_wconf 85' lang='lat' dir='ltr'><strong>fere</strong></span> <span class='ocrx_word' id='word_1_481' title='bbox 1041 3855 1121 3890; x_wconf 88' lang='lat' dir='ltr'><strong>seusu</strong></span> <span class='ocrx_word' id='word_1_482' title='bbox 1135 3841 1330 3922; x_wconf 88' lang='lat' dir='ltr'><strong>accipiendum,</strong></span> 
     </span>
     <span class='ocr_line' id='line_1_91' title="bbox 786 3903 1331 3996; baseline 0 -35"><span class='ocrx_word' id='word_1_483' title='bbox 786 3911 885 3975; x_wconf 88' lang='lat' dir='ltr'><strong>quel,</strong></span> <span class='ocrx_word' id='word_1_484' title='bbox 908 3911 942 3962; x_wconf 83' lang='grc'>84</span> <span class='ocrx_word' id='word_1_485' title='bbox 963 3910 1008 3962; x_wconf 83' lang='lat' dir='ltr'><strong>liu.</strong></span> <span class='ocrx_word' id='word_1_486' title='bbox 1033 3909 1146 3974; x_wconf 88' lang='lat' dir='ltr'><strong>simplex</strong></span> <span class='ocrx_word' id='word_1_487' title='bbox 1163 3903 1331 3996; x_wconf 71' lang='grc' dir='ltr'><strong><em>φρήζεσθαι.</em></strong></span> 
     </span>
     <span class='ocr_line' id='line_1_92' title="bbox 787 3979 1330 4043; baseline 0.006 -13"><span class='ocrx_word' id='word_1_488' title='bbox 787 3982 877 4043; x_wconf 84' lang='lat' dir='ltr'><strong>Quare</strong></span> <span class='ocrx_word' id='word_1_489' title='bbox 896 3997 950 4032; x_wconf 88' lang='lat' dir='ltr'><strong>uon</strong></span> <span class='ocrx_word' id='word_1_490' title='bbox 968 3979 1038 4031; x_wconf 86' lang='lat' dir='ltr'><strong>mele</strong></span> <span class='ocrx_word' id='word_1_491' title='bbox 1056 3979 1185 4032; x_wconf 87' lang='lat' dir='ltr'><strong>reddunt.</strong></span> <span class='ocrx_word' id='word_1_492' title='bbox 1205 3983 1271 4034; x_wconf 84' lang='lat' dir='ltr'><strong>inire</strong></span> <span class='ocrx_word' id='word_1_493' title='bbox 1287 3999 1330 4033; x_wconf 85' lang='lat' dir='ltr'><strong>ra·</strong></span> 
     </span>
     <span class='ocr_line' id='line_1_93' title="bbox 785 4053 1330 4116; baseline 0.004 -14"><span class='ocrx_word' id='word_1_494' title='bbox 785 4055 878 4110; x_wconf 84' lang='lat' dir='ltr'><strong>tiones,</strong></span> <span class='ocrx_word' id='word_1_495' title='bbox 901 4053 982 4101; x_wconf 80' lang='lat' dir='ltr'><strong>animo</strong></span> <span class='ocrx_word' id='word_1_496' title='bbox 1000 4053 1099 4116; x_wconf 74' lang='lat' dir='ltr'><strong>opilare</strong></span> <span class='ocrx_word' id='word_1_497' title='bbox 1120 4055 1238 4116; x_wconf 82' lang='grc' dir='ltr'><strong><em>οοιιείΙίο,</em></strong></span> <span class='ocrx_word' id='word_1_498' title='bbox 1269 4053 1330 4104; x_wconf 83' lang='lat' dir='ltr'><strong>deli·</strong></span> 
     </span>
     <span class='ocr_line' id='line_1_94' title="bbox 784 4122 886 4172; baseline -0.022 0"><span class='ocrx_word' id='word_1_499' title='bbox 784 4122 886 4172; x_wconf 81' lang='lat' dir='ltr'><strong>derare.</strong></span> 
     </span>
    </p>

    <p class='ocr_par' dir='ltr' id='par_1_13' title="bbox 783 4179 1330 4466">
     <span class='ocr_line' id='line_1_95' title="bbox 818 4179 1330 4255; baseline 0.004 -19"><span class='ocrx_word' id='word_1_500' title='bbox 818 4183 887 4253; x_wconf 75' lang='grc' dir='ltr'><strong><em>μέγα</em></strong></span> <span class='ocrx_word' id='word_1_501' title='bbox 916 4179 999 4254; x_wconf 86' lang='grc' dir='ltr'><strong><em>νήπιε</em></strong></span> <span class='ocrx_word' id='word_1_502' title='bbox 1026 4188 1142 4255; x_wconf 84' lang='grc' dir='ltr'><strong><em>Κροιοε]</em></strong></span> <span class='ocrx_word' id='word_1_503' title='bbox 1179 4189 1330 4242; x_wconf 76' lang='lat' dir='ltr'><strong>Cesserunt</strong></span> 
     </span>
     <span class='ocr_line' id='line_1_96' title="bbox 783 4258 1329 4325; baseline -0.005 -15"><span class='ocrx_word' id='word_1_504' title='bbox 783 4258 947 4320; x_wconf 84' lang='lat' dir='ltr'><strong>Hesiodum,</strong></span> <span class='ocrx_word' id='word_1_505' title='bbox 975 4260 1021 4323; x_wconf 94' lang='lat' dir='ltr'><strong>qui</strong></span> <span class='ocrx_word' id='word_1_506' title='bbox 1039 4259 1068 4310; x_wconf 86' lang='lat' dir='ltr'><strong>in</strong></span> <span class='ocrx_word' id='word_1_507' title='bbox 1092 4259 1161 4325; x_wconf 90' lang='lat' dir='ltr'><strong>Opp.</strong></span> <span class='ocrx_word' id='word_1_508' title='bbox 1187 4261 1240 4312; x_wconf 88' lang='grc'>288</span> <span class='ocrx_word' id='word_1_509' title='bbox 1258 4259 1329 4309; x_wconf 91' lang='lat' dir='ltr'><strong>dixit</strong></span> 
     </span>
     <span class='ocr_line' id='line_1_97' title="bbox 783 4323 1327 4394; baseline -0.006 -15"><span class='ocrx_word' id='word_1_510' title='bbox 783 4323 853 4394; x_wconf 75' lang='grc' dir='ltr'><strong><em>μέγα</em></strong></span> <span class='ocrx_word' id='word_1_511' title='bbox 865 4323 948 4393; x_wconf 86' lang='grc' dir='ltr'><strong><em>νήπιε</em></strong></span> <span class='ocrx_word' id='word_1_512' title='bbox 959 4325 1068 4392; x_wconf 75' lang='grc' dir='ltr'><strong><em>Πέρση,</em></strong></span> <span class='ocrx_word' id='word_1_513' title='bbox 1086 4329 1133 4380; x_wconf 86' lang='grc' dir='ltr'>ο1ιί</span> <span class='ocrx_word' id='word_1_514' title='bbox 1151 4329 1206 4380; x_wconf 89' lang='lat' dir='ltr'><strong>alia</strong></span> <span class='ocrx_word' id='word_1_515' title='bbox 1220 4343 1327 4392; x_wconf 90' lang='lat' dir='ltr'><strong>quoque</strong></span> 
     </span>
     <span class='ocr_line' id='line_1_98' title="bbox 784 4397 1328 4466; baseline -0.013 -14"><span class='ocrx_word' id='word_1_516' title='bbox 784 4398 963 4466; x_wconf 79' lang='lat' dir='ltr'><strong>Goettlingp.</strong></span> <span class='ocrx_word' id='word_1_517' title='bbox 973 4397 1137 4462; x_wconf 81' lang='lat' dir='ltr'><strong>XVattulit,</strong></span> <span class='ocrx_word' id='word_1_518' title='bbox 1148 4397 1229 4458; x_wconf 86' lang='lat' dir='ltr'><strong>unde,</strong></span> <span class='ocrx_word' id='word_1_519' title='bbox 1244 4410 1328 4461; x_wconf 89' lang='lat' dir='ltr'><strong>quau-</strong></span> 
     </span>
    </p>
   </div>
   <div class='ocr_carea' id='block_1_9' title="bbox 0 0 1548 4932">
    <p class='ocr_par' dir='ltr' id='par_1_14' title="bbox 0 0 1548 4932">
     <span class='ocr_line' id='line_1_99' title="bbox 0 0 1548 4932; baseline 0 1"><span class='ocrx_word' id='word_1_520' title='bbox 0 0 1548 4932; x_wconf 95' lang='lat' dir='ltr'><strong> </strong></span> 
     </span>
    </p>
   </div>
  </div>
 </body>
</html>
