3088 4922
7 839 9 934 η

581 291 961 354 nuunnpn.u.n.
1275 289 1335 372 χω

200 457 442 553 ἀποδεξάμενοι
456 463 584 554 μεγάλα
599 471 677 536 εἰσί·
693 469 762 536 τῶν
778 462 843 552 ἐμοὶ
858 463 984 554 φράσαι
1004 469 1067 551 ἔχω
1082 461 1262 554 οὐνόματα,
1282 463 1338 532 καί

200 561 313 638 ἄλλων
333 570 389 637 καί
409 564 471 638 οὐκ
484 565 602 657 ἥκιστα
613 566 778 658 Ἀχελάου
785 620 795 653 ,
811 565 847 648 ὃς
861 571 948 656 ῥέων
968 564 1015 637 δι’
1029 564 1265 658 Ἀκαρνανίης,
1282 567 1337 635 καὶ

203 663 299 752 ἐξιεὶς
322 668 356 751 ἐς
374 670 567 758 θάλασσαν,
593 677 661 742 τῶν
678 671 859 761 Ἐχινάδων
885 671 998 761 νήσων
1024 669 1082 752 τάς
1107 667 1244 762 ἡμισέας
1271 667 1337 760 ἤδη

161 783 212 838 108
222 771 363 862 ἤπειρον
376 783 547 864 πεποίηκε.
573 771 666 846 ’Ἐστι
681 777 718 846 δὲ
732 781 789 864 τῆς
803 773 957 864 Ἀραβίης
973 773 1091 864 χώρης,
1107 776 1283 864 Αἰγύπτου
1299 773 1336 844 δὲ
1348 783 1380 842 ll

199 875 241 948 οὐ
255 877 386 968 πρόσω,
402 878 524 960 κόλπος
539 881 710 968 θαλάσσης
726 875 849 967 ἐσέχων
868 874 905 946 ἐκ
924 882 982 966 της
994 875 1158 967 Ἐρυθρῆς
1176 881 1335 966 καλεομέ-

200 1009 260 1070 νης
273 981 455 1072 θαλάσσης,
469 980 594 1071 μακρὸς
609 981 697 1054 οὕτω
715 982 801 1072 δήτι
816 982 871 1049 καὶ
886 979 1025 1065 στεινὸς,
1039 976 1083 1060 ὡς
1098 987 1232 1072 ἔρχομαι
1247 981 1334 1072 φρά-

200 1105 280 1154 σων.
310 1091 413 1175 μῆκος
427 1087 490 1174 μὲν
505 1086 626 1173 πλόου,
642 1084 815 1178 ἀρξαμένω
832 1080 868 1154 ἐκ
882 1089 991 1173 μυχοῦ
1009 1089 1213 1156 διεκπλῶσαι
1229 1081 1262 1165 ἐς
1275 1083 1337 1173 τὴν

201 1186 322 1280 εὐρέην
334 1189 520 1277 θάλασσαν,
536 1187 654 1281 ἡμέραι
669 1188 925 1278 ἀναισιμοῦνται
939 1186 1193 1276 τεσσεράκοντα,
1210 1195 1336 1278 εἰρεσίη

200 1355 310 1421 oydidee
333 1357 378 1420 ΙΙ,
407 1359 456 1410 102
487 1364 515 1410 et
533 1359 632 1412 Strabo
654 1361 688 1410 X.
713 1375 739 1424 p.
792 1355 945 1420 disputavit
961 1357 1082 1423 Broiger.
1107 1357 1135 1406 iu
1156 1355 1335 1406 commentat.

199 1426 285 1478 705ss
311 1443 332 1478 e.
357 1443 384 1492 p.
403 1429 455 1480 loo
478 1429 614 1492 referunt,
642 1429 741 1496 quibus
792 1441 875 1491 snpra
898 1426 971 1478 land.
995 1441 1059 1492 pag.
1076 1426 1109 1478 16
1134 1441 1191 1492 aeq.
1216 1426 1268 1476 hoo
1290 1440 1337 1490 po·

198 1495 279 1560 Angli
295 1497 369 1548 dooti
383 1500 542 1550 recentioris
556 1501 741 1551 testimonium
792 1511 873 1546 nono:
901 1496 1087 1548 Herodoteum
1111 1511 1251 1547 numerum
1271 1509 1337 1560 qua·

198 1565 276 1616 addit
293 1567 422 1619 Laroher.
457 1570 504 1620 Cr.
524 1570 643 1620 conferri
666 1569 741 1620 iubet
793 1565 920 1631 draginta
931 1566 1035 1617 dierum
1050 1566 1143 1617 valere
1156 1567 1229 1617 hand
1245 1580 1336 1630 poree,

198 1637 335 1702 Popponiu
355 1637 668 1705 Prologg.ed'1¹huoyd.
686 1639 740 1689 vol.
792 1637 846 1685 nisi
865 1651 939 1686 oram
959 1637 1074 1703 legendo
1097 1637 1172 1686 illum
1196 1637 1337 1686 inventum

199 1705 228 1766 1,
248 1709 273 1756 2.
305 1722 369 1772 pag.
399 1709 461 1758 257.
501 1709 571 1759 Add.
598 1709 741 1774 Forbiger.
793 1721 854 1755 ease
878 1711 985 1756 statuas
1010 1705 1143 1772 simulque
1168 1711 1336 1772 perpetuum,

198 1775 308 1826 Handb.
327 1775 354 1826 d.
373 1776 423 1827 alt.
438 1777 538 1842 Geogr.
552 1779 604 1830 111.
621 1795 648 1845 p.
664 1778 739 1830 1013.
793 1775 885 1840 quiin
909 1775 957 1826 illo
976 1776 1037 1827 sinu
1056 1776 1108 1838 ait,
1133 1777 1268 1827 undarum
1285 1776 1336 1825 fin·

198 1846 306 1895 Etenim
329 1845 379 1896 hae
409 1847 515 1897 insulae
540 1853 604 1900 ante
629 1848 742 1900 Acheloi
792 1861 855 1894 xum
873 1861 906 1894 ao
923 1846 1054 1896 refluxum
1074 1846 1244 1912 navigationi
1268 1844 1336 1895 eele-

199 1916 270 1964 ostia
288 1915 359 1966 sitae
382 1917 541 1981 postmodo,
565 1923 638 1970 terra
656 1919 742 1970 multa
792 1915 857 1964 riori
879 1931 978 1982 magno
1001 1915 1192 1982 impedimento
1215 1931 1275 1966 esee
1297 1929 1337 1964 re-

200 2000 217 2034 u
235 1985 319 2035 fluvio
339 1985 467 2052 adgesta,
493 2003 554 2037 oum
577 1989 638 2054 ipsa
656 1989 742 2039 conti·
792 1989 880 2050 putes.
901 1984 969 2035 Cum
987 1985 1122 2036 Strabone
1141 1983 1226 2050 (XVI.
1244 2002 1271 2050 p.
1284 1983 1335 2036 708

198 2059 280 2105 nente
308 2055 418 2122 regione
448 2056 615 2110 coaluerunt.
662 2059 741 2110 Nune
792 2071 814 2104 a.
836 2055 903 2106 1113
926 2053 987 2106 ooli.
1007 2055 1079 2108 Plin.
1106 2056 1142 2105 H.
1162 2056 1196 2107 N.
1219 2055 1273 2119 vl,
1288 2053 1333 2120 33)

199 2123 259 2174 looo
277 2139 375 2176 nomen
393 2125 534 2178 Ourzolari.
791 2125 961 2176 Herodotum
978 2126 1017 2176 ita
1030 2125 1171 2177 eoueiliari
1188 2139 1267 2190 porse
1280 2124 1336 2175 eai-

792 2195 900 2258 sthnat,
919 2201 950 2244 ut
962 2194 1035 2245 illins
1051 2209 1177 2245 mensura
1190 2209 1244 2244 non
1262 2193 1335 2244 ultra

401 2299 467 2352 cff-
790 2261 1335 2399 eulosuiuilluminet?

234 2395 341 2461 κόλπος
358 2395 505 2468 θαλάσσης
517 2393 620 2469 ἐσέχων
630 2419 655 2452 κ.
666 2417 690 2452 τ.
702 2398 738 2466 λ.]
791 2419 852 2474 nem
865 2372 941 2454 oinlrs
956 2403 1066 2454 Arabici
1079 2372 1275 2468 longitudinem
1290 2417 1335 2453 ua·

199 2467 304 2539 ἐσέχων
321 2473 365 2524 hio
378 2472 452 2523 valet
469 2475 614 2537 pertinere,
631 2473 739 2538 μοινιμιζ
790 2489 843 2538 qne
852 2473 887 2523 ad
899 2489 972 2524 mare
982 2473 1102 2525 indicere
1111 2473 1238 2524 voluerit.
1251 2473 1335 2524 Cuius

118 2599 122 2608 ,
198 2559 311 2610 vergere.
343 2542 738 2606 eonf.1‚193.11,138.158.
789 2544 865 2592 sinuo
874 2542 1071 2609 longitudinem
1086 2543 1136 2595 325
1149 2543 1336 2594 milliariorum

198 2615 258 2676 111,
279 2613 322 2664 18.
345 2613 503 2674 vl11‚137.
540 2613 612 2663 Hine
633 2611 741 2664 Arrian.
793 2613 1014 2664 Germanicorum
1033 2627 1092 2663 esso
1110 2613 1208 2663 statuit
1219 2611 1335 2666 Renuel.

198 2685 258 2735 Iud.
277 2682 325 2734 43:
354 2675 425 2732 κατὰ
449 2676 481 2732 δὲ
499 2679 644 2746 Αἰχνιιτον
668 2671 742 2730 ἒσὲ-
793 2683 892 2747 Googr.
914 2683 1017 2733 Herod.
1041 2699 1067 2746 p.
1084 2681 1134 2733 1187
1154 2687 1226 2744 not„
1248 2683 1287 2732 ita
1304 2686 1336 2731 ut

198 2767 268 2819 χων
282 2744 311 2800 ἐν
324 2750 375 2815 τῆς
388 2745 509 2816 μεγάλης
520 2743 667 2815 θαλάσσης
678 2741 742 2799 κόλ-
777 2809 779 2812 ¹
793 2756 854 2801 ooto
870 2753 926 2802 lere
942 2752 1069 2802 milliaria
1082 2752 1109 2800 iu
1123 2751 1245 2816 singulos
1259 2752 1336 2802 nari-

199 2837 254 2880 νιος
264 2817 353 2885 δῆλον
363 2819 454 2870 ποιέει
465 2821 551 2870 aad.
570 2821 660 2883 Quare
669 2819 742 2870 haud
792 2821 912 2886 gationis
926 2821 983 2870 dieu
998 2821 1130 2870 incidant.
1154 2821 1250 2886 Neque
1262 2822 1335 2871 inro-

199 2891 322 2942 onnotati
348 2890 377 2940 in
402 2905 478 2956 seqq.
503 2906 563 2940 oum
589 2890 693 2942 Schwei
714 2889 741 2940 h.
791 2891 869 2942 litum
883 2891 934 2941 hoo
948 2905 1021 2953 esse,
1035 2889 1190 2939 multaillio
1204 2894 1337 2954 congesta

202 2956 372 3023 scripsimus}
391 2951 500 3008 κόλπον
519 2950 684 3024 ἐσέχοντα
696 2904 742 3009 {nl
792 2959 914 3024 exempla
932 2959 1070 3010 evincunt.
1099 2958 1153 3008 Sed
1169 2957 1335 3010 Niebuhriua

200 3023 372 3092 Αἰθιοπίης,
391 3028 438 3078 ubi
455 3029 539 3095 vulgo
558 3019 741 3094 ἰσχέοννα.
793 3028 863 3078 filiua
882 3029 912 3077 in
930 3029 1076 3078 Diaeertat.
1100 3025 1175 3079 laud.
1196 3028 1229 3078 de
1249 3028 1336 3078 Hero-

201 3128 236 3138 -
253 3099 306 3148 Pro
324 3091 420 3155 στενὸς
438 3099 466 3147 in
485 3115 559 3164 seqq.
579 3097 652 3148 edidi
672 3110 742 3146 σιει-
793 3097 851 3148 doti
869 3097 968 3162 Geogr.
984 3113 1047 3163 pag.
1059 3094 1111 3147 219
1128 3113 1194 3148 vera
1212 3111 1272 3147 ease
1289 3113 1336 3148 ne-

201 3161 263 3232 νός,
295 3167 420 3233 Sohwgh.
451 3171 479 3217 et
507 3168 594 3219 Gaist‘.
623 3173 742 3218 secutus.
793 3171 856 3232 gat,
876 3181 946 3232 qnae
958 3166 1114 3217 Herodotus
1131 3165 1175 3218 lrio
1190 3167 1335 3218 memoriae

201 3237 282 3287 Oonf.
301 3242 358 3287 not.
378 3237 413 3286 ad
431 3237 469 3299 ΙΙ,
483 3238 509 3289 8.
536 3237 578 3288 Ad
592 3229 741 3303 ἀρξαμένῳ
792 3235 950 3302 prodiderit.
991 3237 1125 3302 Equidem
1153 3235 1336 3302 quodraginta

204 3306 277 3357 oonf.
295 3307 331 3356 ad
354 3306 381 3368 Ι,
401 3307 443 3358 ol.
470 3299 559 3372 μυχὸς
581 3307 743 3372 intelligitur
793 3307 896 3356 dierum
921 3305 1111 3371 navigatione,
1141 3323 1222 3372 qnam
1243 3307 1336 3372 posuit

201 3381 321 3427 extrema
339 3375 414 3427 sinuo
431 3391 507 3442 para,
528 3391 598 3442 qnae
610 3377 742 3426 Isthmum
791 3375 962 3438 Herodotus,
980 3391 1035 3426 non
1049 3377 1089 3426 ita
1101 3376 1235 3438 offendor,
1254 3376 1335 3427 modo

135 3445 142 3460 '
201 3447 304 3511 langiu
328 3435 411 3528 εὗρέη
434 3440 566 3496 θάλασσα
589 3446 681 3496 eadem
700 3448 742 3495 eet
792 3461 853 3495 eam
878 3445 917 3495 ita
942 3444 1140 3510 intelligamus,
1169 3450 1200 3496 nt
1225 3461 1242 3494 a
1265 3445 1335 3506 loco,

200 3530 270 3580 qnae
286 3507 414 3580 Ἐρνθρη
432 3506 578 3577 θάλασσας
602 3515 639 3565 oi.
659 3529 740 3579 supra
792 3515 839 3580 qni
861 3529 933 3564 nunu
954 3519 1069 3565 vooutur
1086 3515 1172 3575 Saea,
1196 3529 1283 3578 neque
1301 3513 1336 3563 ad

186 3581 189 3587 ’
199 3585 269 3648 ΙΙ,8,
278 3585 324 3635 σοὶ
334 3585 418 3635 etium
428 3585 461 3634 de
469 3585 570 3633 Arabia
580 3585 740 3634 monuimus.
793 3581 1010 3648 Rebel-Mandeb
1023 3584 1123 3634 tactam
1137 3583 1335 3633 existimomuer

234 3645 336 3718 ἡμέραν
364 3645 583 3718 ἀναισιμοῦνται
613 3645 741 3716 ιεσσερά-
793 3653 853 3718 quis
868 3653 938 3702 enim
952 3653 981 3702 in
996 3653 1097 3703 talibus
1115 3653 1206 3703 omnia
1218 3657 1275 3702 tam
1293 3667 1337 3702 ao·

199 3737 302 3786 ιιοντα,
322 3717 427 3787 εἰρεσίῃ
441 3714 598 3788 χρεωμένῳ]
619 3719 742 3772 Aduolat
792 3729 886 3772 curate
911 3737 971 3773 oum
992 3723 1092 3774 nostri·
1115 3722 1249 3772 mensurio
1273 3737 1337 3772 oon-

200 3793 364 3855 Larohernu‚
389 3791 538 3844 Niebuhrio
556 3791 618 3841 inde
636 3806 653 3840 a
671 3791 741 3842 Snoa
792 3792 884 3842 venire
895 3807 977 3856 ponae
989 3793 1134 3854 existimet,
1146 3796 1337 3856 mutatapror·

199 3876 284 3926 usque
307 3861 343 3911 ad
360 3858 467 3923 Loheja
490 3859 673 3924 proficiscenti
694 3859 741 3909 tri-
793 3876 840 3912 oue
857 3861 1008 3927 navigandi
1021 3862 1145 3912 ratione?
1168 3860 1236 3910 Indo
1252 3860 1287 3910 de
1301 3861 1336 3910 ai-

200 3931 277 3996 ginta
289 3935 407 3995 quatuor
422 3943 482 3979 esre
495 3929 552 3978 dier
570 3934 740 3990 consumtum
792 3945 843 3981 nus
869 3931 1040 3996 longitudine
1066 3929 1163 3981 melius
1191 3945 1272 3995 quam
1302 3929 1336 3980 de

199 3999 270 4050 uude
293 4015 380 4065 noque
404 3999 438 4048 ad
457 3997 543 4049 Ghela
566 4014 614 4049 sex
637 3999 740 4050 dierum
792 4000 940 4051 latitudine
958 4000 1088 4050 Nostrum
1105 3999 1231 4050 edoctum
1248 3999 1335 4050 iuiaaa

199 4069 252 4118 iter
276 4084 345 4120 esso.
381 4067 549 4118 Herodotum
572 4073 741 4119 autemeam
791 4069 950 4134 pronuntiat
974 4067 1099 4118 Whoeler
1122 4068 1286 4134 (ieogruphy
1307 4067 1339 4118 oi

199 4137 231 4186 de
255 4153 288 4188 ea
312 4139 388 4188 ainus
410 4141 505 4202 parta,
528 4152 598 4202 quae
615 4138 741 4202 Aegypto
791 4137 925 4189 Herodot.
947 4153 975 4202 p.
988 4137 1064 4200 315„
1088 4153 1148 4188 oum
1171 4153 1241 4204 qnae
1260 4137 1336 4188 ainus

199 4207 377 4272 respondeat,
396 4206 471 4272 loqui
485 4205 626 4271 probabile
637 4209 688 4270 ait,
703 4207 743 4256 ni·
793 4211 836 4258 eat
858 4205 975 4257 latitudo
999 4221 1084 4272 prope
1105 4207 1190 4270 Saea,
1215 4221 1274 4258 earn
1300 4205 1335 4256 ad

198 4275 235 4324 nil
253 4276 388 4327 Larclrero
412 4275 523 4326 videtur
538 4277 567 4325 in
589 4275 664 4328 hisee
682 4291 742 4326 eane
793 4275 927 4341 reliquam
949 4275 1025 4327 ainua
1048 4275 1235 4338 latitudinem,
1264 4289 1336 4340 qnae

199 4343 342 4397 absonum.
367 4344 496 4398 Pluribus
519 4344 551 4396 de
569 4351 663 4396 nortro
681 4343 742 4396 loeo
793 4345 888 4412 utique
899 4345 981 4413 longe
992 4345 1078 4396 maior
1090 4349 1140 4408 eat,
1154 4343 1335 4396 transtulerit.

1055 4425 1123 4486 29*
