3008 4924
232 237 293 298 750
664 243 935 306 HERODO'I'I

230 414 406 499 βοηθέειν·
427 410 486 482 τόν
507 413 544 483 dl
564 419 636 505 ίρέα
652 419 685 496 ἐς
698 414 846 507 ἀπορίην
863 415 1105 508 ἀπειλημένον,
1129 417 1314 488 ἐσελθόντα
1337 421 1371 498 ἐς
1484 399 1486 480 λ

229 511 266 582 τό
284 517 448 604 μέγαρον,
470 515 553 606 πρός
573 517 730 608 τώγαλμα
747 519 999 612 ἀποδύρεσθαι,
1022 517 1076 591 οἷα
1091 521 1287 592 κινδυνεύει
1302 548 1368 590 πα-

229 627 317 688 θεῖν.
351 616 607 712 ὀλοφυρόμενον
631 621 663 692 d’
679 623 744 714 ἀρα
768 653 828 714 μιν
848 629 1007 696 ἐπελθεῖν
1029 623 1156 710 ὕπνον,
1186 628 1241 694 καὶ
1259 630 1296 695 οἱ
1307 625 1368 696 dd-

229 724 282 803 ξαι
297 725 334 791 έν
353 729 393 815 τῇ
409 720 485 812 ὄψι,
509 727 689 798 ἐπιστάντα
702 726 762 798 τόν
775 727 860 799 θεὸν
873 731 1082 820 θαρσύνειν,
1106 725 1151 810 ώς
1166 726 1270 799 οὐδὲν
1290 737 1368 798 πεί-

229 845 321 895 σεται
350 825 447 917 ἄχαρι
472 826 636 914 ἀντιάζων
657 830 718 902 τόν
736 829 902 922 Ἀραβίων
930 833 1090 924 στρατόν·
1119 829 1220 914 αὐτός
1244 830 1308 922 γάρ
1336 838 1374 902 oc

229 933 375 1018 πέμψειν
395 933 573 1024 τιμωροόςί
602 935 748 1006 τούτοισι
764 937 807 1026 δή
822 965 881 1025 μιν
894 945 1039 1008 πίσυνον
1053 952 1140 1006 τοῖσι
1162 939 1368 1019 ἐνυπνίοισι,

230 1034 468 1125 παραλαβόντα
483 1045 683 1126 Αἰγυπτίων
697 1037 775 1122 τούς
788 1043 1015 1130 βουλομένους
1029 1047 1063 1111 οἱ
1081 1044 1242 1126 ἕπεσθαι,
1262 1062 1365 1128 στρα-

228 1137 499 1210 τοπεδεύσασθαι
513 1145 551 1212 ἐν
565 1152 762 1237 Πηλουσίῳ·
785 1143 889 1235 ταότη
904 1143 968 1233 γάρ
983 1152 1047 1230 είσι
1062 1149 1100 1214 αἱ
1111 1147 1261 1232 ἐσβολαί·
1286 1148 1367 1214 ἕπε-

230 1251 312 1310 σθαι
330 1247 370 1312 δέ
384 1248 420 1312 ci
429 1250 498 1313 τών
512 1253 668 1336 μαχίμων
680 1248 743 1336 μὲν
757 1244 882 1317 οὐδένα
896 1246 1050 1338 ἀνδρῶν,
1069 1247 1242 1338 καπήλους
1255 1249 1293 1317 δέ
1309 1251 1368 1316 καί

229 1345 454 1436 χειρώνακτας
465 1351 520 1418 καλ
535 1345 715 1439 ἀγοραίους
727 1347 941 1442 ἀνθρώπους.
965 1356 1115 1424 ἐνθαῦτα
1129 1349 1367 1441 ἀπικομένους,

230 1573 299 1622 quae
317 1574 333 1606 a
352 1556 463 1607 librario
482 1574 504 1608 s.
523 1557 625 1610 lectore
643 1559 773 1610 Iudaicae
823 1559 866 1612 34.
903 1561 935 1610 In
947 1577 1022 1628 seqq.
1037 1562 1071 1614 ad
1084 1559 1208 1630 μέγαρον
1220 1562 1293 1614 coni.
1306 1567 1366 1614 not.

229 1627 360 1677 historiae
377 1643 462 1692 gnaro
480 1627 574 1678 addita
598 1645 659 1681 esse
678 1631 772 1696 opina·
823 1629 904 1693 adl,
923 1633 956 1682 47
982 1637 1009 1682 et
1033 1632 1068 1682 ad
1091 1622 1175 1698 ἄχαρι
1193 1633 1219 1694 Ι,
1240 1631 1284 1684 38.
1304 1633 1366 1684 108.

230 1703 274 1747 tus
301 1703 360 1748 erat
387 1697 476 1748 Beck:
512 1699 554 1749 De
586 1699 669 1764 gloss.
698 1701 771 1752 critt.
822 1699 931 1750 παθεῖν
960 1702 1057 1768 scripsi
1085 1719 1135 1768 pro
1156 1697 1292 1765 παθέειν,
1328 1703 1365 1756 ci.

230 1773 337 1834 quaest.
366 1768 404 1818 11.
432 1785 459 1833 p.
488 1769 513 1822 9.
542 1771 586 1830 1ος
614 1771 678 1820 milri
705 1787 770 1820 vero
820 1769 848 1834 I,
869 1771 912 1821 32.

230 1853 310 1903 quam
334 1838 451 1888 maxime
477 1837 523 1888 illa
546 1841 687 1890 retinenda
710 1856 770 1890 esse
855 1831 992 1900 ἀντιάζων
1010 1831 1061 1888 τόν
1078 1830 1212 1908 Ἀραβίων
1231 1832 1365 1906 στρατὸν]

228 1908 365 1958 videntur.
377 1909 489 1958 Arctum
503 1925 592 1974 regem
605 1910 769 1975 quodSana·
820 1909 862 1960 Ad
894 1914 1057 1960 structuram
1084 1915 1111 1960 et
1137 1909 1366 1976 significationem

229 1979 366 2028 cineribum
396 1979 552 2030 Herodotus
583 1981 669 2044 dixit,
703 1981 771 2030 benc
821 1979 897 2030 verbi
917 1971 1056 2038 ἀντιάζων
1081 1979 1251 2040 (οόνίαιιιίντ,
1276 1995 1366 2031 συσκι-

228 2049 333 2098 monuit
350 2048 482 2098 Gesenius
507 2049 604 2116 (Thes.
627 2051 658 2100 L.
685 2051 769 2101 Hebr.
821 2048 1102 2114 rerelconi.1,105.
1123 2050 1365 2113 11,118.111‚45.

229 2119 267 2170 11.
281 2135 306 2184 p.
319 2117 369 2169 962
385 2118 446 2169 coll.
458 2118 493 2168 ad
505 2119 586 2170 Icsai.
600 2119 726 2180 XXXVI,
743 2119 770 2183 1)
820 2119 868 2182 IV,
881 2117 924 2170 80.
942 2119 990 2180 IX,
1007 2121 1031 2172 o.
1069 2119 1101 2170 In
1120 2136 1194 2240 sepq.
1212 2119 1246 2170 ad
1264 2121 1364 2170 verba:

227 2190 347 2238 Arabum
362 2204 458 2238 nomen
472 2189 603 2254 ampliore
614 2189 771 2255 significatu
822 2181 910 2255 ταάτη
937 2181 989 2253 γάρ
1016 2182 1069 2238 εἰσι
1097 2183 1129 2239 ru‘
1164 2185 1260 2257 σβολαλ
1289 2191 1364 2240 coni.

228 2259 263 2307 ad
282 2259 366 2323 Syros
382 2258 410 2307 in
423 2259 622 2324 Mesopotamia
637 2261 771 2324 pertinere
819 2259 871 2320 ΙΙΙ,
893 2261 922 2321 5,
947 2258 992 2308 ubi
1016 2258 1048 2308 dc
1067 2257 1194 2323 desertis,
1222 2275 1291 2326 quac
1311 2265 1366 2310 tar-

228 2327 329 2388 vidcri3
356 2327 474 2390 Arabes,
503 2330 549 2394 qui
573 2330 601 2378 in
627 2330 770 2394 peninsula
819 2329 901 2379 restri
920 2329 1016 2378 itincre
1035 2329 1188 2396 Aegyptum
1207 2330 1364 2395 petentibus

228 2398 345 2448 Petraea
364 2398 431 2456 (Iee.
443 2399 518 2462 XXI,
540 2399 584 2463 ll)
603 2400 769 2450 etArabiam
819 2397 983 2464 permeanda
1000 2403 1078 2463 sunt,
1101 2399 1196 2450 scribit
1217 2393 1310 2466 μοόνη
1332 2392 1364 2448 δὲ

228 2466 299 2516 inter
317 2473 344 2517 et
358 2467 523 2532 Euphratem
543 2469 706 2530 habitarint,
726 2469 770 2519 hic
820 2461 908 2534 ταύτῃ
930 2463 985 2516 elul
1004 2465 1126 2534 puerperi
1144 2460 1256 2536 ἐσβολαὶ
1273 2460 1301 2526 ἐς
1315 2465 1364 2518 Αί-

228 2536 345 2602 intelligi
377 2539 475 2587 statuit
503 2537 579 2590 Cless
609 2540 649 2589 in:
682 2538 770 2604 Pauly
820 2552 940 2602 γυπτον,
971 2537 1130 2603 quibuscum
1158 2539 1231 2590 coni.
1261 2555 1323 2604 cap.
1347 2540 1362 2588 'l

227 2605 436 2672 Realcncyclop.
456 2608 504 2670 VI,
520 2609 543 2660 l.
564 2625 626 2675 pag.
642 2609 692 2660 707
711 2617 768 2660 not.
819 2608 879 2657 init.
921 2607 963 2657 Ad
985 2623 1077 2658 vocem
1101 2599 1200 2674 ἐσβολὴ
1224 2609 1363 2673 pertinent

227 2677 330 2727 Nomen
350 2679 421 2742 regis
441 2679 468 2727 in
488 2680 573 2728 sacris
587 2679 664 2728 libris
676 2679 769 2729 scribi·
820 2678 901 2727 etiam
920 2677 947 2726 hi
963 2676 1016 2726 loci
1033 2677 1072 2738 ΙΙ,
1086 2679 1130 2729 75.
1149 2677 1211 2741 VII,
1229 2675 1361 2729 172173.

227 2753 271 2796 tur
295 2761 415 2828 257530-
452 2749 524 2814 qnod
556 2749 654 2800 Graeci
695 2749 769 2799 vario
822 2747 880 2798 175.
904 2747 961 2798 llll.
980 2747 1040 2797 207.
1060 2747 1137 2810 VIII,
1159 2747 1200 2798 15.
1230 2748 1272 2798 Ad
1291 2753 1364 2796 stru-

226 2835 305 2885 modo
323 2827 506 2896 reddiderunt,
525 2833 581 2884 vid.
597 2835 695 2885 Gesen.
709 2833 727 2885 l.
742 2833 771 2896 l.,

226 2907 272 2970 qui
296 2905 448 2956 sacerdotis
473 2905 563 2954 sancti
592 2904 770 2969 significatio·

225 2991 285 3026 nem
307 2975 485 3040 probabiliter
508 2976 536 3024 in
563 2973 615 3023 bac
642 2989 708 3024 voce
731 2974 770 3024 la-

224 3049 281 3096 tere
304 3049 398 3110 putat,
423 3061 504 3110 quam
523 3043 627 3094 Boblen
652 3044 769 3096 rauseri-

224 3116 279 3164 tice
303 3115 433 3179 scriptam
462 3114 522 3164 vult
542 3113 659 3178 seudpn'b
685 3119 768 3179 atque

223 3184 417 3248 interpretatur
452 3187 606 3234 exercituum
642 3186 766 3234 οίειοικτιι.

224 3254 267 3302 Το
283 3253 339 3304 vid.
356 3254 438 3304 etlam
457 3253 530 3304 Keil:
557 3253 706 3304 Commeat.
731 3268 766 3303 au

224 3323 250 3373 d.
269 3323 356 3374 Biich.
375 3323 401 3373 d.
415 3324 516 3388 Kiinig.
536 3337 562 3386 p.
579 3323 639 3376 519.
676 3323 708 3372 ln
727 3323 767 3372 in-

222 3393 415 3458 scriptionibus
428 3393 553 3444 cuneatis
564 3392 672 3457 palatii,
695 3391 766 3458 quod

222 3479 239 3514 a
257 3463 443 3514 Sanacbaribo
467 3465 633 3512 exstructum
655 3467 766 3512 conten-

223 3533 290 3584 dunt
306 3534 333 3582 in
348 3533 421 3595 loco,
441 3533 485 3583 cui
502 3547 573 3582 nunc
585 3547 683 3582 nomen
695 3532 765 3582 Nebi

222 3605 312 3654 Yunes
341 3619 373 3652 cx
405 3603 521 3652 adverso
548 3602 623 3651 urbis
651 3601 765 3663 Mossul,

221 3689 318 3724 nornen
344 3672 521 3738 probabiliter
551 3671 681 3736 scriptum
710 3676 766 3720 tra-

222 3744 290 3793 dunt
306 3741 523 3802 Sanchi-ir-ba‚
553 3740 581 3789 in
602 3755 655 3806 quo
675 3745 702 3791 et
720 3740 764 3790 dei

221 3817 248 3862 et
260 3813 362 3863 domini
374 3811 601 3878 significationem
618 3811 708 3860 inesse
725 3810 765 3859 di-

220 3887 301 3943 cunt;
323 3883 359 3933 ci.
378 3882 482 3947 Oppert
498 3882 539 3930 in:
559 3879 717 3930 Zeitscbrilt
735 3879 762 3930 d.

220 3951 343 4002 deutsch.
363 3949 549 4016 morgenltnd.
570 3949 762 4000 Gesellscbatt.

221 4019 301 4083 VIII,
320 4021 346 4072 3.
359 4037 385 4086 p.
401 4021 460 4072 596.
496 4021 538 4070 De
557 4018 678 4084 reliquis,
693 4035 764 4083 quas

220 4089 254 4138 ad
278 4090 306 4140 h.
325 4089 343 4139 l.
368 4093 508 4156 spectant,
535 4089 591 4139 vid.
611 4091 763 4140 Excursnm

220 4157 300 4207 adh.
319 4157 338 4207 l.

254 4233 281 4298 ἐς
309 4233 436 4306 ἀπορίην
463 4235 665 4307 ἀπειλημένον]
698 4243 760 4292 Vid.

219 4309 618 4376 1‚24urq.n0o.0011.v111‚
635 4311 693 4362 ιοο.
712 4311 761 4373 1x,

820 2821 924 2866 cturam
943 2817 1103 2866 nominativi
1117 2807 1204 2874 αὐτὸς
1216 2817 1244 2866 in
1257 2817 1362 2868 verbis:

819 2876 907 2944 αὐτὸς
924 2879 976 2951 γάρ
996 2879 1026 2935 ολ
1037 2885 1160 2952 πέμψειν
1172 2887 1244 2938 coni.
1259 2887 1297 2950 ΙΙ,
1312 2884 1363 2938 118

819 2956 910 3021 ibique
930 2959 999 3007 nott.

854 3035 1001 3106 καπήλους
1029 3034 1061 3090 δὲ
1093 3037 1141 3090 καλ
1171 3029 1363 3106 χειρώνακτας

818 3108 866 3160 καλ
881 3103 1035 3176 ἀγοραίους
1051 3101 1238 3174 ἀνθρώπους]
1258 3110 1300 3160 De
1318 3107 1361 3158 bis

817 3181 930 3232 vocibus
949 3181 1005 3232 dixi
1023 3180 1058 3230 ad
1077 3180 1100 3242 Ι,
1115 3182 1159 3233 93.
1179 3170 1302 3242 κάπηλοι
1322 3179 1362 3228 iu·

818 3256 858 3301 ter
882 3255 976 3318 gentes
995 3250 1112 3314 Aegypti
1137 3254 1240 3314 septem
1264 3248 1361 3313 quinto

816 3321 877 3372 loco
893 3325 1033 3386 ponuntur
1057 3319 1131 3369 inira
1153 3319 1196 3381 11,
1217 3317 1276 3370 164.
1313 3315 1362 3368 At·

817 3407 869 3456 qus
886 3391 1004 3442 Heeren.
1022 3386 1117 3452 (ldeen
1129 3389 1167 3452 11,
1180 3389 1206 3440 2.
1219 3385 1360 3452 pag.140)

816 3475 910 3510 vocem
933 3451 1080 3523 καπήλους
1101 3459 1296 3522 interpretatur
1318 3457 1360 3506 die

816 3529 898 3580 Kaste
919 3531 966 3580 der
985 3527 1228 3594 penerbtreibenden
1244 3527 1357 3590 Birper.

815 3599 939 3664 Namque
959 3613 1052 3649 omnes
1072 3596 1188 3662 intelligi
1205 3596 1264 3645 vult
1282 3593 1359 3660 opili-

816 3685 870 3732 ccs,
880 3667 1008 3730 artifices,
1022 3671 1195 3728 mercatores,
1210 3681 1358 3730 caupones.

849 3746 976 3804 dedorim
993 3744 1199 3818 ἀπικομένους]
1227 3751 1269 3802 Ad
1287 3758 1357 3801 stru-

815 3829 921 3875 cturam
944 3823 1016 3874 coni.
1042 3823 1088 3883 Il,
1113 3821 1161 3874 dd:
1193 3819 1302 3870 sarira
1325 3815 1357 3869 dl

814 3886 996 3959 γινόμενα,
1027 3889 1137 3941 πένθεα
1160 3886 1264 3954 μεγάλα
1288 3882 1357 3945 τούς

815 3957 986 4027 Αίγυπτίοος
997 3953 1217 4026 καταλαμβάνει,
1237 3959 1284 4010 ubi
1298 3959 1355 4008 vid.

814 4036 884 4082 nott.
895 4032 1012 4095 itemque
1022 4029 1060 4090 ΙΙ,
1074 4031 1132 4082 152.
1147 4029 1200 4090 ΙΙΙ,
1211 4029 1254 4078 su.
1273 4029 1357 4078 Wun-

813 4101 919 4151 nowslri
948 4101 1062 4164 Syntsx.
1091 4099 1209 4149 anomal.
1241 4099 1355 4149 Graece.

814 4185 876 4236 pars
897 4168 1081 4234 (hipolitus)
1106 4183 1169 4233 pag.
1195 4169 1254 4217 175.
1291 4168 1357 4217 Mox

813 4237 970 4290 sBredorii
988 4237 1092 4288 monitu
1108 4253 1170 4302 pag.
1190 4237 1241 4288 327
1259 4237 1357 4302 scripsi

812 4311 915 4373 φαγεῖν
929 4321 977 4372 pro
997 4303 1127 4372 φαγέειν,
1145 4309 1176 4358 nt
1193 4305 1275 4370 paulo
1291 4311 1357 4356 ante
