3020 4930
112 281 115 288 ·
225 277 287 342 aas
608 279 876 344 excussus
901 241 1002 342 xrv'

226 469 284 504 mus
300 451 386 520 (conf.
403 451 492 504 Exod.
511 452 534 519 l,
549 455 575 512 7.
591 456 618 512 9.
635 452 698 521 12),
716 452 804 506 videri
818 459 1003 522 exstructum
1027 455 1101 524 quod
1112 455 1265 527 Aegyptios
1280 465 1360 528 post-

227 537 303 589 modo
319 535 358 586 ita
372 536 461 589 fuisse
476 537 690 606 interpretatos,
707 543 738 589 ut
752 537 869 608 plurium
883 545 911 591 et
926 540 1033 609 quidem
1049 540 1189 593 duodecim
1204 543 1361 613 principum

225 637 294 690 opus
310 620 433 672 dicerent
447 620 642 688 labyrinthum.
667 622 766 692 Nuper
780 623 815 675 de
829 623 978 691 labyrinthi
993 643 1061 677 voce
1077 625 1117 676 sic
1132 627 1360 682 statuitSiclrlerr

223 705 377 758 Handbuch
394 704 444 756 der
461 705 533 758 alten
549 706 653 774 Geogr.
669 725 696 776 p.
709 710 769 774 79tl,
787 713 819 760 ut
831 715 994 778 exponeret:
1010 705 1216 793 ll'iffi'fli}
1236 713 1360 780 (hooh-

226 791 371 856 Blrcnr'th),
388 789 407 840 i.
424 807 449 841 e.
467 792 581 844 cohaesit
596 809 655 858 arc,
672 807 737 860 pro:
751 795 894 848 cohaerens
909 812 975 848 arc.-
990 793 1040 848 das
1054 797 1359 866 zusammenhingende

227 873 340 926 Schloss
357 874 425 926 oder
437 874 679 943 Praohtgebiude!

310 960 395 1012 Situm
416 958 564 1027 labyrinthi
584 960 654 1013 satis
674 959 812 1014 declarare
835 961 965 1014 sidentur
982 963 1119 1016 Herodoti
1143 966 1241 1017 verba:
1262 957 1360 1035 ὀλίγον

222 1037 292 1110 ὑπὲρ
307 1044 355 1112 τῆς
369 1045 465 1112 λίμνης
479 1047 529 1114 τῆς
538 1047 659 1113 Μοίριος
672 1049 700 1097 et
713 1061 784 1113 quae
799 1053 964 1114 sequuntur.
998 1047 1093 1110 Quare
1109 1049 1184 1118 quod
1199 1049 1359 1103 Danvillius

224 1127 357 1197 duplicem
378 1129 562 1195 labyrinthum
583 1129 673 1182 fuisse
695 1128 756 1180 olim
779 1131 933 1197 statuebat,
960 1132 1150 1203 Herodotique
1172 1133 1360 1200 labyrinthum

226 1211 481 1286 Herqcleopolitano
499 1231 577 1267 nomo
593 1213 760 1281 adscriptum
774 1215 885 1267 volebat
904 1231 991 1284 prope
1009 1217 1250 1286 septentrionalem
1264 1220 1360 1272 termi-

225 1313 289 1349 num
311 1297 371 1349 eius
392 1297 510 1366 canalis,
534 1299 582 1369 qui
602 1315 675 1350 nunc
696 1298 805 1366 quidem
827 1299 982 1369 appelletur
997 1301 1118 1368 Bathea,
1139 1301 1245 1371 lapsum
1267 1304 1360 1358 luisse

221 1369 313 1433 ¹uirum
334 1382 474 1450 egregium
498 1382 561 1452 ipsa
579 1383 714 1436 Herodoti
736 1385 821 1436 uerba
843 1391 926 1453 atque
945 1385 1091 1438 Strabonis
1112 1386 1192 1439 facile
1213 1388 1359 1441 evincunt.

226 1466 316 1518 Unum
338 1472 443 1519 tantum
465 1467 493 1518 in
510 1465 637 1536 Aegypto
658 1468 859 1520 commemorari
879 1468 1063 1536 labyrinthum
1084 1487 1101 1522 a
1124 1471 1265 1524 veteribus
1280 1479 1359 1526 recte

225 1551 319 1619 poenit
335 1551 427 1620 Zoiga
441 1551 475 1603 de
492 1551 572 1604 obell.
588 1570 616 1621 p.
634 1557 687 1612 418
701 1557 801 1610 not.10
814 1553 865 1604 hoc
880 1553 998 1605 addens:
1018 1554 1151 1624 reliquias
1166 1555 1226 1608 eius
1241 1557 1360 1626 primum

225 1635 365 1688 detexisse
380 1635 481 1688 Lucam
498 1654 584 1706 prope
598 1635 732 1690 Moeridis
747 1635 834 1689 lacum
855 1656 887 1689 eo
904 1637 978 1704 loco,
1000 1639 1048 1708 qui
1064 1655 1137 1692 nunc
1151 1639 1259 1694 heatus
1274 1643 1361 1697 Koar-

225 1721 324 1787 Garon,
345 1719 364 1772 i.
384 1738 408 1772 e.
426 1741 477 1775 arc
493 1723 613 1775 Coronis.
645 1722 715 1774 Nam
735 1721 847 1774 multum
864 1721 926 1774 olim
940 1722 1121 1793 disceptatum
1137 1731 1181 1778 est
1193 1725 1267 1778 inter
1279 1727 1360 1780 virus

225 1804 335 1870 doctos,
364 1803 513 1872 labyrinthi
538 1813 629 1858 utrum
657 1806 712 1859 ulla
736 1807 844 1859 omnino
871 1807 1015 1876 supersint
1037 1808 1138 1862 rudera
1163 1827 1266 1878 necne3
1298 1811 1358 1864 vid.

224 1889 302 1940 modo
317 1889 401 1941 Beck.
419 1889 437 1940 l.
454 1889 472 1941 l.
495 1907 522 1960 p.
537 1893 590 1951 Μ
606 1897 634 1943 et
647 1891 740 1959 Zoiga
754 1891 772 1942 l.
789 1891 807 1943 l.
840 1891 946 1944 Nostra
963 1897 1053 1945 aetate
1068 1894 1224 1946 accuratius
1245 1895 1274 1948 in
1290 1896 1360 1949 haec

224 1972 432 2042 inquisiverunt
449 1974 523 2026 docti
540 1975 613 2026 Galli
633 1975 651 2026 Ι.
668 1975 686 2027 Ι.
711 1993 739 2044 p.
756 1981 799 2035 δῇ.
831 1974 943 2028 Minime
963 1975 1033 2029 enim
1054 1995 1086 2030 eo
1104 1978 1178 2046 loco,
1201 1979 1249 2031 ubi
1264 1981 1358 2034 Lucas

225 2057 327 2127 aliique
343 2058 444 2110 rudera
461 2058 611 2127 labyrinthi
625 2059 765 2112 detexisse
781 2059 834 2112 sibi
849 2060 1029 2128 videbantur,
1050 2061 1201 2130 labyrinthi
1222 2063 1359 2134 reliquias

225 2159 288 2193 esse
305 2144 479 2210 quaerendas
500 2143 614 2209 docent,
641 2160 712 2214 quae
728 2161 814 2214 prope
831 2143 1021 2197 Kesr-Caron
1046 2146 1119 2218 (sive
1134 2149 1359 2217 haur-Kcrcan)

225 2226 405 2279 inveniantur
421 2228 536 2296 rudera,
560 2244 592 2280 ea
609 2228 643 2280 ad
663 2228 763 2296 templa
781 2228 919 2298 pertinere
934 2245 1008 2281 nunc
1022 2230 1122 2283 diruta.
1157 2231 1219 2284 Vid.
1235 2233 1356 2286 lomard.

225 2309 242 2362 l.
259 2310 277 2360 l.
295 2329 323 2379 p.
342 2314 375 2368 13
391 2330 470 2381 seqq.
486 2311 547 2364 coll.
564 2311 668 2365 Ritter:
689 2312 841 2388 Erdlrunde
857 2312 880 2364 l.
896 2332 924 2383 p·
939 2318 993 2373 810
1006 2332 1063 2384 seq.
1084 2322 1111 2367 et
1128 2315 1161 2368 Ι..
1177 2317 1211 2369 de
1228 2317 1358 2372 Laborde

224 2395 252 2445 in
268 2393 364 2446 Revue
379 2397 518 2466 sranqaise
533 2400 611 2454 1829.
628 2397 709 2449 Janr.
726 2400 806 2466 p.70.
827 2397 1025 2465 labyrinthum
1041 2417 1073 2450 eo
1082 2399 1175 2469 potius
1191 2401 1250 2453 loco
1265 2403 1357 2456 fuisse

224 2475 395 2544 existimant,
423 2479 470 2531 ubi
486 2480 588 2532 canalis
603 2480 630 2532 in
647 2479 780 2533 Moeridis
797 2480 884 2534 lacum
899 2500 930 2533 se
944 2483 1073 2540 infundat
1088 2491 1116 2535 et
1130 2486 1248 2553 pyramis
1264 2487 1358 2540 adhuc

224 2561 410 2630 conspiciatur
432 2569 552 2633 quatuor
578 2563 700 2616 laterum.
738 2565 856 2632 Magnos
876 2567 1005 2619 ruderum
1031 2567 1203 2637 lapidumque
1226 2569 1354 2623 cumulos

223 2646 278 2698 illic
297 2653 473 2700 coacervatos
495 2665 572 2716 esse,
595 2649 759 2718 corispicuos
781 2649 853 2702 haud
874 2649 956 2719 longe
975 2668 992 2702 a
1010 2651 1071 2704 vico
1092 2653 1249 2720 Hacadroh,
1272 2659 1305 2706 ut
1320 2653 1354 2707 in

223 2731 325 2801 quibus
336 2732 380 2784 vel
391 2731 517 2800 singulae
528 2733 659 2802 quaedam
671 2739 764 2803 partes
776 2734 868 2804 operis
875 2734 954 2803 plane
965 2736 1100 2789 destructi
1112 2737 1231 2790 discerni
1239 2745 1354 2807 queant.

223 2816 329 2868 Arabes
346 2822 450 2882 autem,
471 2817 519 2888 qui
537 2819 682 2870 thesauros
699 2819 895 2872 subterraneos
910 2819 939 2871 in
954 2819 1005 2872 hoc
1027 2821 1151 2874 aedificio
1165 2821 1250 2875 latere
1273 2829 1354 2891 puta·

223 2900 323 2966 verint,
339 2899 407 2953 illud
421 2907 546 2954 vastasse
557 2901 637 2955 iidem
649 2903 702 2955 riri
714 2903 787 2955 docti
797 2902 985 2973 suspicantur.
1006 2905 1069 2958 Vid.
1082 2905 1220 2975 Descript.
1233 2905 1267 2958 de
1278 2905 1353 2974 l'Eg.

224 2984 242 3037 l.
258 2984 276 3036 Ι.
294 2989 458 3055 p.32seqq.,
477 2986 575 3040 liitter.
592 2986 611 3038 l.
626 2987 644 3040 l.
661 2987 674 3037 1
689 3007 716 3057 p.
732 2992 785 3048 798
798 3005 868 3058 aeq,
884 2987 1024 3042 Mannert.
1045 2989 1062 3040 Ι.
1082 2989 1100 3042 Ι.
1116 2995 1203 3059 pm
1215 3008 1275 3060 seq.
1291 2989 1355 3044 Bel-

223 3069 333 3123 aonium
355 3070 379 3122 si
402 3071 515 3138 audias,
541 3071 570 3124 in
592 3071 754 3124 occidentali
773 3071 850 3125 lacus
864 3079 942 3142 parte
963 3073 1035 3126 haud
1049 3073 1131 3141 longe
1155 3074 1245 3127 aloco
1260 3075 1354 3141 Tirsa,

224 3154 271 3206 nbi
290 3154 388 3206 multae
410 3161 476 3208 aunt
496 3155 679 3209 columnarum
696 3157 842 3226 reliquiae,
863 3157 1036 3226 labyrinthus
1053 3163 1211 3212 exstructus
1232 3177 1294 3212 esse
1312 3159 1354 3211 vi-

223 3239 314 3291 detur.
346 3238 427 3291 Conf.
444 3239 652 3293 suanenses.
669 3241 696 3293 in
709 3241 817 3294 Annall.
832 3241 999 3295 Viennenea.
1015 3241 1264 3314 uol.llLV(1829).
1274 3262 1300 3313 p.
1308 3248 1354 3303 31.

223 3321 281 3386 Qui
303 3329 367 3392 post
381 3322 476 3375 Gallos
495 3323 556 3376 illos
578 3325 674 3378 doctos
690 3323 843 3394 Aegyptum
864 3327 1083 3395 perlustrarunt,
1108 3327 1153 3379 vir
1170 3327 1356 3395 labyrinthum

224 3407 392 3474 attigerunt,
417 3407 497 3460 cuius
512 3408 594 3461 situm
610 3415 684 3464 reete
699 3409 832 3462 indicavit
848 3427 920 3463 unus
936 3411 1091 3463 Wilhinson
1106 3411 1309 3483 (Popogrsphy
1326 3415 1358 3464 oi

222 3492 334 3544 Thebes
349 3497 445 3560 paee.
467 3493 601 3546 Manners
615 3495 669 3547 and
683 3495 763 3547 Cust.
780 3513 835 3548 seo.
854 3495 954 3548 senil.
971 3496 1072 3564 ples)
1087 3513 1174 3565 prope
1187 3496 1355 3566 pyramidem

222 3577 309 3644 illam,
331 3593 402 3646 quae
425 3576 513 3630 adhuc
533 3579 702 3648 conspicitur
727 3596 780 3632 non
802 3579 943 3632 admodum
964 3586 1067 3632 remota
1088 3597 1104 3632 a
1123 3580 1184 3632 vico
1205 3581 1355 3636 Hooasirab

223 3662 283 3714 sive
297 3665 343 3732 (ut
357 3661 454 3713 scribit
467 3662 513 3714 ille
530 3661 658 3731 Anghce)
672 3663 804 3729 Honora,
827 3665 875 3734 qui
898 3663 981 3717 unius
1004 3666 1089 3718 ferme
1110 3664 1227 3718 milliarii
1242 3665 1352 3733 Anglici

223 3746 313 3815 spatio
331 3745 417 3798 distat
430 3748 464 3798 ab
481 3747 549 3799 urbe
564 3747 765 3818 Crocodilopoli
783 3767 807 3801 a.
822 3751 955 3817 Fayouru.
985 3747 1150 3802 Accuratius
1165 3767 1268 3802 omnem
1283 3750 1355 3802 hanc

223 3830 361 3899 regionem
379 3831 545 3900 perquisivit
560 3831 695 3902 Lepsius,
720 3833 768 3902 qui
784 3833 813 3885 in
828 3833 898 3904 ipsis
913 3833 1062 3901 labyrinthi
1079 3833 1227 3886 ruderibus
1241 3833 1354 3901 longius

223 3921 403 3968 commoratus
424 3915 475 3968 hoc
494 3917 571 3984 ipso,
594 3933 648 3986 quo
669 3917 740 3982 dixi,
769 3917 845 3984 loco,
872 3917 950 3970 iuxta
969 3917 1134 3988 pyramidem
1154 3918 1242 3982 illam,
1268 3917 1353 3969 maxi-

223 4017 289 4051 mam
305 3999 435 4052 ruderum
450 4000 532 4069 longe
548 4001 656 4071 lateque
672 4001 859 4070 dispersorum
874 4002 977 4070 molem,
995 4019 1066 4072 quae
1080 4019 1097 4054 a
1110 4001 1259 4071 pyramidis
1273 4002 1354 4054 iesti-

223 4083 269 4150 gio
284 4085 354 4136 bene
369 4085 492 4155 conspici
509 4091 614 4155 potest,
635 4084 746 4140 invenit
764 4086 899 4157 simulque
912 4086 1080 4140 infinitarum
1095 4085 1222 4140 cellarum
1238 4086 1283 4138 vel
1298 4101 1354 4138 ma·
1456 4149 1460 4160 .

223 4165 311 4217 iorum
333 4167 375 4218 vel
396 4170 528 4223 minorum
551 4169 698 4240 reliquias,
718 4170 855 4250 ipsosque
875 4171 981 4240 lapides
1003 4171 1093 4238 regis,
1122 4187 1201 4240 quem
1223 4169 1354 4237 diximus,

224 4267 321 4302 nomen
332 4251 512 4321 declarantes,
530 4259 561 4306 ut
575 4255 609 4306 de
624 4253 779 4323 labyrintho
796 4272 868 4308 nrrnc
884 4255 1003 4310 dubitari
1015 4263 1142 4325 nequeat.
1166 4255 1354 4324 Conspectum

226 4335 355 4387 ruderum
370 4353 433 4390 aere
450 4355 609 4408 expressum
629 4339 753 4394 exhibuit
766 4333 836 4392 idem
857 4341 899 4393 vir
918 4342 1015 4394 doctus
1037 4339 1165 4412 inopere
1183 4337 1353 4412 splendidis·
