<?xml version="1.0" encoding="UTF-8"?>
<!DOCTYPE html PUBLIC "-//W3C//DTD XHTML 1.0 Transitional//EN"
    "http://www.w3.org/TR/xhtml1/DTD/xhtml1-transitional.dtd">
<html xmlns="http://www.w3.org/1999/xhtml" xml:lang="en" lang="en">
 <head>
  <title>
</title>
<meta http-equiv="Content-Type" content="text/html;charset=utf-8" />
  <meta name='ocr-system' content='tesseract 3.04.00' />
  <meta name='ocr-capabilities' content='ocr_page ocr_carea ocr_par ocr_line ocrx_word'/>
</head>
<body>
  <div class='ocr_page' id='page_1' title='image "./herodotihalicar00bhgoog_0860.png"; bbox 0 0 3020 4930; ppageno 0'>
   <div class='ocr_carea' id='block_1_1' title="bbox 368 847 1028 1099">
    <p class='ocr_par' dir='ltr' id='par_1_1' title="bbox 368 847 1028 1099">
     <span class='ocr_line' id='line_1_1' title="bbox 515 847 890 926; baseline -0.003 -3"><span class='ocrx_word' id='word_1_1' title='bbox 515 847 837 926; x_wconf 78' lang='lat' dir='ltr'><strong>EXOURSUS</strong></span> <span class='ocrx_word' id='word_1_2' title='bbox 871 849 890 922; x_wconf 94' lang='lat' dir='ltr'>I</span> 
     </span>
     <span class='ocr_line' id='line_1_2' title="bbox 368 968 1028 1099; baseline -0.006 -18"><span class='ocrx_word' id='word_1_3' title='bbox 368 968 1028 1099; x_wconf 73' lang='lat' dir='ltr'><strong>Annunon0n1‚m</strong></span> 
     </span>
    </p>
   </div>
   <div class='ocr_carea' id='block_1_2' title="bbox 624 1218 786 1228">
    <p class='ocr_par' dir='ltr' id='par_1_2' title="bbox 624 1218 786 1228">
     <span class='ocr_line' id='line_1_3' title="bbox 624 1218 786 1228; baseline -0.012 -1"><span class='ocrx_word' id='word_1_4' title='bbox 624 1218 786 1228; x_wconf 83' lang='lat'><strong>-——</strong></span> 
     </span>
    </p>
   </div>
   <div class='ocr_carea' id='block_1_3' title="bbox 423 1336 967 1425">
    <p class='ocr_par' dir='ltr' id='par_1_3' title="bbox 423 1336 967 1425">
     <span class='ocr_line' id='line_1_4' title="bbox 423 1336 967 1425; baseline 0 -21"><span class='ocrx_word' id='word_1_5' title='bbox 423 1337 601 1425; x_wconf 72' lang='grc' dir='ltr'><em>Ἅδραστος,</em></span> <span class='ocrx_word' id='word_1_6' title='bbox 620 1336 798 1424; x_wconf 65' lang='grc' dir='ltr'><em>Ἄδρηστος,</em></span> <span class='ocrx_word' id='word_1_7' title='bbox 820 1347 967 1404; x_wconf 76' lang='lat' dir='ltr'><strong><em>Adrastus.</em></strong></span> 
     </span>
    </p>
   </div>
   <div class='ocr_carea' id='block_1_4' title="bbox 132 1498 1266 3434">
    <p class='ocr_par' dir='ltr' id='par_1_4' title="bbox 132 1498 1266 3434">
     <span class='ocr_line' id='line_1_5' title="bbox 216 1498 1266 1570; baseline -0.001 -14"><span class='ocrx_word' id='word_1_8' title='bbox 216 1505 327 1557; x_wconf 81' lang='lat' dir='ltr'><strong>Adrasti</strong></span> <span class='ocrx_word' id='word_1_9' title='bbox 346 1502 454 1555; x_wconf 90' lang='lat' dir='ltr'><strong>nomine</strong></span> <span class='ocrx_word' id='word_1_10' title='bbox 470 1500 566 1570; x_wconf 84' lang='lat' dir='ltr'><strong>plures</strong></span> <span class='ocrx_word' id='word_1_11' title='bbox 583 1505 733 1553; x_wconf 84' lang='lat' dir='ltr'><strong>occurrunt</strong></span> <span class='ocrx_word' id='word_1_12' title='bbox 745 1499 774 1552; x_wconf 91' lang='lat' dir='ltr'><strong>in</strong></span> <span class='ocrx_word' id='word_1_13' title='bbox 791 1501 959 1552; x_wconf 85' lang='lat' dir='ltr'><strong>Graecorum</strong></span> <span class='ocrx_word' id='word_1_14' title='bbox 980 1515 1067 1570; x_wconf 89' lang='lat' dir='ltr'><strong>aeque</strong></span> <span class='ocrx_word' id='word_1_15' title='bbox 1083 1515 1115 1551; x_wconf 85' lang='lat' dir='ltr'><strong>ao</strong></span> <span class='ocrx_word' id='word_1_16' title='bbox 1129 1498 1266 1555; x_wconf 85' lang='lat' dir='ltr'><strong>Troiano·</strong></span> 
     </span>
     <span class='ocr_line' id='line_1_6' title="bbox 133 1583 1264 1655; baseline -0.001 -16"><span class='ocrx_word' id='word_1_17' title='bbox 133 1604 193 1640; x_wconf 91' lang='lat' dir='ltr'><strong>rum</strong></span> <span class='ocrx_word' id='word_1_18' title='bbox 207 1588 301 1640; x_wconf 84' lang='lat' dir='ltr'><strong>rebus.</strong></span> <span class='ocrx_word' id='word_1_19' title='bbox 327 1587 418 1638; x_wconf 89' lang='lat' dir='ltr'><strong>Primo</strong></span> <span class='ocrx_word' id='word_1_20' title='bbox 434 1586 492 1638; x_wconf 92' lang='lat' dir='ltr'><strong>loco</strong></span> <span class='ocrx_word' id='word_1_21' title='bbox 507 1602 640 1655; x_wconf 86' lang='lat' dir='ltr'><strong>ponamus</strong></span> <span class='ocrx_word' id='word_1_22' title='bbox 655 1583 787 1652; x_wconf 74' lang='lat' dir='ltr'><strong>Argivum</strong></span> <span class='ocrx_word' id='word_1_23' title='bbox 802 1583 876 1636; x_wconf 88' lang='lat' dir='ltr'><strong>illum</strong></span> <span class='ocrx_word' id='word_1_24' title='bbox 890 1589 1044 1652; x_wconf 72' lang='lat' dir='ltr'><strong><em>Adrastum,</em></strong></span> <span class='ocrx_word' id='word_1_25' title='bbox 1062 1601 1153 1652; x_wconf 79' lang='lat' dir='ltr'><strong>regem</strong></span> <span class='ocrx_word' id='word_1_26' title='bbox 1168 1585 1264 1655; x_wconf 82' lang='lat' dir='ltr'><strong>Sicyo·</strong></span> 
     </span>
     <span class='ocr_line' id='line_1_7' title="bbox 136 1668 1265 1739; baseline 0.001 -16"><span class='ocrx_word' id='word_1_27' title='bbox 136 1672 218 1737; x_wconf 73' lang='lat' dir='ltr'><strong>nisam,</strong></span> <span class='ocrx_word' id='word_1_28' title='bbox 240 1671 320 1722; x_wconf 85' lang='lat' dir='ltr'><strong>Talai</strong></span> <span class='ocrx_word' id='word_1_29' title='bbox 336 1671 428 1737; x_wconf 90' lang='lat' dir='ltr'><strong>lilium,</strong></span> <span class='ocrx_word' id='word_1_30' title='bbox 445 1671 548 1739; x_wconf 86' lang='lat' dir='ltr'><strong>dequo</strong></span> <span class='ocrx_word' id='word_1_31' title='bbox 564 1671 674 1723; x_wconf 81' lang='lat' dir='ltr'>Homer.</span> <span class='ocrx_word' id='word_1_32' title='bbox 690 1668 734 1720; x_wconf 92' lang='lat' dir='ltr'><strong>lli.</strong></span> <span class='ocrx_word' id='word_1_33' title='bbox 750 1669 787 1735; x_wconf 86' lang='grc' dir='ltr'><strong>ΙΙ,</strong></span> <span class='ocrx_word' id='word_1_34' title='bbox 800 1672 852 1728; x_wconf 74' lang='lat'><strong>572</strong></span> <span class='ocrx_word' id='word_1_35' title='bbox 867 1675 894 1721; x_wconf 87' lang='lat' dir='ltr'><strong>et</strong></span> <span class='ocrx_word' id='word_1_36' title='bbox 908 1669 1041 1723; x_wconf 89' lang='lat' dir='ltr'><strong>Herodot.</strong></span> <span class='ocrx_word' id='word_1_37' title='bbox 1057 1668 1090 1736; x_wconf 88' lang='lat' dir='ltr'><strong>V,</strong></span> <span class='ocrx_word' id='word_1_38' title='bbox 1106 1672 1149 1728; x_wconf 83' lang='grc'><strong>67,</strong></span> <span class='ocrx_word' id='word_1_39' title='bbox 1181 1669 1265 1724; x_wconf 87' lang='lat' dir='ltr'><strong>Plura</strong></span> 
     </span>
     <span class='ocr_line' id='line_1_8' title="bbox 135 1755 1264 1824; baseline 0.003 -19"><span class='ocrx_word' id='word_1_40' title='bbox 135 1755 268 1808; x_wconf 85' lang='lat' dir='ltr'><strong>Creuzer.</strong></span> <span class='ocrx_word' id='word_1_41' title='bbox 287 1755 316 1806; x_wconf 90' lang='lat' dir='ltr'><strong>in</strong></span> <span class='ocrx_word' id='word_1_42' title='bbox 334 1755 495 1807; x_wconf 87' lang='lat' dir='ltr'><strong>Commentt.</strong></span> <span class='ocrx_word' id='word_1_43' title='bbox 511 1755 633 1807; x_wconf 87' lang='lat' dir='ltr'><strong>Herodd.</strong></span> <span class='ocrx_word' id='word_1_44' title='bbox 650 1770 713 1822; x_wconf 82' lang='lat' dir='ltr'><strong>pag·</strong></span> <span class='ocrx_word' id='word_1_45' title='bbox 726 1756 778 1813; x_wconf 74' lang='lat'><strong>217</strong></span> <span class='ocrx_word' id='word_1_46' title='bbox 789 1771 868 1824; x_wconf 83' lang='lat' dir='ltr'><strong>seqq.</strong></span> <span class='ocrx_word' id='word_1_47' title='bbox 899 1755 977 1807; x_wconf 81' lang='lat' dir='ltr'>Alter</span> <span class='ocrx_word' id='word_1_48' title='bbox 990 1757 1121 1809; x_wconf 77' lang='lat' dir='ltr'><strong>Adrastus</strong></span> <span class='ocrx_word' id='word_1_49' title='bbox 1135 1755 1264 1809; x_wconf 85' lang='lat' dir='ltr'><strong>Herculis</strong></span> 
     </span>
     <span class='ocr_line' id='line_1_9' title="bbox 134 1837 1264 1910; baseline 0.002 -20"><span class='ocrx_word' id='word_1_50' title='bbox 134 1839 330 1908; x_wconf 80' lang='lat' dir='ltr'><strong>ferturliliue,</strong></span> <span class='ocrx_word' id='word_1_51' title='bbox 354 1840 450 1908; x_wconf 87' lang='lat' dir='ltr'><strong>quiex</strong></span> <span class='ocrx_word' id='word_1_52' title='bbox 472 1837 582 1890; x_wconf 90' lang='lat' dir='ltr'><strong>oraculo</strong></span> <span class='ocrx_word' id='word_1_53' title='bbox 598 1857 629 1891; x_wconf 87' lang='lat' dir='ltr'><strong>se</strong></span> <span class='ocrx_word' id='word_1_54' title='bbox 644 1839 734 1907; x_wconf 84' lang='lat' dir='ltr'><strong>ipsum</strong></span> <span class='ocrx_word' id='word_1_55' title='bbox 759 1855 892 1890; x_wconf 88' lang='lat' dir='ltr'><strong>unacum</strong></span> <span class='ocrx_word' id='word_1_56' title='bbox 907 1839 1053 1910; x_wconf 85' lang='lat' dir='ltr'><strong>Hipponoo</strong></span> <span class='ocrx_word' id='word_1_57' title='bbox 1078 1840 1164 1892; x_wconf 86' lang='lat' dir='ltr'><strong>fratre</strong></span> <span class='ocrx_word' id='word_1_58' title='bbox 1178 1840 1264 1893; x_wconf 88' lang='lat' dir='ltr'><strong>inter·</strong></span> 
     </span>
     <span class='ocr_line' id='line_1_10' title="bbox 136 1923 1263 1993; baseline 0.001 -18"><span class='ocrx_word' id='word_1_59' title='bbox 136 1924 201 1976; x_wconf 82' lang='lat' dir='ltr'><strong>lecit</strong></span> <span class='ocrx_word' id='word_1_60' title='bbox 220 1924 248 1976; x_wconf 93' lang='lat' dir='ltr'><strong>in</strong></span> <span class='ocrx_word' id='word_1_61' title='bbox 271 1924 391 1976; x_wconf 85' lang='lat' dir='ltr'><strong>flammas</strong></span> <span class='ocrx_word' id='word_1_62' title='bbox 414 1943 476 1976; x_wconf 84' lang='lat' dir='ltr'><strong>sese</strong></span> <span class='ocrx_word' id='word_1_63' title='bbox 497 1923 662 1990; x_wconf 73' lang='lat' dir='ltr'><strong>conficiens,</strong></span> <span class='ocrx_word' id='word_1_64' title='bbox 685 1926 717 1974; x_wconf 83' lang='lat' dir='ltr'><strong>ut</strong></span> <span class='ocrx_word' id='word_1_65' title='bbox 732 1928 852 1975; x_wconf 82' lang='lat' dir='ltr'><strong>testatur</strong></span> <span class='ocrx_word' id='word_1_66' title='bbox 868 1924 973 1991; x_wconf 82' lang='lat' dir='ltr'><strong>Hygin.</strong></span> <span class='ocrx_word' id='word_1_67' title='bbox 995 1925 1050 1976; x_wconf 84' lang='lat' dir='ltr'><strong>lab.</strong></span> <span class='ocrx_word' id='word_1_68' title='bbox 1065 1928 1128 1984; x_wconf 68' lang='lat'><strong>242.</strong></span> <span class='ocrx_word' id='word_1_69' title='bbox 1163 1925 1186 1976; x_wconf 85' lang='grc' dir='ltr'><strong>Α</strong></span> <span class='ocrx_word' id='word_1_70' title='bbox 1207 1942 1263 1993; x_wconf 88' lang='lat' dir='ltr'><strong>quo</strong></span> 
     </span>
     <span class='ocr_line' id='line_1_11' title="bbox 134 2005 1264 2078; baseline -0.001 -18"><span class='ocrx_word' id='word_1_71' title='bbox 134 2005 264 2062; x_wconf 74' lang='lat' dir='ltr'><strong>diversus</strong></span> <span class='ocrx_word' id='word_1_72' title='bbox 280 2013 418 2076; x_wconf 77' lang='lat' dir='ltr'><strong>Adrastus,</strong></span> <span class='ocrx_word' id='word_1_73' title='bbox 434 2007 557 2077; x_wconf 87' lang='lat' dir='ltr'><strong>Meropia</strong></span> <span class='ocrx_word' id='word_1_74' title='bbox 575 2008 658 2074; x_wconf 86' lang='lat' dir='ltr'><strong>filius,</strong></span> <span class='ocrx_word' id='word_1_75' title='bbox 676 2007 725 2076; x_wconf 90' lang='lat' dir='ltr'><strong>qui</strong></span> <span class='ocrx_word' id='word_1_76' title='bbox 739 2007 869 2060; x_wconf 75' lang='lat' dir='ltr'><strong>Troianis</strong></span> <span class='ocrx_word' id='word_1_77' title='bbox 885 2008 1045 2078; x_wconf 76' lang='lat' dir='ltr'><strong>opitulatur,</strong></span> <span class='ocrx_word' id='word_1_78' title='bbox 1061 2013 1134 2062; x_wconf 81' lang='lat' dir='ltr'><strong>teste</strong></span> <span class='ocrx_word' id='word_1_79' title='bbox 1147 2009 1264 2062; x_wconf 82' lang='lat' dir='ltr'><strong>Homero</strong></span> 
     </span>
     <span class='ocr_line' id='line_1_12' title="bbox 136 2091 1264 2162; baseline 0.002 -18"><span class='ocrx_word' id='word_1_80' title='bbox 136 2093 178 2145; x_wconf 92' lang='lat' dir='ltr'><strong>lli.</strong></span> <span class='ocrx_word' id='word_1_81' title='bbox 187 2094 223 2160; x_wconf 90' lang='lat' dir='ltr'><strong>ll,</strong></span> <span class='ocrx_word' id='word_1_82' title='bbox 232 2098 286 2152; x_wconf 84' lang='lat'><strong>830</strong></span> <span class='ocrx_word' id='word_1_83' title='bbox 300 2094 360 2146; x_wconf 92' lang='lat' dir='ltr'><strong>coll.</strong></span> <span class='ocrx_word' id='word_1_84' title='bbox 372 2095 491 2162; x_wconf 66' lang='grc' dir='ltr'><strong>ΧΙ,318,</strong></span> <span class='ocrx_word' id='word_1_85' title='bbox 507 2093 634 2162; x_wconf 84' lang='lat' dir='ltr'><strong>aliusque</strong></span> <span class='ocrx_word' id='word_1_86' title='bbox 647 2094 776 2146; x_wconf 77' lang='lat' dir='ltr'><strong>Adrastus</strong></span> <span class='ocrx_word' id='word_1_87' title='bbox 790 2091 940 2160; x_wconf 85' lang='lat' dir='ltr'><strong>Troianus,</strong></span> <span class='ocrx_word' id='word_1_88' title='bbox 959 2109 1039 2162; x_wconf 87' lang='lat' dir='ltr'><strong>quem</strong></span> <span class='ocrx_word' id='word_1_89' title='bbox 1054 2101 1162 2162; x_wconf 85' lang='lat' dir='ltr'><strong>captum</strong></span> <span class='ocrx_word' id='word_1_90' title='bbox 1177 2093 1264 2146; x_wconf 80' lang='lat' dir='ltr'><strong>allie-</strong></span> 
     </span>
     <span class='ocr_line' id='line_1_13' title="bbox 135 2175 1263 2248; baseline 0 -18"><span class='ocrx_word' id='word_1_91' title='bbox 135 2179 213 2231; x_wconf 87' lang='lat' dir='ltr'><strong>nelao</strong></span> <span class='ocrx_word' id='word_1_92' title='bbox 228 2179 361 2231; x_wconf 86' lang='lat' dir='ltr'><strong>interimit</strong></span> <span class='ocrx_word' id='word_1_93' title='bbox 370 2179 562 2246; x_wconf 82' lang='lat' dir='ltr'><strong>Agamemnon,</strong></span> <span class='ocrx_word' id='word_1_94' title='bbox 580 2176 622 2228; x_wconf 93' lang='lat' dir='ltr'><strong>lli.</strong></span> <span class='ocrx_word' id='word_1_95' title='bbox 638 2175 686 2244; x_wconf 87' lang='lat' dir='ltr'><strong>Vl,</strong></span> <span class='ocrx_word' id='word_1_96' title='bbox 702 2181 737 2236; x_wconf 79' lang='grc'><strong>38</strong></span> <span class='ocrx_word' id='word_1_97' title='bbox 749 2194 792 2244; x_wconf 87' lang='lat' dir='ltr'><strong>sq.</strong></span> <span class='ocrx_word' id='word_1_98' title='bbox 822 2175 877 2228; x_wconf 88' lang='lat' dir='ltr'><strong>Sed</strong></span> <span class='ocrx_word' id='word_1_99' title='bbox 893 2183 1039 2247; x_wconf 90' lang='lat' dir='ltr'><strong>utrumque</strong></span> <span class='ocrx_word' id='word_1_100' title='bbox 1056 2177 1128 2230; x_wconf 91' lang='lat' dir='ltr'><strong>hunc</strong></span> <span class='ocrx_word' id='word_1_101' title='bbox 1142 2196 1192 2248; x_wconf 93' lang='lat' dir='ltr'><strong>pro</strong></span> <span class='ocrx_word' id='word_1_102' title='bbox 1209 2195 1263 2230; x_wconf 92' lang='lat' dir='ltr'><strong>uno</strong></span> 
     </span>
     <span class='ocr_line' id='line_1_14' title="bbox 135 2259 1263 2332; baseline 0 -18"><span class='ocrx_word' id='word_1_103' title='bbox 135 2263 283 2332; x_wconf 88' lang='lat' dir='ltr'><strong>eodemque</strong></span> <span class='ocrx_word' id='word_1_104' title='bbox 291 2263 408 2316; x_wconf 77' lang='lat' dir='ltr'><strong>Adrasto</strong></span> <span class='ocrx_word' id='word_1_105' title='bbox 424 2262 518 2314; x_wconf 89' lang='lat' dir='ltr'><strong>haberi</strong></span> <span class='ocrx_word' id='word_1_106' title='bbox 536 2259 728 2328; x_wconf 82' lang='lat' dir='ltr'><strong>vultlleyniua</strong></span> <span class='ocrx_word' id='word_1_107' title='bbox 744 2260 779 2312; x_wconf 89' lang='lat' dir='ltr'><strong>ad</strong></span> <span class='ocrx_word' id='word_1_108' title='bbox 795 2260 872 2314; x_wconf 92' lang='lat' dir='ltr'><strong>lliad.</strong></span> <span class='ocrx_word' id='word_1_109' title='bbox 889 2261 905 2312; x_wconf 95' lang='lat' dir='ltr'><strong>l.</strong></span> <span class='ocrx_word' id='word_1_110' title='bbox 922 2261 941 2314; x_wconf 92' lang='grc' dir='ltr'><strong>Ι.</strong></span> <span class='ocrx_word' id='word_1_111' title='bbox 971 2261 1085 2315; x_wconf 86' lang='lat' dir='ltr'><strong>Tertius</strong></span> <span class='ocrx_word' id='word_1_112' title='bbox 1102 2269 1150 2314; x_wconf 89' lang='lat' dir='ltr'><strong>aut</strong></span> <span class='ocrx_word' id='word_1_113' title='bbox 1165 2280 1263 2316; x_wconf 86' lang='lat' dir='ltr'><strong>seeun-</strong></span> 
     </span>
     <span class='ocr_line' id='line_1_15' title="bbox 135 2345 1263 2414; baseline -0.001 -15"><span class='ocrx_word' id='word_1_114' title='bbox 135 2349 187 2400; x_wconf 84' lang='lat' dir='ltr'><strong>dus</strong></span> <span class='ocrx_word' id='word_1_115' title='bbox 207 2351 338 2403; x_wconf 80' lang='lat' dir='ltr'><strong>Adrastus</strong></span> <span class='ocrx_word' id='word_1_116' title='bbox 352 2349 425 2400; x_wconf 87' lang='lat' dir='ltr'><strong>inter</strong></span> <span class='ocrx_word' id='word_1_117' title='bbox 444 2346 550 2398; x_wconf 86' lang='lat' dir='ltr'><strong>nobiles</strong></span> <span class='ocrx_word' id='word_1_118' title='bbox 566 2345 703 2398; x_wconf 86' lang='lat' dir='ltr'><strong>Troianos</strong></span> <span class='ocrx_word' id='word_1_119' title='bbox 718 2353 941 2399; x_wconf 72' lang='lat' dir='ltr'><strong>commemoratur</strong></span> <span class='ocrx_word' id='word_1_120' title='bbox 961 2347 990 2399; x_wconf 91' lang='lat' dir='ltr'><strong>in</strong></span> <span class='ocrx_word' id='word_1_121' title='bbox 1012 2346 1090 2399; x_wconf 90' lang='lat' dir='ltr'><strong>lliad.</strong></span> <span class='ocrx_word' id='word_1_122' title='bbox 1106 2346 1178 2414; x_wconf 83' lang='lat' dir='ltr'><strong>xvl,</strong></span> <span class='ocrx_word' id='word_1_123' title='bbox 1193 2352 1263 2412; x_wconf 79' lang='lat'><strong>6943</strong></span> 
     </span>
     <span class='ocr_line' id='line_1_16' title="bbox 134 2425 1262 2506; baseline 0 -21"><span class='ocrx_word' id='word_1_124' title='bbox 134 2439 162 2485; x_wconf 88' lang='lat' dir='ltr'><strong>et</strong></span> <span class='ocrx_word' id='word_1_125' title='bbox 176 2439 285 2502; x_wconf 87' lang='lat' dir='ltr'><strong>praeter</strong></span> <span class='ocrx_word' id='word_1_126' title='bbox 301 2435 383 2506; x_wconf 76' lang='lat' dir='ltr'><strong>hosce</strong></span> <span class='ocrx_word' id='word_1_127' title='bbox 398 2433 523 2484; x_wconf 86' lang='lat' dir='ltr'><strong>Graecus</strong></span> <span class='ocrx_word' id='word_1_128' title='bbox 537 2433 683 2496; x_wconf 82' lang='lat' dir='ltr'><strong>Adrastus,</strong></span> <span class='ocrx_word' id='word_1_129' title='bbox 701 2437 782 2500; x_wconf 87' lang='lat' dir='ltr'><strong>pater</strong></span> <span class='ocrx_word' id='word_1_130' title='bbox 795 2425 966 2501; x_wconf 75' lang='lat' dir='ltr'><strong>Eurydices,</strong></span> <span class='ocrx_word' id='word_1_131' title='bbox 985 2431 1079 2484; x_wconf 88' lang='lat' dir='ltr'><strong>matris</strong></span> <span class='ocrx_word' id='word_1_132' title='bbox 1093 2433 1262 2485; x_wconf 86' lang='lat' dir='ltr'><strong>Laomedon-</strong></span> 
     </span>
     <span class='ocr_line' id='line_1_17' title="bbox 134 2515 1261 2588; baseline 0 -20"><span class='ocrx_word' id='word_1_133' title='bbox 134 2518 186 2582; x_wconf 88' lang='lat' dir='ltr'><strong>tis,</strong></span> <span class='ocrx_word' id='word_1_134' title='bbox 212 2533 297 2586; x_wconf 86' lang='lat' dir='ltr'><strong>aquo</strong></span> <span class='ocrx_word' id='word_1_135' title='bbox 313 2517 432 2570; x_wconf 79' lang='lat' dir='ltr'><strong>Adrasto</strong></span> <span class='ocrx_word' id='word_1_136' title='bbox 450 2515 574 2569; x_wconf 86' lang='lat' dir='ltr'><strong>nonnulli</strong></span> <span class='ocrx_word' id='word_1_137' title='bbox 592 2518 753 2570; x_wconf 79' lang='lat' dir='ltr'><strong>Adrastaom</strong></span> <span class='ocrx_word' id='word_1_138' title='bbox 768 2515 862 2569; x_wconf 87' lang='lat' dir='ltr'><strong>urbem</strong></span> <span class='ocrx_word' id='word_1_139' title='bbox 879 2517 1015 2569; x_wconf 87' lang='lat' dir='ltr'><strong>conditam</strong></span> <span class='ocrx_word' id='word_1_140' title='bbox 1028 2518 1154 2570; x_wconf 83' lang='lat' dir='ltr'><strong>ferebant</strong></span> <span class='ocrx_word' id='word_1_141' title='bbox 1174 2518 1261 2588; x_wconf 83' lang='lat' dir='ltr'><strong>(conl.</strong></span> 
     </span>
     <span class='ocr_line' id='line_1_18' title="bbox 133 2600 1261 2672; baseline 0.001 -19"><span class='ocrx_word' id='word_1_142' title='bbox 133 2601 258 2670; x_wconf 83' lang='lat' dir='ltr'><strong>Apollod.</strong></span> <span class='ocrx_word' id='word_1_143' title='bbox 276 2602 390 2670; x_wconf 83' lang='lat' dir='ltr'><strong>l,9,13</strong></span> <span class='ocrx_word' id='word_1_144' title='bbox 409 2601 475 2672; x_wconf 91' lang='lat' dir='ltr'><strong>ibiq.</strong></span> <span class='ocrx_word' id='word_1_145' title='bbox 496 2601 588 2668; x_wconf 82' lang='lat' dir='ltr'><strong>lleyn.</strong></span> <span class='ocrx_word' id='word_1_146' title='bbox 605 2600 710 2668; x_wconf 70' lang='lat' dir='ltr'><strong>oben),</strong></span> <span class='ocrx_word' id='word_1_147' title='bbox 731 2601 794 2652; x_wconf 86' lang='lat' dir='ltr'><strong>aliis</strong></span> <span class='ocrx_word' id='word_1_148' title='bbox 811 2601 891 2654; x_wconf 85' lang='lat' dir='ltr'><strong>aliter</strong></span> <span class='ocrx_word' id='word_1_149' title='bbox 912 2602 1108 2656; x_wconf 83' lang='lat' dir='ltr'><strong>statuentibus.</strong></span> <span class='ocrx_word' id='word_1_150' title='bbox 1136 2602 1181 2655; x_wconf 91' lang='lat' dir='ltr'><strong>Tu</strong></span> <span class='ocrx_word' id='word_1_151' title='bbox 1206 2602 1261 2654; x_wconf 85' lang='lat' dir='ltr'><strong>vid.</strong></span> 
     </span>
     <span class='ocr_line' id='line_1_19' title="bbox 132 2685 1263 2756; baseline 0.001 -19"><span class='ocrx_word' id='word_1_152' title='bbox 132 2686 223 2753; x_wconf 86' lang='lat' dir='ltr'><strong>Heyn.</strong></span> <span class='ocrx_word' id='word_1_153' title='bbox 239 2687 324 2741; x_wconf 85' lang='lat' dir='ltr'><strong>Obss.</strong></span> <span class='ocrx_word' id='word_1_154' title='bbox 341 2687 375 2738; x_wconf 89' lang='lat' dir='ltr'><strong>ad</strong></span> <span class='ocrx_word' id='word_1_155' title='bbox 391 2686 469 2738; x_wconf 88' lang='lat' dir='ltr'><strong>lliad.</strong></span> <span class='ocrx_word' id='word_1_156' title='bbox 484 2687 521 2752; x_wconf 93' lang='lat' dir='ltr'><strong>ll,</strong></span> <span class='ocrx_word' id='word_1_157' title='bbox 536 2691 598 2746; x_wconf 67' lang='grc'>818.</span> <span class='ocrx_word' id='word_1_158' title='bbox 613 2704 641 2755; x_wconf 88' lang='lat' dir='ltr'><strong>p·</strong></span> <span class='ocrx_word' id='word_1_159' title='bbox 657 2688 719 2744; x_wconf 80' lang='lat'><strong>412.</strong></span> <span class='ocrx_word' id='word_1_160' title='bbox 748 2685 874 2755; x_wconf 83' lang='lat' dir='ltr'><strong>Namque</strong></span> <span class='ocrx_word' id='word_1_161' title='bbox 888 2689 1045 2742; x_wconf 83' lang='lat' dir='ltr'><strong>Adrasteom</strong></span> <span class='ocrx_word' id='word_1_162' title='bbox 1061 2688 1163 2756; x_wconf 87' lang='lat' dir='ltr'><strong>urbem,</strong></span> <span class='ocrx_word' id='word_1_163' title='bbox 1179 2689 1212 2738; x_wconf 88' lang='lat' dir='ltr'><strong>ab</strong></span> <span class='ocrx_word' id='word_1_164' title='bbox 1231 2705 1263 2739; x_wconf 86' lang='lat' dir='ltr'><strong>eo</strong></span> 
     </span>
     <span class='ocr_line' id='line_1_20' title="bbox 133 2769 1262 2841; baseline 0.003 -21"><span class='ocrx_word' id='word_1_165' title='bbox 133 2769 266 2834; x_wconf 80' lang='lat' dir='ltr'><strong>Adrasto,</strong></span> <span class='ocrx_word' id='word_1_166' title='bbox 299 2771 347 2841; x_wconf 91' lang='lat' dir='ltr'><strong>qui</strong></span> <span class='ocrx_word' id='word_1_167' title='bbox 368 2771 513 2822; x_wconf 87' lang='lat' dir='ltr'><strong>Nemesios</strong></span> <span class='ocrx_word' id='word_1_168' title='bbox 537 2769 663 2839; x_wconf 91' lang='lat' dir='ltr'><strong>templum</strong></span> <span class='ocrx_word' id='word_1_169' title='bbox 693 2769 808 2838; x_wconf 58' lang='lat' dir='ltr'><strong>pomum</strong></span> <span class='ocrx_word' id='word_1_170' title='bbox 834 2771 1016 2839; x_wconf 74' lang='lat' dir='ltr'><strong>exstruxerit,</strong></span> <span class='ocrx_word' id='word_1_171' title='bbox 1048 2771 1184 2824; x_wconf 89' lang='lat' dir='ltr'><strong>conditam</strong></span> <span class='ocrx_word' id='word_1_172' title='bbox 1210 2772 1262 2823; x_wconf 82' lang='lat' dir='ltr'><strong>iarn</strong></span> 
     </span>
     <span class='ocr_line' id='line_1_21' title="bbox 133 2853 1262 2924; baseline 0.003 -21"><span class='ocrx_word' id='word_1_173' title='bbox 133 2853 270 2905; x_wconf 81' lang='lat' dir='ltr'><strong>Homerus</strong></span> <span class='ocrx_word' id='word_1_174' title='bbox 282 2854 368 2920; x_wconf 73' lang='lat' dir='ltr'><strong>norit,</strong></span> <span class='ocrx_word' id='word_1_175' title='bbox 387 2855 467 2906; x_wconf 85' lang='lat' dir='ltr'><strong>sitam</strong></span> <span class='ocrx_word' id='word_1_176' title='bbox 481 2853 553 2906; x_wconf 89' lang='lat' dir='ltr'><strong>illam</strong></span> <span class='ocrx_word' id='word_1_177' title='bbox 567 2853 676 2922; x_wconf 86' lang='lat' dir='ltr'><strong>quidem</strong></span> <span class='ocrx_word' id='word_1_178' title='bbox 690 2853 726 2906; x_wconf 87' lang='lat' dir='ltr'><strong>ad</strong></span> <span class='ocrx_word' id='word_1_179' title='bbox 733 2853 928 2923; x_wconf 86' lang='lat' dir='ltr'><strong>Propontidem</strong></span> <span class='ocrx_word' id='word_1_180' title='bbox 942 2861 971 2907; x_wconf 89' lang='lat' dir='ltr'><strong>et</strong></span> <span class='ocrx_word' id='word_1_181' title='bbox 985 2855 1018 2908; x_wconf 89' lang='lat' dir='ltr'><strong>ad</strong></span> <span class='ocrx_word' id='word_1_182' title='bbox 1028 2855 1162 2908; x_wconf 82' lang='lat' dir='ltr'><strong>Troadem</strong></span> <span class='ocrx_word' id='word_1_183' title='bbox 1174 2871 1262 2924; x_wconf 86' lang='lat' dir='ltr'><strong>usque</strong></span> 
     </span>
     <span class='ocr_line' id='line_1_22' title="bbox 135 2937 1263 3008; baseline 0.003 -21"><span class='ocrx_word' id='word_1_184' title='bbox 135 2941 286 3003; x_wconf 83' lang='lat' dir='ltr'><strong>porrectam</strong></span> <span class='ocrx_word' id='word_1_185' title='bbox 307 2937 389 2989; x_wconf 90' lang='lat' dir='ltr'><strong>eain</strong></span> <span class='ocrx_word' id='word_1_186' title='bbox 410 2938 537 3005; x_wconf 83' lang='lat' dir='ltr'><strong>regione,</strong></span> <span class='ocrx_word' id='word_1_187' title='bbox 563 2954 633 3007; x_wconf 89' lang='lat' dir='ltr'><strong>quae</strong></span> <span class='ocrx_word' id='word_1_188' title='bbox 654 2938 774 3005; x_wconf 78' lang='lat' dir='ltr'><strong>posted</strong></span> <span class='ocrx_word' id='word_1_189' title='bbox 798 2938 916 3006; x_wconf 78' lang='lat' dir='ltr'><strong>Mysiam</strong></span> <span class='ocrx_word' id='word_1_190' title='bbox 938 2939 1080 3008; x_wconf 85' lang='lat' dir='ltr'><strong>pertinuit.</strong></span> <span class='ocrx_word' id='word_1_191' title='bbox 1110 2939 1189 2990; x_wconf 79' lang='lat' dir='ltr'><strong>Facit</strong></span> <span class='ocrx_word' id='word_1_192' title='bbox 1210 2939 1263 2990; x_wconf 90' lang='lat' dir='ltr'><strong>huc</strong></span> 
     </span>
     <span class='ocr_line' id='line_1_23' title="bbox 135 3019 1260 3092; baseline 0.003 -20"><span class='ocrx_word' id='word_1_193' title='bbox 135 3019 292 3072; x_wconf 85' lang='lat' dir='ltr'><strong>Callimachi</strong></span> <span class='ocrx_word' id='word_1_194' title='bbox 307 3021 487 3088; x_wconf 81' lang='lat' dir='ltr'><strong>fragmentum</strong></span> <span class='ocrx_word' id='word_1_195' title='bbox 504 3022 576 3089; x_wconf 90' lang='lat' dir='ltr'><strong>apud</strong></span> <span class='ocrx_word' id='word_1_196' title='bbox 599 3020 684 3072; x_wconf 88' lang='lat' dir='ltr'><strong>schol.</strong></span> <span class='ocrx_word' id='word_1_197' title='bbox 705 3022 795 3091; x_wconf 78' lang='lat' dir='ltr'><strong>Apoll.</strong></span> <span class='ocrx_word' id='word_1_198' title='bbox 810 3023 898 3076; x_wconf 87' lang='lat' dir='ltr'><strong>Rhod.</strong></span> <span class='ocrx_word' id='word_1_199' title='bbox 917 3024 940 3090; x_wconf 88' lang='lat' dir='ltr'><strong>l,</strong></span> <span class='ocrx_word' id='word_1_200' title='bbox 957 3027 1024 3081; x_wconf 86' lang='lat'>1116</span> <span class='ocrx_word' id='word_1_201' title='bbox 1039 3026 1097 3092; x_wconf 87' lang='lat' dir='ltr'><strong>(nr.</strong></span> <span class='ocrx_word' id='word_1_202' title='bbox 1113 3026 1158 3082; x_wconf 80' lang='lat'><strong>45.</strong></span> <span class='ocrx_word' id='word_1_203' title='bbox 1174 3027 1260 3091; x_wconf 81' lang='lat' dir='ltr'><strong>p.431</strong></span> 
     </span>
     <span class='ocr_line' id='line_1_24' title="bbox 136 3104 1263 3174; baseline 0.001 -17"><span class='ocrx_word' id='word_1_204' title='bbox 136 3105 179 3157; x_wconf 91' lang='lat' dir='ltr'><strong>ed.</strong></span> <span class='ocrx_word' id='word_1_205' title='bbox 196 3105 334 3172; x_wconf 80' lang='lat' dir='ltr'><strong>Ernest.).</strong></span> <span class='ocrx_word' id='word_1_206' title='bbox 365 3104 455 3174; x_wconf 75' lang='lat' dir='ltr'><strong>Atque</strong></span> <span class='ocrx_word' id='word_1_207' title='bbox 476 3105 526 3158; x_wconf 86' lang='lat' dir='ltr'><strong>hac</strong></span> <span class='ocrx_word' id='word_1_208' title='bbox 541 3106 568 3158; x_wconf 93' lang='lat' dir='ltr'><strong>in</strong></span> <span class='ocrx_word' id='word_1_209' title='bbox 585 3106 653 3158; x_wconf 88' lang='lat' dir='ltr'><strong>urbe</strong></span> <span class='ocrx_word' id='word_1_210' title='bbox 670 3105 712 3158; x_wconf 76' lang='lat' dir='ltr'><strong>vel</strong></span> <span class='ocrx_word' id='word_1_211' title='bbox 729 3113 803 3160; x_wconf 88' lang='lat' dir='ltr'><strong>certe</strong></span> <span class='ocrx_word' id='word_1_212' title='bbox 824 3107 852 3160; x_wconf 94' lang='lat' dir='ltr'><strong>in</strong></span> <span class='ocrx_word' id='word_1_213' title='bbox 874 3108 935 3160; x_wconf 88' lang='lat' dir='ltr'><strong>eius</strong></span> <span class='ocrx_word' id='word_1_214' title='bbox 956 3106 1031 3174; x_wconf 86' lang='lat' dir='ltr'><strong>agris</strong></span> <span class='ocrx_word' id='word_1_215' title='bbox 1047 3109 1195 3162; x_wconf 78' lang='lat' dir='ltr'><strong>Adrasteus</strong></span> <span class='ocrx_word' id='word_1_216' title='bbox 1209 3107 1263 3160; x_wconf 82' lang='lat' dir='ltr'><strong>suit</strong></span> 
     </span>
     <span class='ocr_line' id='line_1_25' title="bbox 135 3189 1261 3262; baseline 0.004 -21"><span class='ocrx_word' id='word_1_217' title='bbox 135 3189 278 3258; x_wconf 82' lang='lat' dir='ltr'><strong>templum3</strong></span> <span class='ocrx_word' id='word_1_218' title='bbox 302 3206 373 3259; x_wconf 88' lang='lat' dir='ltr'><strong>quae</strong></span> <span class='ocrx_word' id='word_1_219' title='bbox 389 3189 439 3241; x_wconf 87' lang='lat' dir='ltr'><strong>dea</strong></span> <span class='ocrx_word' id='word_1_220' title='bbox 458 3190 513 3242; x_wconf 81' lang='lat' dir='ltr'><strong>uisi</strong></span> <span class='ocrx_word' id='word_1_221' title='bbox 530 3190 638 3243; x_wconf 90' lang='lat' dir='ltr'><strong>omnino</strong></span> <span class='ocrx_word' id='word_1_222' title='bbox 654 3191 763 3248; x_wconf 64' lang='lat' dir='ltr'><strong>Adrano·</strong></span> <span class='ocrx_word' id='word_1_223' title='bbox 775 3195 827 3246; x_wconf 84' lang='lat' dir='ltr'><strong>dea</strong></span> <span class='ocrx_word' id='word_1_224' title='bbox 845 3199 902 3260; x_wconf 84' lang='lat' dir='ltr'><strong>est,</strong></span> <span class='ocrx_word' id='word_1_225' title='bbox 926 3210 976 3262; x_wconf 90' lang='lat' dir='ltr'><strong>pro</strong></span> <span class='ocrx_word' id='word_1_226' title='bbox 991 3191 1096 3246; x_wconf 78' lang='lat' dir='ltr'><strong>Nemori</strong></span> <span class='ocrx_word' id='word_1_227' title='bbox 1111 3193 1194 3262; x_wconf 82' lang='lat' dir='ltr'><strong>vulgo</strong></span> <span class='ocrx_word' id='word_1_228' title='bbox 1216 3193 1261 3246; x_wconf 80' lang='lat' dir='ltr'><strong>ha·</strong></span> 
     </span>
     <span class='ocr_line' id='line_1_26' title="bbox 135 3274 1260 3348; baseline 0.004 -23"><span class='ocrx_word' id='word_1_229' title='bbox 135 3275 226 3326; x_wconf 90' lang='lat' dir='ltr'><strong>betur.</strong></span> <span class='ocrx_word' id='word_1_230' title='bbox 256 3274 339 3327; x_wconf 84' lang='lat' dir='ltr'><strong>Conf.</strong></span> <span class='ocrx_word' id='word_1_231' title='bbox 353 3274 482 3328; x_wconf 87' lang='lat' dir='ltr'><strong>Strabon.</strong></span> <span class='ocrx_word' id='word_1_232' title='bbox 495 3275 562 3326; x_wconf 86' lang='lat' dir='ltr'><strong>Xlll</strong></span> <span class='ocrx_word' id='word_1_233' title='bbox 578 3293 605 3344; x_wconf 92' lang='lat' dir='ltr'><strong>p.</strong></span> <span class='ocrx_word' id='word_1_234' title='bbox 617 3277 671 3333; x_wconf 85' lang='grc'><strong>880</strong></span> <span class='ocrx_word' id='word_1_235' title='bbox 684 3274 849 3344; x_wconf 78' lang='lat' dir='ltr'><strong>(Antimachi</strong></span> <span class='ocrx_word' id='word_1_236' title='bbox 862 3278 984 3345; x_wconf 75' lang='lat' dir='ltr'><strong>stagnum.</strong></span> <span class='ocrx_word' id='word_1_237' title='bbox 1000 3276 1043 3328; x_wconf 88' lang='lat' dir='ltr'><strong>ed.</strong></span> <span class='ocrx_word' id='word_1_238' title='bbox 1056 3277 1260 3348; x_wconf 78' lang='lat' dir='ltr'><strong>Schellenberg.</strong></span> 
     </span>
     <span class='ocr_line' id='line_1_27' title="bbox 136 3359 1262 3434; baseline 0.004 -24"><span class='ocrx_word' id='word_1_239' title='bbox 136 3376 163 3427; x_wconf 93' lang='lat' dir='ltr'><strong>p.</strong></span> <span class='ocrx_word' id='word_1_240' title='bbox 181 3359 230 3424; x_wconf 82' lang='grc'><strong>71)</strong></span> <span class='ocrx_word' id='word_1_241' title='bbox 250 3362 278 3411; x_wconf 85' lang='lat' dir='ltr'><strong>et</strong></span> <span class='ocrx_word' id='word_1_242' title='bbox 291 3359 396 3412; x_wconf 89' lang='lat' dir='ltr'><strong>Hoeek.</strong></span> <span class='ocrx_word' id='word_1_243' title='bbox 421 3359 449 3410; x_wconf 91' lang='lat' dir='ltr'><strong>in</strong></span> <span class='ocrx_word' id='word_1_244' title='bbox 465 3359 541 3413; x_wconf 83' lang='lat' dir='ltr'><strong>Cret.</strong></span> <span class='ocrx_word' id='word_1_245' title='bbox 560 3359 583 3410; x_wconf 90' lang='grc' dir='ltr'><strong>Ι.</strong></span> <span class='ocrx_word' id='word_1_246' title='bbox 605 3377 633 3428; x_wconf 87' lang='lat' dir='ltr'><strong>p.</strong></span> <span class='ocrx_word' id='word_1_247' title='bbox 653 3363 703 3418; x_wconf 75' lang='lat'><strong>192</strong></span> <span class='ocrx_word' id='word_1_248' title='bbox 720 3378 798 3432; x_wconf 91' lang='lat' dir='ltr'><strong>seqq.</strong></span> <span class='ocrx_word' id='word_1_249' title='bbox 827 3361 882 3414; x_wconf 73' lang='lat' dir='ltr'><strong>Alii</strong></span> <span class='ocrx_word' id='word_1_250' title='bbox 902 3365 1061 3417; x_wconf 83' lang='lat' dir='ltr'><strong>Adrastaam</strong></span> <span class='ocrx_word' id='word_1_251' title='bbox 1081 3363 1112 3416; x_wconf 88' lang='lat' dir='ltr'><strong>in&#39;</strong></span> <span class='ocrx_word' id='word_1_252' title='bbox 1136 3363 1262 3434; x_wconf 83' lang='lat' dir='ltr'><strong>nymphis</strong></span> 
     </span>
    </p>
   </div>
   <div class='ocr_carea' id='block_1_5' title="bbox 28 3442 1261 3518">
    <p class='ocr_par' dir='ltr' id='par_1_5' title="bbox 28 3442 1261 3518">
     <span class='ocr_line' id='line_1_28' title="bbox 28 3442 1261 3518; baseline 0.002 -20"><span class='ocrx_word' id='word_1_253' title='bbox 28 3493 29 3498; x_wconf 75' lang='grc'>,</span> <span class='ocrx_word' id='word_1_254' title='bbox 135 3447 244 3511; x_wconf 90' lang='lat' dir='ltr'><strong>ponunt</strong></span> <span class='ocrx_word' id='word_1_255' title='bbox 258 3442 389 3513; x_wconf 81' lang='lat' dir='ltr'><strong>Iovisque</strong></span> <span class='ocrx_word' id='word_1_256' title='bbox 401 3443 545 3497; x_wconf 83' lang='lat' dir='ltr'><strong>Cretensis</strong></span> <span class='ocrx_word' id='word_1_257' title='bbox 562 3443 716 3496; x_wconf 88' lang='lat' dir='ltr'><strong>nutricibus</strong></span> <span class='ocrx_word' id='word_1_258' title='bbox 733 3462 788 3498; x_wconf 89' lang='lat' dir='ltr'><strong>una</strong></span> <span class='ocrx_word' id='word_1_259' title='bbox 802 3461 861 3500; x_wconf 88' lang='lat' dir='ltr'><strong>cum</strong></span> <span class='ocrx_word' id='word_1_260' title='bbox 875 3445 933 3513; x_wconf 86' lang='lat' dir='ltr'><strong>Ida,</strong></span> <span class='ocrx_word' id='word_1_261' title='bbox 950 3446 1115 3518; x_wconf 83' lang='lat' dir='ltr'><strong>eandemque</strong></span> <span class='ocrx_word' id='word_1_262' title='bbox 1130 3448 1261 3501; x_wconf 87' lang='lat' dir='ltr'><strong>Curetum</strong></span> 
     </span>
    </p>
   </div>
   <div class='ocr_carea' id='block_1_6' title="bbox 135 3521 1262 4448">
    <p class='ocr_par' dir='ltr' id='par_1_6' title="bbox 135 3521 1262 4448">
     <span class='ocr_line' id='line_1_29' title="bbox 136 3521 1262 3600; baseline 0.004 -22"><span class='ocrx_word' id='word_1_263' title='bbox 136 3544 258 3581; x_wconf 85' lang='lat' dir='ltr'><strong>sororem</strong></span> <span class='ocrx_word' id='word_1_264' title='bbox 273 3521 425 3598; x_wconf 77' lang='lat' dir='ltr'><strong>appellant.</strong></span> <span class='ocrx_word' id='word_1_265' title='bbox 462 3528 523 3580; x_wconf 92' lang='lat' dir='ltr'><strong>Vid.</strong></span> <span class='ocrx_word' id='word_1_266' title='bbox 544 3527 698 3580; x_wconf 71' lang='lat' dir='ltr'><strong>callimach.</strong></span> <span class='ocrx_word' id='word_1_267' title='bbox 722 3529 749 3582; x_wconf 91' lang='lat' dir='ltr'><strong>in</strong></span> <span class='ocrx_word' id='word_1_268' title='bbox 770 3530 831 3586; x_wconf 83' lang='lat' dir='ltr'><strong>lov.</strong></span> <span class='ocrx_word' id='word_1_269' title='bbox 851 3533 894 3589; x_wconf 78' lang='lat'><strong>47.</strong></span> <span class='ocrx_word' id='word_1_270' title='bbox 919 3530 1007 3600; x_wconf 81' lang='lat' dir='ltr'><strong>Apoll.</strong></span> <span class='ocrx_word' id='word_1_271' title='bbox 1028 3531 1116 3584; x_wconf 90' lang='lat' dir='ltr'><strong>Rhod.</strong></span> <span class='ocrx_word' id='word_1_272' title='bbox 1136 3533 1186 3599; x_wconf 89' lang='lat' dir='ltr'><strong>lli,</strong></span> <span class='ocrx_word' id='word_1_273' title='bbox 1211 3537 1262 3591; x_wconf 81' lang='grc'><strong>133</strong></span> 
     </span>
     <span class='ocr_line' id='line_1_30' title="bbox 136 3612 1260 3687; baseline 0.004 -24"><span class='ocrx_word' id='word_1_274' title='bbox 136 3612 204 3681; x_wconf 89' lang='lat' dir='ltr'><strong>ibiq.</strong></span> <span class='ocrx_word' id='word_1_275' title='bbox 217 3612 301 3664; x_wconf 89' lang='lat' dir='ltr'><strong>schol.</strong></span> <span class='ocrx_word' id='word_1_276' title='bbox 324 3613 474 3681; x_wconf 74' lang='lat' dir='ltr'><strong>Iungamur</strong></span> <span class='ocrx_word' id='word_1_277' title='bbox 486 3613 561 3666; x_wconf 84' lang='lat' dir='ltr'><strong>hisce</strong></span> <span class='ocrx_word' id='word_1_278' title='bbox 572 3630 613 3680; x_wconf 88' lang='lat' dir='ltr'><strong>ea,</strong></span> <span class='ocrx_word' id='word_1_279' title='bbox 629 3613 1042 3684; x_wconf 74' lang='lat' dir='ltr'><strong>quaestephanusByzantinus</strong></span> <span class='ocrx_word' id='word_1_280' title='bbox 1053 3621 1091 3687; x_wconf 91' lang='lat' dir='ltr'><strong>(s.</strong></span> <span class='ocrx_word' id='word_1_281' title='bbox 1105 3634 1131 3670; x_wconf 79' lang='lat' dir='ltr'><strong>v.</strong></span> <span class='ocrx_word' id='word_1_282' title='bbox 1143 3617 1260 3684; x_wconf 80' lang='lat' dir='ltr'><strong>p.3lied.</strong></span> 
     </span>
     <span class='ocr_line' id='line_1_31' title="bbox 136 3695 1260 3770; baseline 0.005 -22"><span class='ocrx_word' id='word_1_283' title='bbox 136 3696 241 3764; x_wconf 89' lang='lat' dir='ltr'><strong>Berk.)</strong></span> <span class='ocrx_word' id='word_1_284' title='bbox 261 3715 294 3750; x_wconf 82' lang='lat' dir='ltr'><strong>ex</strong></span> <span class='ocrx_word' id='word_1_285' title='bbox 313 3695 438 3765; x_wconf 80' lang='lat' dir='ltr'><strong>Diogene</strong></span> <span class='ocrx_word' id='word_1_286' title='bbox 455 3697 564 3752; x_wconf 80' lang='lat' dir='ltr'><strong>retulit:</strong></span> <span class='ocrx_word' id='word_1_287' title='bbox 587 3701 747 3752; x_wconf 83' lang='lat' dir='ltr'><strong>Adrastaom</strong></span> <span class='ocrx_word' id='word_1_288' title='bbox 769 3717 831 3752; x_wconf 86' lang='lat' dir='ltr'><strong>esee</strong></span> <span class='ocrx_word' id='word_1_289' title='bbox 850 3717 884 3754; x_wconf 86' lang='lat' dir='ltr'><strong>ex</strong></span> <span class='ocrx_word' id='word_1_290' title='bbox 904 3699 1037 3770; x_wconf 81' lang='lat' dir='ltr'><strong>Nymphis</strong></span> <span class='ocrx_word' id='word_1_291' title='bbox 1058 3699 1260 3765; x_wconf 85' lang='lat' dir='ltr'><strong>Orestiadibua‚</strong></span> 
     </span>
     <span class='ocr_line' id='line_1_32' title="bbox 136 3781 1261 3856; baseline 0 -20"><span class='ocrx_word' id='word_1_292' title='bbox 136 3785 211 3836; x_wconf 79' lang='lat' dir='ltr'><strong>etex</strong></span> <span class='ocrx_word' id='word_1_293' title='bbox 226 3781 358 3835; x_wconf 79' lang='lat' dir='ltr'><strong>Characis</strong></span> <span class='ocrx_word' id='word_1_294' title='bbox 373 3781 538 3836; x_wconf 83' lang='lat' dir='ltr'><strong>Helleoicis:</strong></span> <span class='ocrx_word' id='word_1_295' title='bbox 561 3787 721 3839; x_wconf 81' lang='lat' dir='ltr'><strong>Adroatcom</strong></span> <span class='ocrx_word' id='word_1_296' title='bbox 742 3802 805 3838; x_wconf 84' lang='lat' dir='ltr'><strong>esse</strong></span> <span class='ocrx_word' id='word_1_297' title='bbox 824 3783 912 3840; x_wconf 90' lang='lat' dir='ltr'><strong>locum</strong></span> <span class='ocrx_word' id='word_1_298' title='bbox 925 3785 1027 3838; x_wconf 85' lang='lat' dir='ltr'><strong>Troiae</strong></span> <span class='ocrx_word' id='word_1_299' title='bbox 1045 3784 1209 3856; x_wconf 85' lang='lat' dir='ltr'><strong>appellatum</strong></span> <span class='ocrx_word' id='word_1_300' title='bbox 1227 3785 1261 3838; x_wconf 88' lang='lat' dir='ltr'><strong>ab</strong></span> 
     </span>
     <span class='ocr_line' id='line_1_33' title="bbox 136 3865 1260 3940; baseline 0.001 -22"><span class='ocrx_word' id='word_1_301' title='bbox 136 3865 285 3936; x_wconf 80' lang='lat' dir='ltr'><strong>Adrastea,</strong></span> <span class='ocrx_word' id='word_1_302' title='bbox 310 3867 367 3920; x_wconf 85' lang='lat' dir='ltr'><strong>filia</strong></span> <span class='ocrx_word' id='word_1_303' title='bbox 381 3867 505 3935; x_wconf 85' lang='lat' dir='ltr'><strong>Melissi,</strong></span> <span class='ocrx_word' id='word_1_304' title='bbox 533 3868 582 3938; x_wconf 89' lang='lat' dir='ltr'><strong>qui</strong></span> <span class='ocrx_word' id='word_1_305' title='bbox 597 3875 626 3922; x_wconf 82' lang='lat' dir='ltr'><strong>et</strong></span> <span class='ocrx_word' id='word_1_306' title='bbox 639 3869 704 3926; x_wconf 84' lang='lat' dir='ltr'><strong>ldae</strong></span> <span class='ocrx_word' id='word_1_307' title='bbox 721 3875 801 3940; x_wconf 84' lang='lat' dir='ltr'><strong>pater</strong></span> <span class='ocrx_word' id='word_1_308' title='bbox 812 3870 898 3924; x_wconf 82' lang='lat' dir='ltr'><strong>luerit</strong></span> <span class='ocrx_word' id='word_1_309' title='bbox 914 3869 991 3938; x_wconf 86' lang='lat' dir='ltr'><strong>eiua,</strong></span> <span class='ocrx_word' id='word_1_310' title='bbox 1018 3887 1090 3940; x_wconf 86' lang='lat' dir='ltr'><strong>quae</strong></span> <span class='ocrx_word' id='word_1_311' title='bbox 1104 3869 1218 3940; x_wconf 90' lang='lat' dir='ltr'><strong>primum</strong></span> <span class='ocrx_word' id='word_1_312' title='bbox 1233 3869 1260 3920; x_wconf 93' lang='lat' dir='ltr'><strong>in</strong></span> 
     </span>
     <span class='ocr_line' id='line_1_34' title="bbox 136 3950 1260 4023; baseline 0.002 -21"><span class='ocrx_word' id='word_1_313' title='bbox 136 3950 223 4003; x_wconf 87' lang='lat' dir='ltr'><strong>Troia</strong></span> <span class='ocrx_word' id='word_1_314' title='bbox 244 3952 413 4020; x_wconf 82' lang='lat' dir='ltr'><strong>regnaverit.</strong></span> <span class='ocrx_word' id='word_1_315' title='bbox 439 3953 495 4006; x_wconf 87' lang='lat' dir='ltr'><strong>lam</strong></span> <span class='ocrx_word' id='word_1_316' title='bbox 510 3970 565 4023; x_wconf 90' lang='lat' dir='ltr'><strong>quo</strong></span> <span class='ocrx_word' id='word_1_317' title='bbox 581 3971 666 4008; x_wconf 84' lang='lat' dir='ltr'><strong>sensu</strong></span> <span class='ocrx_word' id='word_1_318' title='bbox 682 3957 815 4010; x_wconf 79' lang='lat' dir='ltr'><strong>Adrastea</strong></span> <span class='ocrx_word' id='word_1_319' title='bbox 834 3955 931 4007; x_wconf 88' lang='lat' dir='ltr'><strong>haecce</strong></span> <span class='ocrx_word' id='word_1_320' title='bbox 948 3954 1008 4006; x_wconf 82' lang='lat' dir='ltr'><strong>lovi</strong></span> <span class='ocrx_word' id='word_1_321' title='bbox 1026 3954 1143 4008; x_wconf 87' lang='lat' dir='ltr'><strong>addatur</strong></span> <span class='ocrx_word' id='word_1_322' title='bbox 1157 3953 1260 4021; x_wconf 86' lang='lat' dir='ltr'><strong>nutrix,</strong></span> 
     </span>
     <span class='ocr_line' id='line_1_35' title="bbox 136 4035 1261 4109; baseline 0.003 -22"><span class='ocrx_word' id='word_1_323' title='bbox 136 4035 260 4104; x_wconf 87' lang='lat' dir='ltr'><strong>pluribus</strong></span> <span class='ocrx_word' id='word_1_324' title='bbox 276 4036 405 4106; x_wconf 82' lang='lat' dir='ltr'><strong>exposuit</strong></span> <span class='ocrx_word' id='word_1_325' title='bbox 419 4036 551 4091; x_wconf 83' lang='lat' dir='ltr'><strong>Crenaer.</strong></span> <span class='ocrx_word' id='word_1_326' title='bbox 570 4039 598 4091; x_wconf 93' lang='lat' dir='ltr'><strong>in</strong></span> <span class='ocrx_word' id='word_1_327' title='bbox 609 4039 728 4107; x_wconf 79' lang='lat' dir='ltr'><strong>Symbol.</strong></span> <span class='ocrx_word' id='word_1_328' title='bbox 745 4039 781 4090; x_wconf 93' lang='lat' dir='ltr'><strong>Il.</strong></span> <span class='ocrx_word' id='word_1_329' title='bbox 795 4059 822 4109; x_wconf 90' lang='lat' dir='ltr'><strong>p.</strong></span> <span class='ocrx_word' id='word_1_330' title='bbox 836 4045 886 4098; x_wconf 80' lang='lat'><strong>501</strong></span> <span class='ocrx_word' id='word_1_331' title='bbox 897 4055 974 4108; x_wconf 88' lang='lat' dir='ltr'><strong>seqq.</strong></span> <span class='ocrx_word' id='word_1_332' title='bbox 1007 4037 1049 4090; x_wconf 75' lang='lat' dir='ltr'><strong>Ad</strong></span> <span class='ocrx_word' id='word_1_333' title='bbox 1064 4038 1261 4107; x_wconf 82' lang='lat' dir='ltr'><strong>cosmogoniam</strong></span> 
     </span>
     <span class='ocr_line' id='line_1_36' title="bbox 137 4119 1261 4194; baseline -0.001 -17"><span class='ocrx_word' id='word_1_334' title='bbox 137 4119 207 4174; x_wconf 74' lang='lat' dir='ltr'><strong>enlm</strong></span> <span class='ocrx_word' id='word_1_335' title='bbox 217 4123 356 4189; x_wconf 81' lang='lat' dir='ltr'><strong>pertinere</strong></span> <span class='ocrx_word' id='word_1_336' title='bbox 371 4121 443 4178; x_wconf 76' lang='lat' dir='ltr'><strong>illam</strong></span> <span class='ocrx_word' id='word_1_337' title='bbox 453 4123 522 4176; x_wconf 88' lang='lat' dir='ltr'><strong>satis</strong></span> <span class='ocrx_word' id='word_1_338' title='bbox 536 4124 663 4192; x_wconf 86' lang='lat' dir='ltr'><strong>probant,</strong></span> <span class='ocrx_word' id='word_1_339' title='bbox 679 4139 749 4194; x_wconf 87' lang='lat' dir='ltr'><strong>quae</strong></span> <span class='ocrx_word' id='word_1_340' title='bbox 764 4123 837 4194; x_wconf 89' lang='lat' dir='ltr'><strong>apud</strong></span> <span class='ocrx_word' id='word_1_341' title='bbox 851 4122 975 4178; x_wconf 89' lang='lat' dir='ltr'><strong>Proclum</strong></span> <span class='ocrx_word' id='word_1_342' title='bbox 988 4121 1119 4190; x_wconf 87' lang='lat' dir='ltr'><strong>leguntur</strong></span> <span class='ocrx_word' id='word_1_343' title='bbox 1133 4122 1161 4175; x_wconf 89' lang='lat' dir='ltr'><strong>in</strong></span> <span class='ocrx_word' id='word_1_344' title='bbox 1170 4122 1261 4176; x_wconf 89' lang='lat' dir='ltr'><strong>Theo-</strong></span> 
     </span>
     <span class='ocr_line' id='line_1_37' title="bbox 136 4202 1261 4277; baseline 0.005 -25"><span class='ocrx_word' id='word_1_345' title='bbox 136 4202 191 4270; x_wconf 83' lang='lat' dir='ltr'><strong>log.</strong></span> <span class='ocrx_word' id='word_1_346' title='bbox 206 4203 314 4258; x_wconf 84' lang='lat' dir='ltr'><strong>Platon.</strong></span> <span class='ocrx_word' id='word_1_347' title='bbox 331 4207 378 4272; x_wconf 93' lang='lat' dir='ltr'><strong>lV,</strong></span> <span class='ocrx_word' id='word_1_348' title='bbox 388 4211 421 4266; x_wconf 90' lang='grc'><strong>16</strong></span> <span class='ocrx_word' id='word_1_349' title='bbox 437 4208 506 4260; x_wconf 90' lang='lat' dir='ltr'><strong>etin</strong></span> <span class='ocrx_word' id='word_1_350' title='bbox 521 4207 662 4260; x_wconf 88' lang='lat' dir='ltr'><strong>Timaeum</strong></span> <span class='ocrx_word' id='word_1_351' title='bbox 676 4227 703 4277; x_wconf 94' lang='lat' dir='ltr'><strong>p.</strong></span> <span class='ocrx_word' id='word_1_352' title='bbox 715 4213 776 4267; x_wconf 69' lang='lat'><strong>323.</strong></span> <span class='ocrx_word' id='word_1_353' title='bbox 807 4207 890 4272; x_wconf 79' lang='lat' dir='ltr'><strong>erod</strong></span> <span class='ocrx_word' id='word_1_354' title='bbox 904 4223 970 4259; x_wconf 83' lang='lat' dir='ltr'><strong>vero</strong></span> <span class='ocrx_word' id='word_1_355' title='bbox 985 4207 1018 4258; x_wconf 91' lang='lat' dir='ltr'><strong>ad</strong></span> <span class='ocrx_word' id='word_1_356' title='bbox 1033 4207 1123 4259; x_wconf 83' lang='lat' dir='ltr'><strong>Asiam</strong></span> <span class='ocrx_word' id='word_1_357' title='bbox 1135 4215 1261 4276; x_wconf 83' lang='lat' dir='ltr'><strong>spectare</strong></span> 
     </span>
     <span class='ocr_line' id='line_1_38' title="bbox 136 4287 1259 4364; baseline 0.004 -26"><span class='ocrx_word' id='word_1_358' title='bbox 136 4287 382 4346; x_wconf 83' lang='lat' dir='ltr'><strong>videturAdrostea</strong></span> <span class='ocrx_word' id='word_1_359' title='bbox 397 4292 512 4362; x_wconf 87' lang='lat' dir='ltr'><strong>eiusque</strong></span> <span class='ocrx_word' id='word_1_360' title='bbox 526 4292 630 4362; x_wconf 80' lang='lat' dir='ltr'><strong>religio,</strong></span> <span class='ocrx_word' id='word_1_361' title='bbox 646 4293 770 4364; x_wconf 86' lang='lat' dir='ltr'><strong>disputat</strong></span> <span class='ocrx_word' id='word_1_362' title='bbox 784 4291 923 4346; x_wconf 76' lang='lat' dir='ltr'><strong>iablonsls.</strong></span> <span class='ocrx_word' id='word_1_363' title='bbox 940 4289 988 4362; x_wconf 81' lang='lat' dir='ltr'><strong>(de</strong></span> <span class='ocrx_word' id='word_1_364' title='bbox 999 4292 1111 4345; x_wconf 88' lang='lat' dir='ltr'><strong>Nemesi</strong></span> <span class='ocrx_word' id='word_1_365' title='bbox 1128 4291 1216 4360; x_wconf 76' lang='lat' dir='ltr'><strong>Aagg.</strong></span> <span class='ocrx_word' id='word_1_366' title='bbox 1233 4291 1259 4342; x_wconf 94' lang='lat' dir='ltr'><strong>in</strong></span> 
     </span>
     <span class='ocr_line' id='line_1_39' title="bbox 135 4367 1261 4448; baseline 0.006 -26"><span class='ocrx_word' id='word_1_367' title='bbox 135 4370 257 4426; x_wconf 87' lang='lat' dir='ltr'><strong>Pantheo</strong></span> <span class='ocrx_word' id='word_1_368' title='bbox 269 4374 400 4446; x_wconf 74' lang='lat' dir='ltr'><strong>Aegyptt.</strong></span> <span class='ocrx_word' id='word_1_369' title='bbox 413 4395 441 4448; x_wconf 93' lang='lat' dir='ltr'><strong>p.</strong></span> <span class='ocrx_word' id='word_1_370' title='bbox 451 4379 515 4445; x_wconf 82' lang='grc'>107)</span> <span class='ocrx_word' id='word_1_371' title='bbox 529 4378 696 4448; x_wconf 88' lang='lat' dir='ltr'><strong>eandemque</strong></span> <span class='ocrx_word' id='word_1_372' title='bbox 714 4377 809 4432; x_wconf 85' lang='lat' dir='ltr'><strong>haberi</strong></span> <span class='ocrx_word' id='word_1_373' title='bbox 826 4376 884 4430; x_wconf 87' lang='lat' dir='ltr'><strong>vult</strong></span> <span class='ocrx_word' id='word_1_374' title='bbox 898 4392 930 4428; x_wconf 86' lang='lat' dir='ltr'><strong>ac</strong></span> <span class='ocrx_word' id='word_1_375' title='bbox 943 4367 1072 4430; x_wconf 73' lang='lat' dir='ltr'><strong>Bubastia</strong></span> <span class='ocrx_word' id='word_1_376' title='bbox 1086 4383 1115 4430; x_wconf 86' lang='lat' dir='ltr'><strong>et</strong></span> <span class='ocrx_word' id='word_1_377' title='bbox 1128 4377 1261 4436; x_wconf 67' lang='lat' dir='ltr'><strong>Tithraus-</strong></span> 
     </span>
    </p>
   </div>
   <div class='ocr_carea' id='block_1_7' title="bbox 177 4470 1052 4533">
    <p class='ocr_par' dir='ltr' id='par_1_7' title="bbox 177 4470 1052 4533">
     <span class='ocr_line' id='line_1_40' title="bbox 177 4470 1052 4533; baseline 0.005 -5"><span class='ocrx_word' id='word_1_378' title='bbox 177 4489 341 4533; x_wconf 79' lang='lat' dir='ltr'><strong>unnonou.</strong></span> <span class='ocrx_word' id='word_1_379' title='bbox 365 4492 387 4531; x_wconf 93' lang='lat'><strong>1.</strong></span> <span class='ocrx_word' id='word_1_380' title='bbox 1012 4470 1052 4532; x_wconf 84' lang='lat'><strong>53</strong></span> 
     </span>
    </p>
   </div>
   <div class='ocr_carea' id='block_1_8' title="bbox 0 0 1514 4930">
    <p class='ocr_par' dir='ltr' id='par_1_8' title="bbox 0 0 1514 4930">
     <span class='ocr_line' id='line_1_41' title="bbox 0 0 1514 4930; baseline 0 0"><span class='ocrx_word' id='word_1_381' title='bbox 0 0 1514 4930; x_wconf 95' lang='lat' dir='ltr'><strong> </strong></span> 
     </span>
    </p>
   </div>
  </div>
 </body>
</html>
