3058 4928
536 289 784 378 euasura.
807 291 850 351 11.
874 298 918 356 m.
1236 289 1297 353 595

160 473 246 562 πτίφ
276 470 392 557 πεδίῳ.
442 463 539 548 λόγος
567 466 607 532 δέ
630 468 717 550 ἐστι,
745 461 812 554 ἅμα
833 470 881 559 τῷ
906 472 979 558 ἔαρι
1008 462 1197 554 πτερωτοὺς
1219 461 1298 553 ὄφις

161 573 197 638 ἐκ
212 575 269 658 τῆς
289 565 444 657 Ἀραβίης
460 569 622 636 πέτεσθαι
645 563 701 636 έτι’
718 568 911 656 Αἰγύπτου·
935 569 993 652 τὰς
1013 569 1050 639 δὲ
1071 575 1138 657 ἴβις
1156 567 1214 648 τὰς
1236 565 1294 659 ὄρ-

161 684 261 754 νιθας
274 668 473 749 ἀπαντώσας
488 672 521 750 ἐς
540 667 602 760 τὴν
617 667 761 760 ἐσβολὴν
779 671 900 761 ταύτης
920 680 979 763 τῆς
991 672 1101 763 χώρης
1118 669 1159 742 οὐ
1176 675 1293 761 παριέ-

161 803 216 846 ναι
233 773 312 856 τούς
332 771 427 864 ὄφις,
449 769 534 843 ἀλλὰ
549 761 790 844 κατακτὲίνειν.
829 778 885 844 καὶ
901 775 964 866 τὴν
978 782 1049 864 ἶβιν
1065 772 1121 844 διὰ
1139 781 1238 846 τοῦτο
1256 773 1294 844 τὸ

160 886 261 969 ἔργον
277 883 474 966 τετιμῆσθαι
494 878 629 964 λέγουσι
644 873 791 967 Ἀράβιοι
808 877 961 966 μεγάλως
977 876 1058 968 πρὸς
1076 884 1293 966 Αἰγυπτίων·

159 977 377 1072 ὁμολογέουσι
399 980 436 1049 δὲ
461 981 517 1050 aul
541 980 720 1068 Αἰγύπτιοι
746 978 803 1050 διὰ
821 987 926 1050 ταῦτα
947 986 1047 1070 τιμᾶν
1073 978 1131 1061 τὰς
1151 979 1294 1072 ὄρνιθας

159 1086 290 1166 ταύτας.
330 1083 433 1163 Εἶδος
456 1083 493 1152 δὲ
513 1089 572 1172 τῆς
593 1084 655 1172 μὲν
676 1091 761 1171 ἴβιος
781 1082 869 1154 τόδε.
898 1087 1040 1173 μέλαινα
1059 1089 1178 1164 δεινῶς
1194 1089 1294 1169 πᾶσα,
1303 1089 1343 1150 76

160 1193 280 1260 σκέλεα
302 1188 338 1258 δέ
359 1189 474 1277 φορέει
492 1185 657 1276 γεράνου,
679 1187 861 1278 πρόσωπον
883 1189 921 1269 δὲ
944 1193 977 1270 ές
996 1184 1037 1256 τὰ
1059 1186 1201 1276 μάλιστα
1220 1191 1293 1256 έιιέ-

160 1355 215 1405 vid.
234 1353 385 1405 Blomlield.
410 1354 439 1404 in
457 1353 578 1406 Glossnr.
600 1354 635 1404 ad
651 1354 704 1405 Ae·
755 1356 884 1406 Manners
908 1359 961 1406 etc.
985 1369 1040 1404 sec.
1059 1369 1111 1404 ser.
1135 1355 1174 1405 11.
1199 1371 1226 1420 p.
1246 1355 1298 1406 220

160 1424 248 1490 schyli
262 1427 339 1476 Pers.
357 1424 419 1475 887.
755 1441 813 1491 seq.
843 1425 1007 1491 Aegyptium
1026 1424 1195 1474 avisnomen
1213 1424 1298 1476 luisse

193 1483 478 1560 πτερωτούςόφις-
488 1483 533 1542 tu'
545 1484 702 1557 Αἰγύπτου]
755 1496 809 1560 Hip
827 1494 968 1546 contendit
985 1493 1135 1558 champoll.
1154 1494 1226 1560 ΓΕΒ.
1241 1509 1264 1545 s.
1278 1493 1297 1544 l.

160 1563 283 1614 Pertinet
314 1563 367 1614 huc
394 1562 533 1613 Ciceronis
563 1562 639 1613 locus
669 1561 704 1611 δο
754 1565 835 1616 Phar.
853 1565 877 1615 I.
892 1579 956 1629 pag.
972 1562 1032 1613 295.
1070 1561 1138 1613 Cum
1155 1565 1226 1614 euim
1244 1563 1297 1613 ibis

160 1639 216 1683 nat.
234 1635 316 1684 Deor.
335 1634 358 1697 1,
378 1632 425 1684 eo:
454 1631 555 1695 „Velut
571 1633 630 1682 ibes
648 1646 704 1680 ma·
754 1635 810 1686 Nili
826 1635 940 1695 insecta,
959 1648 1072 1695 vermes,
1092 1633 1148 1682 alia
1165 1633 1298 1684 eiusmodi

160 1704 261 1752 ximam
283 1704 339 1754 vim
362 1702 527 1766 serpentium
546 1701 702 1764 conficiunt,
755 1703 882 1755 conficiat
900 1703 950 1769 (ci.
967 1701 1104 1752 Plutarch.
1125 1702 1160 1752 de
1176 1703 1250 1753 Iside
1270 1707 1298 1753 et

160 1787 221 1822 cum
244 1773 298 1822 siut
321 1787 387 1822 aves
411 1771 550 1831 excelsae,
581 1771 703 1822 cruribus
755 1773 864 1824 Osiride
888 1789 948 1837 cap.
968 1773 1010 1822 id.
1030 1787 1057 1836 p.
1077 1771 1138 1838 381)
1163 1772 1297 1838 simulque

160 1841 269 1906 rigidis,
294 1857 391 1892 corneo
415 1855 581 1906 proceroque
598 1845 703 1900 rostr03
754 1859 815 1894 cnm
833 1843 896 1893 Nilo
914 1845 1053 1892 crescente
1070 1847 1215 1907 appareat,
1233 1842 1296 1892 inde

160 1915 288 1962 avertunt
306 1916 409 1976 pestem
428 1910 463 1962 ab
477 1911 616 1976 Aegypto,
642 1925 703 1960 cum
754 1913 896 1978 Aegyptiis
914 1926 992 1961 sacra
1004 1911 1100 1962 habita
1112 1917 1154 1961 est
1169 1913 1229 1962 avis
1247 1927 1296 1976 pro

160 1979 283 2031 volucres
296 1995 399 2046 angues
412 1995 445 2030 ex
456 1981 588 2030 vastitate
598 1979 703 2044 Libyae
753 1983 810 2032 Nili
827 1981 975 2032 crescentis
998 1981 1076 2046 signo
1094 1981 1210 2047 indeque
1227 1982 1298 2031 Mer-

159 2055 242 2100 veuto
262 2051 356 2102 Africo
385 2051 509 2100 invectas
536 2048 703 2100 interficiunt
753 2053 828 2102 curio
846 2052 905 2117 (qui
922 2050 1014 2100 Nilum
1035 2055 1200 2100 crescentem
1218 2052 1297 2101 meti-

160 2125 242 2185 atque
263 2125 439 2181 consumunt3
467 2135 499 2169 ex
524 2135 577 2184 quo
603 2118 648 2181 fit,
672 2124 704 2168 ut
753 2128 797 2172 tur
815 2125 843 2171 et
857 2121 986 2170 universo
1004 2119 1067 2170 hnic
1085 2121 1195 2184 negotio
1220 2137 1297 2186 prae·

159 2189 390 2241 illaenecmorsu
408 2190 490 2240 vivae
507 2194 633 2251 noceant,
652 2203 703 2238 uec
755 2191 807 2257 est)
821 2195 990 2240 consecrata.
1015 2187 1199 2253 Οοο1.11,67.
1227 2190 1296 2241 Inde

160 2259 242 2309 odore
268 2259 420 2310 mortuae.“
458 2259 513 2330 Ubi
537 2257 606 2310 alios
627 2263 701 2308 vete—
753 2261 792 2311 nil
809 2260 921 2323 mirum,
944 2259 973 2308 in
990 2258 1186 2324 Aegyptiorum
1203 2275 1297 2310 monn·

159 2345 218 2390 rum
236 2329 311 2380 locos
330 2328 382 2378 hac
399 2327 432 2378 de
456 2343 485 2378 re
507 2327 601 2378 attulit
619 2327 703 2379 Davi·
754 2331 853 2381 mentis
871 2329 1030 2393 saepissime
1050 2328 1120 2378 hanc
1138 2344 1215 2379 avem
1233 2345 1296 2380 con·

160 2399 227 2449 sius.
263 2398 333 2450 Add.
353 2397 482 2450 Bochart.
503 2397 520 2449 l.
539 2395 559 2448 1.
754 2401 835 2464 spici,
872 2397 1039 2462 eandemque
1068 2398 1200 2464 singulari
1231 2415 1296 2450 cura

194 2464 242 2517 καὶ
260 2460 313 2533 τὴν
331 2465 389 2534 λβιν
409 2459 458 2516 διὰ
473 2464 559 2516 τοῦτο
578 2481 603 2517 ιι.
623 2481 647 2516 τ.
666 2463 702 2532 λ.]
754 2469 891 2519 conditam
910 2467 995 2517 luisse
1019 2467 1047 2516 in
1065 2469 1178 2532 cryptis.
1215 2469 1299 2519 Plura

158 2540 200 2589 De
209 2539 283 2588 ibide
295 2553 387 2590 omues
405 2542 526 2588 veterum
540 2536 703 2600 scriptorum
755 2538 788 2589 de
806 2538 879 2588 ibide
897 2536 1038 2602 disputata
1054 2539 1164 2588 invenio
1179 2540 1298 2604 shang-

157 2608 233 2658 locos
250 2608 359 2659 exhibet
374 2609 507 2658 Leemsus
520 2607 555 2656 ad
571 2604 704 2670 Horapol-
754 2607 831 2674 gutli.
857 2606 924 2656 diss.
948 2607 982 2656 de
1003 2607 1111 2656 mumiis
1134 2609 1225 2658 avium
1244 2611 1295 2658 etc.

158 2678 206 2729 lin.
227 2676 405 2744 Hieroglyph.
425 2693 453 2741 p.
467 2677 527 2726 246.
564 2675 644 2725 Nune
661 2689 704 2724 ra
754 2693 817 2743 pag.
842 2679 875 2726 22
898 2691 974 2741 seqq.
1002 2680 1029 2725 et
1052 2677 1211 2727 lteinlrardt.
1232 2677 1251 2728 l.
1276 2676 1296 2728 l.

158 2749 215 2798 rius
238 2764 315 2798 avem
343 2763 392 2812 per
414 2747 569 2811 Aegyptum
590 2744 704 2808 reperiri
753 2763 816 2812 pag.
833 2747 945 2797 22-25.
966 2745 1071 2808 Quibus
1086 2746 1148 2796 add.
1161 2746 1297 2811 Seyfferth

158 2819 227 2868 satis
246 2822 364 2868 constat.
401 2815 489 2880 Vulgo
512 2813 562 2864 ibin
586 2829 646 2864 eam
664 2813 703 2863 iu·
742 2817 881 2887 ΩΒοὶιτδρο
906 2831 929 2864 a.
954 2814 1095 2864 Keutniss.
1122 2816 1149 2865 d.
1173 2815 1221 2865 alt.
1246 2816 1298 2865 Δο-

159 2887 287 2951 telliguut
305 2902 397 2948 avem,
423 2899 493 2949 quae
511 2883 612 2934 dicitur
634 2883 702 2934 Tou·
753 2891 829 2952 gypt.
854 2886 892 2936 11.
912 2901 939 2949 p·
960 2883 1009 2934 150
1027 2897 1100 2947 seq,
1130 2883 1295 2934 Wilkinson.

160 2959 227 3006 talus
244 2955 292 3006 ldis
303 2955 383 3008 Linu.
420 2953 474 3004 Sed
489 2953 573 3017 probe
588 2952 701 3002 hincdi-
753 2955 771 3006 l.
795 2955 830 3018 l.,
853 2956 979 3005 Crenaer.
1003 2951 1124 3017 Symbol.
1145 2953 1183 3002 ll.
1202 2969 1228 3017 p.
1244 2953 1296 3003 207

159 3023 347 3090 stingnendam
370 3037 431 3072 esse
457 3037 535 3072 avem
559 3021 702 3087 Aegyptiis
754 3041 823 3091 seq,
840 3023 960 3074 Bohlen:
981 3023 1038 3072 Das
1052 3021 1108 3071 alte
1123 3022 1219 3072 Iudien
1230 3022 1253 3072 1.
1266 3037 1295 3086 p.

160 3109 266 3144 sacram
297 3092 390 3143 docuit
417 3091 542 3152 (luvies,
573 3096 702 3142 accuratu
756 3095 804 3145 1112
822 3109 895 3158 seq,
922 3091 967 3157 qui
990 3091 1047 3141 ibin
1071 3105 1177 3156 quoque
1200 3091 1235 3140 ad
1260 3091 1296 3140 si-

161 3163 284 3213 exsmiue
303 3162 430 3212 instituto
450 3165 477 3210 et
494 3159 624 3210 adhibitis
643 3165 702 3210 tum
753 3163 843 3214 milem
862 3163 990 3213 Indorum
1017 3175 1108 3224 avem,
1134 3161 1178 3212 cui
1197 3175 1296 3212 nomeu

160 3237 281 3282 veterum
297 3232 329 3282 dc
346 3232 399 3284 hac
416 3231 461 3281 avi
478 3229 547 3280 locis
561 3234 617 3280 tum
634 3231 702 3295 ipsis
754 3235 860 3290 Horrea,
893 3235 1005 3282 revocet
1029 3229 1146 3296 indeque
1177 3230 1297 3282 eiusdem

160 3303 267 3352 murniis
293 3301 428 3352 dissectis.
463 3301 532 3351 Eam
554 3300 704 3352 calmense
754 3304 956 3355 venerationem
973 3300 1083 3365 repetit.

161 3371 398 3432 commonstravit,
425 3371 469 3420 cui
491 3385 590 3426 nomen
614 3370 704 3420 Naue-

160 3443 216 3492 m'us
236 3441 283 3492 itu
310 3457 333 3491 s.
356 3440 404 3490 ibis
427 3441 547 3504 τιὶἰρίοειι
570 3438 703 3505 (courlis),
920 3473 976 3525 cn,
1005 3471 1120 3524 LXXVI

161 3510 223 3562 albo
236 3509 326 3562 colore
338 3509 482 3574 insignem,
492 3510 581 3574 capite
593 3515 621 3560 et
633 3509 702 3560 collo
980 3510 987 3524 '
1123 3509 1130 3522 '
1290 3564 1295 3576 Ι

159 3581 247 3644 nudo,
265 3581 397 3644 remigum
414 3578 549 3644 apicibus,
567 3584 656 3632 rostro
676 3583 703 3628 st
789 3571 945 3641 πρόσωπον
960 3567 992 3625 δέ
1008 3565 1035 3632 ές
1053 3569 1087 3624 τὰ
1103 3565 1221 3638 μάλιστα
1236 3564 1296 3622 έπέ-

159 3651 274 3716 pcdibus
304 3649 404 3715 nigris,
434 3649 581 3714 remigibus
608 3664 703 3700 secun·
752 3647 874 3712 γροτιον]
908 3637 1065 3710 πρόσωπον
1086 3644 1130 3694 hic
1156 3645 1189 3694 de
1211 3651 1296 3694 rostro

160 3719 243 3772 dariis
279 3719 414 3785 elongatis
446 3717 586 3768 violaceis.
626 3719 701 3781 Quae
753 3717 950 3782 accipiendum,
967 3714 1039 3781 quod
1054 3705 1221 3777 έπίγροπον,
1238 3715 1256 3763 i.
1271 3727 1294 3762 e.

82 3827 87 3836 .
160 3805 307 3856 saneqnam
330 3789 433 3853 optime
454 3787 620 3839 conveniunt
641 3803 702 3838 cum
753 3787 883 3848 aduncus,
905 3787 1031 3835 incurvum
1050 3799 1111 3834 esse
1129 3782 1198 3836 vult.
1231 3782 1297 3832 (lae-

159 3859 292 3910 Herodoti
310 3858 504 3922 descriptione,
533 3871 602 3920 qnae
627 3857 651 3907 si
669 3857 702 3906 de
752 3860 839 3906 terum
851 3857 922 3906 coni.
936 3855 969 3904 ds
982 3854 1056 3903 ibide
1066 3853 1193 3903 strabon.
1204 3851 1295 3902 xvn.

164 3928 441 3993 Tantuloaccipistur,
459 3925 629 3976 Herodotum
647 3930 702 3975 ture
752 3942 779 3991 p.
807 3924 873 3976 1179
897 3940 920 3974 s.
944 3923 995 3975 823
1017 3923 1052 3972 D.
1095 3922 1208 3972 Manent
1229 3935 1295 3971 vero

160 3999 230 4062 piter
247 3998 352 4063 lapsum
367 3995 637 4047 essedicasneeesse
650 3999 701 4046 eet.
751 3995 917 4046 recentiores
939 3992 1026 4043 ididem
1049 3993 1146 4057 niprom
1163 3989 1296 4041 Herodoti

160 4067 222 4116 Vid.
241 4067 340 4118 Annsl.
360 4067 386 4117 d.
411 4062 504 4116 muade
529 4063 619 4114 d'hist.
644 4067 702 4114 nat.
754 4061 1071 4126 esseidldemsaleinellum
1081 4060 1214 4120 Ousisrii3
1226 4074 1295 4124 quae

160 4140 181 4186 t.
193 4137 241 4188 1v.
253 4153 317 4202 pag.
336 4137 386 4187 liti
402 4150 477 4200 seqq.
491 4133 542 4186 126
557 4149 634 4200 seqq.
653 4134 703 4186 132
754 4133 813 4182 avis
833 4131 977 4198 quotannis
997 4129 1101 4197 aliquot
1120 4129 1215 4180 diebus
1232 4132 1296 4194 post

161 4210 188 4254 et
217 4204 384 4256 Becherclres
411 4219 457 4254 sur
483 4201 523 4254 les
551 4206 703 4254 ossemsnts
754 4201 901 4252 adrentum
927 4199 1039 4250 alterius
1068 4199 1150 4250 ibidis
1175 4199 1210 4251 ad
1238 4197 1295 4250 Nili

160 4273 268 4324 fossiles
292 4276 324 4326 T.
349 4274 373 4324 1.
397 4273 496 4325 Notice
514 4287 560 4323 sur
580 4271 653 4322 l'ibis
675 4287 701 4336 p.
753 4269 827 4336 ripas
846 4283 1001 4335 comparere
1018 4269 1132 4332 dicitur,
1158 4271 1235 4320 cuins
1253 4273 1295 4318 ta-

160 4340 302 4394 cxuvm
327 4357 403 4407 seqq.
443 4340 514 4392 Add.
538 4341 701 4392 wilkinson.
754 4353 816 4392 men
839 4336 939 4391 unllam
964 4336 1052 4390 adhtm
1076 4341 1210 4404 repertam
1234 4350 1295 4388 esse

1020 4417 1087 4485 38*
