<?xml version="1.0" encoding="UTF-8"?>
<!DOCTYPE html PUBLIC "-//W3C//DTD XHTML 1.0 Transitional//EN"
    "http://www.w3.org/TR/xhtml1/DTD/xhtml1-transitional.dtd">
<html xmlns="http://www.w3.org/1999/xhtml" xml:lang="en" lang="en">
 <head>
  <title>
</title>
<meta http-equiv="Content-Type" content="text/html;charset=utf-8" />
  <meta name='ocr-system' content='tesseract 3.04.00' />
  <meta name='ocr-capabilities' content='ocr_page ocr_carea ocr_par ocr_line ocrx_word'/>
</head>
<body>
  <div class='ocr_page' id='page_1' title='image "./herodotihalicar00bhgoog_0055.png"; bbox 0 0 2980 4932; ppageno 0'>
   <div class='ocr_carea' id='block_1_1' title="bbox 197 203 900 286">
    <p class='ocr_par' dir='ltr' id='par_1_1' title="bbox 197 203 900 286">
     <span class='ocr_line' id='line_1_1' title="bbox 197 203 900 286; baseline -0.034 0"><span class='ocrx_word' id='word_1_1' title='bbox 197 225 237 286; x_wconf 85' lang='grc'><strong>34</strong></span> <span class='ocrx_word' id='word_1_2' title='bbox 554 207 557 214; x_wconf 79' lang='grc'><strong>’</strong></span> <span class='ocrx_word' id='word_1_3' title='bbox 630 203 900 270; x_wconf 79' lang='lat' dir='ltr'><strong>HERODO&#39;I&#39;I</strong></span> 
     </span>
    </p>
   </div>
   <div class='ocr_carea' id='block_1_2' title="bbox 193 363 1365 795">
    <p class='ocr_par' dir='ltr' id='par_1_2' title="bbox 193 363 1365 795">
     <span class='ocr_line' id='line_1_2' title="bbox 193 363 1365 471; baseline -0.027 -4"><span class='ocrx_word' id='word_1_4' title='bbox 193 393 380 471; x_wconf 82' lang='grc' dir='ltr'><strong><em>Ἠετίωνος.</em></strong></span> <span class='ocrx_word' id='word_1_5' title='bbox 423 377 531 465; x_wconf 80' lang='grc' dir='ltr'><strong><em>Οὗτος</em></strong></span> <span class='ocrx_word' id='word_1_6' title='bbox 551 382 589 452; x_wconf 73' lang='grc' dir='ltr'><strong>δὲ</strong></span> <span class='ocrx_word' id='word_1_7' title='bbox 610 377 757 470; x_wconf 79' lang='grc' dir='ltr'>ὁΓύγης</span> <span class='ocrx_word' id='word_1_8' title='bbox 777 383 905 467; x_wconf 75' lang='grc' dir='ltr'><strong><em>πρῶτος</em></strong></span> <span class='ocrx_word' id='word_1_9' title='bbox 927 370 1127 465; x_wconf 80' lang='grc' dir='ltr'><strong><em>βαρβάρων,</em></strong></span> <span class='ocrx_word' id='word_1_10' title='bbox 1150 373 1220 440; x_wconf 78' lang='grc' dir='ltr'><strong>τῶν</strong></span> <span class='ocrx_word' id='word_1_11' title='bbox 1243 363 1365 456; x_wconf 63' lang='lat' dir='ltr'><strong>»ipsius</strong></span> 
     </span>
     <span class='ocr_line' id='line_1_3' title="bbox 198 471 1337 589; baseline -0.026 -20"><span class='ocrx_word' id='word_1_12' title='bbox 198 505 312 589; x_wconf 74' lang='grc' dir='ltr'><strong><em>ἴδμεν,</em></strong></span> <span class='ocrx_word' id='word_1_13' title='bbox 327 499 360 576; x_wconf 77' lang='grc' dir='ltr'><strong>ἐς</strong></span> <span class='ocrx_word' id='word_1_14' title='bbox 375 487 534 579; x_wconf 74' lang='grc' dir='ltr'><strong><em>Δελφοὺς</em></strong></span> <span class='ocrx_word' id='word_1_15' title='bbox 548 485 695 576; x_wconf 66' lang='grc' dir='ltr'><strong><em>ἀνέθηκε</em></strong></span> <span class='ocrx_word' id='word_1_16' title='bbox 709 481 927 572; x_wconf 75' lang='grc' dir='ltr'><strong><em>ἀναθήματα,</em></strong></span> <span class='ocrx_word' id='word_1_17' title='bbox 946 474 1028 568; x_wconf 79' lang='grc' dir='ltr'><strong><em>μετὰ</em></strong></span> <span class='ocrx_word' id='word_1_18' title='bbox 1042 482 1163 563; x_wconf 85' lang='grc' dir='ltr'><strong><em>Μίδην</em></strong></span> <span class='ocrx_word' id='word_1_19' title='bbox 1175 471 1235 543; x_wconf 86' lang='grc' dir='ltr'><strong>τὸν</strong></span> <span class='ocrx_word' id='word_1_20' title='bbox 1249 479 1337 560; x_wconf 89' lang='grc' dir='ltr'><strong><em>Γορ-</em></strong></span> 
     </span>
     <span class='ocr_line' id='line_1_4' title="bbox 200 574 1337 689; baseline -0.027 -15"><span class='ocrx_word' id='word_1_21' title='bbox 200 610 299 689; x_wconf 86' lang='grc' dir='ltr'><strong><em>δίεω,</em></strong></span> <span class='ocrx_word' id='word_1_22' title='bbox 320 603 471 687; x_wconf 81' lang='grc' dir='ltr'><em>Φρυγίης</em></span> <span class='ocrx_word' id='word_1_23' title='bbox 490 593 640 682; x_wconf 77' lang='grc' dir='ltr'><strong><em>βασιλέα.</em></strong></span> <span class='ocrx_word' id='word_1_24' title='bbox 669 588 820 677; x_wconf 74' lang='grc' dir='ltr'><strong><em>ἀνέθηκε</em></strong></span> <span class='ocrx_word' id='word_1_25' title='bbox 842 582 906 674; x_wconf 78' lang='grc' dir='ltr'><strong>γὰρ</strong></span> <span class='ocrx_word' id='word_1_26' title='bbox 924 580 966 670; x_wconf 80' lang='grc' dir='ltr'><strong>δὴ</strong></span> <span class='ocrx_word' id='word_1_27' title='bbox 985 582 1042 649; x_wconf 78' lang='grc' dir='ltr'><strong><em>καί</em></strong></span> <span class='ocrx_word' id='word_1_28' title='bbox 1059 585 1175 667; x_wconf 82' lang='grc' dir='ltr'><strong><em>Μίδης</em></strong></span> <span class='ocrx_word' id='word_1_29' title='bbox 1195 574 1255 646; x_wconf 84' lang='grc' dir='ltr'><strong>τὸν</strong></span> <span class='ocrx_word' id='word_1_30' title='bbox 1274 583 1337 664; x_wconf 83' lang='grc' dir='ltr'><strong>βα-</strong></span> 
     </span>
     <span class='ocr_line' id='line_1_5' title="bbox 198 679 1339 795; baseline -0.023 -19"><span class='ocrx_word' id='word_1_31' title='bbox 198 707 330 795; x_wconf 79' lang='grc' dir='ltr'><strong><em>σιλήιον</em></strong></span> <span class='ocrx_word' id='word_1_32' title='bbox 344 701 489 790; x_wconf 78' lang='grc' dir='ltr'><strong><em>θρόνον,</em></strong></span> <span class='ocrx_word' id='word_1_33' title='bbox 509 700 542 777; x_wconf 81' lang='grc' dir='ltr'><strong>ἐς</strong></span> <span class='ocrx_word' id='word_1_34' title='bbox 556 695 616 766; x_wconf 83' lang='grc' dir='ltr'><strong>τὸν</strong></span> <span class='ocrx_word' id='word_1_35' title='bbox 630 700 837 786; x_wconf 77' lang='grc' dir='ltr'><strong><em>προκατίζων</em></strong></span> <span class='ocrx_word' id='word_1_36' title='bbox 854 693 1000 783; x_wconf 74' lang='grc' dir='ltr'><strong><em>ἐδίκαζε,</em></strong></span> <span class='ocrx_word' id='word_1_37' title='bbox 1017 684 1115 756; x_wconf 79' lang='grc' dir='ltr'><strong><em>ἐόντα</em></strong></span> <span class='ocrx_word' id='word_1_38' title='bbox 1129 679 1339 768; x_wconf 79' lang='grc' dir='ltr'><strong><em>ἀξιοθέητον.</em></strong></span> 
     </span>
    </p>
   </div>
   <div class='ocr_carea' id='block_1_3' title="bbox 198 847 1347 2104">
    <p class='ocr_par' dir='ltr' id='par_1_3' title="bbox 198 847 1344 1210">
     <span class='ocr_line' id='line_1_6' title="bbox 198 847 1341 931; baseline -0.024 -10"><span class='ocrx_word' id='word_1_39' title='bbox 198 871 288 921; x_wconf 86' lang='lat' dir='ltr'><strong>Kruse</strong></span> <span class='ocrx_word' id='word_1_40' title='bbox 305 865 400 919; x_wconf 85' lang='lat' dir='ltr'><strong>Hellas</strong></span> <span class='ocrx_word' id='word_1_41' title='bbox 418 865 456 929; x_wconf 89' lang='grc' dir='ltr'>Π,</span> <span class='ocrx_word' id='word_1_42' title='bbox 476 869 501 918; x_wconf 89' lang='grc'><strong>2.</strong></span> <span class='ocrx_word' id='word_1_43' title='bbox 519 881 546 931; x_wconf 89' lang='lat' dir='ltr'><strong>p.</strong></span> <span class='ocrx_word' id='word_1_44' title='bbox 563 864 606 928; x_wconf 84' lang='lat'><strong>85,</strong></span> <span class='ocrx_word' id='word_1_45' title='bbox 626 863 673 930; x_wconf 90' lang='lat' dir='ltr'><strong>qui</strong></span> <span class='ocrx_word' id='word_1_46' title='bbox 690 861 746 911; x_wconf 88' lang='lat' dir='ltr'><strong>the·</strong></span> <span class='ocrx_word' id='word_1_47' title='bbox 796 856 871 908; x_wconf 90' lang='lat' dir='ltr'><strong>locat</strong></span> <span class='ocrx_word' id='word_1_48' title='bbox 889 853 997 919; x_wconf 82' lang='lat' dir='ltr'><strong>Olymp.</strong></span> <span class='ocrx_word' id='word_1_49' title='bbox 1010 852 1044 914; x_wconf 85' lang='lat' dir='ltr'><strong>X,</strong></span> <span class='ocrx_word' id='word_1_50' title='bbox 1062 853 1088 900; x_wconf 83' lang='lat' dir='ltr'><strong>t.</strong></span> <span class='ocrx_word' id='word_1_51' title='bbox 1112 847 1191 912; x_wconf 87' lang='lat' dir='ltr'><strong>Quod</strong></span> <span class='ocrx_word' id='word_1_52' title='bbox 1206 847 1230 897; x_wconf 91' lang='lat' dir='ltr'><strong>si</strong></span> <span class='ocrx_word' id='word_1_53' title='bbox 1238 861 1341 908; x_wconf 82' lang='lat' dir='ltr'><strong>verum,</strong></span> 
     </span>
     <span class='ocr_line' id='line_1_7' title="bbox 200 917 1342 1001; baseline -0.021 -13"><span class='ocrx_word' id='word_1_54' title='bbox 200 955 295 990; x_wconf 85' lang='lat' dir='ltr'><strong>ssuros</strong></span> <span class='ocrx_word' id='word_1_55' title='bbox 313 937 481 1000; x_wconf 79' lang='lat' dir='ltr'><strong>istiusmodi,</strong></span> <span class='ocrx_word' id='word_1_56' title='bbox 508 949 621 1001; x_wconf 90' lang='lat' dir='ltr'><strong>quorum</strong></span> <span class='ocrx_word' id='word_1_57' title='bbox 644 933 746 983; x_wconf 88' lang='lat' dir='ltr'><strong>mentio</strong></span> <span class='ocrx_word' id='word_1_58' title='bbox 797 927 843 976; x_wconf 88' lang='lat' dir='ltr'><strong>ills</strong></span> <span class='ocrx_word' id='word_1_59' title='bbox 857 941 969 991; x_wconf 86' lang='lat' dir='ltr'><strong>regnum</strong></span> <span class='ocrx_word' id='word_1_60' title='bbox 982 922 1121 987; x_wconf 87' lang='lat' dir='ltr'><strong>accepisse</strong></span> <span class='ocrx_word' id='word_1_61' title='bbox 1134 917 1271 984; x_wconf 82' lang='lat' dir='ltr'><strong>putandus</strong></span> <span class='ocrx_word' id='word_1_62' title='bbox 1290 917 1342 965; x_wconf 89' lang='lat' dir='ltr'><strong>erit</strong></span> 
     </span>
     <span class='ocr_line' id='line_1_8' title="bbox 200 987 1342 1074; baseline -0.023 -15"><span class='ocrx_word' id='word_1_63' title='bbox 200 1010 232 1058; x_wconf 92' lang='lat' dir='ltr'><strong>fit</strong></span> <span class='ocrx_word' id='word_1_64' title='bbox 256 1009 328 1074; x_wconf 79' lang='lat' dir='ltr'><strong>apud</strong></span> <span class='ocrx_word' id='word_1_65' title='bbox 356 1013 478 1070; x_wconf 81' lang='lat' dir='ltr'><strong>veteres,</strong></span> <span class='ocrx_word' id='word_1_66' title='bbox 505 1010 643 1066; x_wconf 88' lang='lat' dir='ltr'><strong>recenset,</strong></span> <span class='ocrx_word' id='word_1_67' title='bbox 665 1009 747 1067; x_wconf 83' lang='lat' dir='ltr'><strong>atquc</strong></span> <span class='ocrx_word' id='word_1_68' title='bbox 798 998 849 1048; x_wconf 80' lang='grc'><strong>738</strong></span> <span class='ocrx_word' id='word_1_69' title='bbox 873 1012 899 1046; x_wconf 92' lang='lat' dir='ltr'><strong>a.</strong></span> <span class='ocrx_word' id='word_1_70' title='bbox 918 995 997 1056; x_wconf 85' lang='lat' dir='ltr'><strong>Chr.‚</strong></span> <span class='ocrx_word' id='word_1_71' title='bbox 1023 993 1042 1042; x_wconf 93' lang='lat' dir='ltr'><strong>i.</strong></span> <span class='ocrx_word' id='word_1_72' title='bbox 1068 1007 1091 1040; x_wconf 89' lang='lat' dir='ltr'><strong>e.</strong></span> <span class='ocrx_word' id='word_1_73' title='bbox 1114 989 1213 1056; x_wconf 74' lang='lat' dir='ltr'><strong>viginti</strong></span> <span class='ocrx_word' id='word_1_74' title='bbox 1236 987 1342 1036; x_wconf 88' lang='lat' dir='ltr'><strong>dnobus</strong></span> 
     </span>
     <span class='ocr_line' id='line_1_9' title="bbox 201 1059 1342 1130; baseline -0.022 0"><span class='ocrx_word' id='word_1_75' title='bbox 201 1081 232 1129; x_wconf 79' lang='grc' dir='ltr'><strong>Ο.</strong></span> <span class='ocrx_word' id='word_1_76' title='bbox 249 1081 282 1130; x_wconf 83' lang='lat' dir='ltr'><strong>F.</strong></span> <span class='ocrx_word' id='word_1_77' title='bbox 300 1079 450 1128; x_wconf 86' lang='lat' dir='ltr'><strong>Hermann:</strong></span> <span class='ocrx_word' id='word_1_78' title='bbox 475 1073 683 1127; x_wconf 82' lang='lat' dir='ltr'><strong>Gottesdienstl.</strong></span> <span class='ocrx_word' id='word_1_79' title='bbox 702 1073 748 1123; x_wconf 80' lang='lat' dir='ltr'><strong>Al·</strong></span> <span class='ocrx_word' id='word_1_80' title='bbox 798 1073 862 1118; x_wconf 84' lang='lat' dir='ltr'><strong>autc</strong></span> <span class='ocrx_word' id='word_1_81' title='bbox 881 1066 959 1116; x_wconf 85' lang='lat' dir='ltr'><strong>aunis</strong></span> <span class='ocrx_word' id='word_1_82' title='bbox 977 1077 1059 1129; x_wconf 89' lang='lat' dir='ltr'><strong>quam</strong></span> <span class='ocrx_word' id='word_1_83' title='bbox 1071 1062 1161 1126; x_wconf 78' lang='lat' dir='ltr'><strong>Gyges</strong></span> <span class='ocrx_word' id='word_1_84' title='bbox 1181 1059 1216 1109; x_wconf 92' lang='lat' dir='ltr'><strong>ad</strong></span> <span class='ocrx_word' id='word_1_85' title='bbox 1229 1071 1342 1123; x_wconf 76' lang='lat' dir='ltr'><strong>regnum</strong></span> 
     </span>
     <span class='ocr_line' id='line_1_10' title="bbox 200 1127 1344 1210; baseline -0.021 -12"><span class='ocrx_word' id='word_1_86' title='bbox 200 1151 283 1200; x_wconf 85' lang='lat' dir='ltr'><strong>terth.</strong></span> <span class='ocrx_word' id='word_1_87' title='bbox 302 1148 326 1210; x_wconf 67' lang='grc'><strong>5.</strong></span> <span class='ocrx_word' id='word_1_88' title='bbox 347 1148 389 1199; x_wconf 84' lang='grc'><strong>19.</strong></span> <span class='ocrx_word' id='word_1_89' title='bbox 408 1151 465 1196; x_wconf 84' lang='lat' dir='ltr'><strong>uot.</strong></span> <span class='ocrx_word' id='word_1_90' title='bbox 486 1147 527 1197; x_wconf 80' lang='lat'><strong>16.</strong></span> <span class='ocrx_word' id='word_1_91' title='bbox 799 1141 909 1188; x_wconf 83' lang='lat' dir='ltr'><strong>evectus</strong></span> <span class='ocrx_word' id='word_1_92' title='bbox 926 1140 976 1184; x_wconf 89' lang='lat' dir='ltr'><strong>est.</strong></span> <span class='ocrx_word' id='word_1_93' title='bbox 1005 1134 1086 1184; x_wconf 86' lang='lat' dir='ltr'><strong>Hunc</strong></span> <span class='ocrx_word' id='word_1_94' title='bbox 1101 1130 1203 1180; x_wconf 83' lang='lat' dir='ltr'><strong>blidam</strong></span> <span class='ocrx_word' id='word_1_95' title='bbox 1223 1129 1252 1177; x_wconf 90' lang='lat' dir='ltr'><strong>in</strong></span> <span class='ocrx_word' id='word_1_96' title='bbox 1275 1127 1344 1176; x_wconf 83' lang='lat' dir='ltr'><strong>sella</strong></span> 
     </span>
    </p>

    <p class='ocr_par' dir='ltr' id='par_1_4' title="bbox 201 1199 1347 2104">
     <span class='ocr_line' id='line_1_11' title="bbox 236 1199 1342 1280; baseline -0.021 -12"><span class='ocrx_word' id='word_1_97' title='bbox 236 1209 332 1275; x_wconf 78' lang='grc' dir='ltr'><strong><em>Οὗτος</em></strong></span> <span class='ocrx_word' id='word_1_98' title='bbox 349 1211 382 1266; x_wconf 75' lang='grc' dir='ltr'><strong>δὲ</strong></span> <span class='ocrx_word' id='word_1_99' title='bbox 399 1207 415 1264; x_wconf 83' lang='grc' dir='ltr'><strong>ὁ</strong></span> <span class='ocrx_word' id='word_1_100' title='bbox 430 1208 527 1280; x_wconf 73' lang='grc' dir='ltr'>Γύγης</span> <span class='ocrx_word' id='word_1_101' title='bbox 550 1211 662 1279; x_wconf 77' lang='grc' dir='ltr'><strong><em>πρῶτος</em></strong></span> <span class='ocrx_word' id='word_1_102' title='bbox 680 1208 747 1278; x_wconf 82' lang='grc' dir='ltr'><strong><em>βαρ·</em></strong></span> <span class='ocrx_word' id='word_1_103' title='bbox 798 1209 875 1274; x_wconf 80' lang='lat' dir='ltr'><strong>regia</strong></span> <span class='ocrx_word' id='word_1_104' title='bbox 894 1206 1032 1256; x_wconf 73' lang='lat' dir='ltr'><strong>sedentem</strong></span> <span class='ocrx_word' id='word_1_105' title='bbox 1050 1201 1234 1266; x_wconf 85' lang='lat' dir='ltr'><strong>iudiciumque</strong></span> <span class='ocrx_word' id='word_1_106' title='bbox 1256 1199 1342 1248; x_wconf 82' lang='lat' dir='ltr'><strong>feren·</strong></span> 
     </span>
     <span class='ocr_line' id='line_1_12' title="bbox 203 1267 1342 1356; baseline -0.02 -18"><span class='ocrx_word' id='word_1_107' title='bbox 203 1282 312 1356; x_wconf 77' lang='grc' dir='ltr'><strong>βάρων,</strong></span> <span class='ocrx_word' id='word_1_108' title='bbox 337 1285 395 1336; x_wconf 80' lang='grc' dir='ltr'><strong>τῶν</strong></span> <span class='ocrx_word' id='word_1_109' title='bbox 411 1277 493 1350; x_wconf 78' lang='grc' dir='ltr'>ἡμεῖς</span> <span class='ocrx_word' id='word_1_110' title='bbox 512 1282 594 1349; x_wconf 80' lang='grc' dir='ltr'><strong><em>ίδμιν</em></strong></span> <span class='ocrx_word' id='word_1_111' title='bbox 616 1299 642 1332; x_wconf 87' lang='grc' dir='ltr'><strong>κ.</strong></span> <span class='ocrx_word' id='word_1_112' title='bbox 666 1297 690 1331; x_wconf 90' lang='grc' dir='ltr'><strong>τ.</strong></span> <span class='ocrx_word' id='word_1_113' title='bbox 709 1278 744 1344; x_wconf 72' lang='lat' dir='ltr'><strong>t]</strong></span> <span class='ocrx_word' id='word_1_114' title='bbox 798 1285 853 1328; x_wconf 89' lang='lat' dir='ltr'><strong>tem</strong></span> <span class='ocrx_word' id='word_1_115' title='bbox 870 1278 898 1325; x_wconf 93' lang='lat' dir='ltr'><strong>in</strong></span> <span class='ocrx_word' id='word_1_116' title='bbox 916 1274 1029 1324; x_wconf 83' lang='lat' dir='ltr'><strong>vasculo</strong></span> <span class='ocrx_word' id='word_1_117' title='bbox 1047 1273 1164 1322; x_wconf 86' lang='lat' dir='ltr'><strong>Etrusco</strong></span> <span class='ocrx_word' id='word_1_118' title='bbox 1174 1269 1263 1319; x_wconf 86' lang='lat' dir='ltr'><strong>Musei</strong></span> <span class='ocrx_word' id='word_1_119' title='bbox 1278 1267 1342 1318; x_wconf 78' lang='lat' dir='ltr'><strong>(sre-</strong></span> 
     </span>
     <span class='ocr_line' id='line_1_13' title="bbox 201 1337 1343 1419; baseline -0.019 -11"><span class='ocrx_word' id='word_1_120' title='bbox 201 1359 322 1408; x_wconf 86' lang='lat' dir='ltr'><strong>Phsnias</strong></span> <span class='ocrx_word' id='word_1_121' title='bbox 355 1371 388 1405; x_wconf 85' lang='lat' dir='ltr'><strong>ac</strong></span> <span class='ocrx_word' id='word_1_122' title='bbox 419 1355 610 1419; x_wconf 70' lang='lat' dir='ltr'><strong>Theopompus</strong></span> <span class='ocrx_word' id='word_1_123' title='bbox 643 1353 747 1416; x_wconf 80' lang='lat' dir='ltr'><strong>Gygem</strong></span> <span class='ocrx_word' id='word_1_124' title='bbox 799 1349 905 1413; x_wconf 78' lang='lat' dir='ltr'><strong>gorisni</strong></span> <span class='ocrx_word' id='word_1_125' title='bbox 917 1347 1150 1410; x_wconf 86' lang='lat' dir='ltr'><strong>repraesentatum</strong></span> <span class='ocrx_word' id='word_1_126' title='bbox 1159 1340 1296 1390; x_wconf 75' lang='lat' dir='ltr'><strong>videmus:</strong></span> <span class='ocrx_word' id='word_1_127' title='bbox 1315 1337 1343 1385; x_wconf 91' lang='lat' dir='ltr'><strong>id</strong></span> 
     </span>
     <span class='ocr_line' id='line_1_14' title="bbox 202 1407 1343 1489; baseline -0.018 -13"><span class='ocrx_word' id='word_1_128' title='bbox 202 1430 310 1476; x_wconf 88' lang='lat' dir='ltr'><strong>omuino</strong></span> <span class='ocrx_word' id='word_1_129' title='bbox 336 1427 452 1489; x_wconf 90' lang='lat' dir='ltr'><strong>primum</strong></span> <span class='ocrx_word' id='word_1_130' title='bbox 474 1425 562 1474; x_wconf 82' lang='lat' dir='ltr'><strong>fuisse</strong></span> <span class='ocrx_word' id='word_1_131' title='bbox 587 1424 747 1482; x_wconf 86' lang='lat' dir='ltr'><strong>memorant,</strong></span> <span class='ocrx_word' id='word_1_132' title='bbox 799 1418 871 1483; x_wconf 91' lang='lat' dir='ltr'><strong>quod</strong></span> <span class='ocrx_word' id='word_1_133' title='bbox 889 1416 923 1464; x_wconf 86' lang='lat' dir='ltr'><strong>ad</strong></span> <span class='ocrx_word' id='word_1_134' title='bbox 936 1414 1068 1466; x_wconf 83' lang='lat' dir='ltr'><strong>Herodoti</strong></span> <span class='ocrx_word' id='word_1_135' title='bbox 1079 1412 1164 1462; x_wconf 85' lang='lat' dir='ltr'><strong>verba</strong></span> <span class='ocrx_word' id='word_1_136' title='bbox 1180 1407 1343 1459; x_wconf 83' lang='lat' dir='ltr'><strong>illustrauds</strong></span> 
     </span>
     <span class='ocr_line' id='line_1_15' title="bbox 203 1479 1342 1561; baseline -0.015 -17"><span class='ocrx_word' id='word_1_137' title='bbox 203 1499 250 1561; x_wconf 91' lang='lat' dir='ltr'><strong>qui</strong></span> <span class='ocrx_word' id='word_1_138' title='bbox 267 1495 389 1558; x_wconf 79' lang='lat' dir='ltr'><strong>Delphos</strong></span> <span class='ocrx_word' id='word_1_139' title='bbox 408 1494 521 1543; x_wconf 84' lang='lat' dir='ltr'><strong>donaria</strong></span> <span class='ocrx_word' id='word_1_140' title='bbox 537 1493 651 1543; x_wconf 86' lang='lat' dir='ltr'><strong>miserit.</strong></span> <span class='ocrx_word' id='word_1_141' title='bbox 685 1490 745 1540; x_wconf 92' lang='lat' dir='ltr'><strong>Vid.</strong></span> <span class='ocrx_word' id='word_1_142' title='bbox 799 1486 943 1538; x_wconf 77' lang='lat' dir='ltr'><strong>admodum</strong></span> <span class='ocrx_word' id='word_1_143' title='bbox 966 1485 1054 1544; x_wconf 77' lang='lat' dir='ltr'><strong>valet3</strong></span> <span class='ocrx_word' id='word_1_144' title='bbox 1082 1482 1139 1533; x_wconf 74' lang='lat' dir='ltr'><strong>vid.</strong></span> <span class='ocrx_word' id='word_1_145' title='bbox 1162 1480 1289 1531; x_wconf 76' lang='lat' dir='ltr'><strong>Pauol&#39;ss</strong></span> <span class='ocrx_word' id='word_1_146' title='bbox 1314 1479 1342 1526; x_wconf 88' lang='lat' dir='ltr'><strong>in</strong></span> 
     </span>
     <span class='ocr_line' id='line_1_16' title="bbox 203 1550 1342 1629; baseline -0.016 -15"><span class='ocrx_word' id='word_1_147' title='bbox 203 1565 302 1614; x_wconf 76' lang='lat' dir='ltr'><strong>Athen.</strong></span> <span class='ocrx_word' id='word_1_148' title='bbox 321 1564 369 1628; x_wconf 75' lang='lat' dir='ltr'><strong>Vl,</strong></span> <span class='ocrx_word' id='word_1_149' title='bbox 390 1565 416 1613; x_wconf 89' lang='lat'><strong>4.</strong></span> <span class='ocrx_word' id='word_1_150' title='bbox 437 1580 464 1629; x_wconf 90' lang='lat' dir='ltr'><strong>p.</strong></span> <span class='ocrx_word' id='word_1_151' title='bbox 481 1565 532 1615; x_wconf 86' lang='grc'><strong>231</strong></span> <span class='ocrx_word' id='word_1_152' title='bbox 553 1565 585 1613; x_wconf 85' lang='grc' dir='ltr'><strong>Ε.</strong></span> <span class='ocrx_word' id='word_1_153' title='bbox 607 1563 639 1612; x_wconf 93' lang='grc' dir='ltr'><strong>Τ.</strong></span> <span class='ocrx_word' id='word_1_154' title='bbox 661 1561 699 1611; x_wconf 91' lang='lat'><strong>11.</strong></span> <span class='ocrx_word' id='word_1_155' title='bbox 719 1576 746 1625; x_wconf 94' lang='lat' dir='ltr'><strong>p.</strong></span> <span class='ocrx_word' id='word_1_156' title='bbox 798 1557 963 1622; x_wconf 78' lang='lat' dir='ltr'><strong>Archiolog.</strong></span> <span class='ocrx_word' id='word_1_157' title='bbox 996 1555 1113 1618; x_wconf 83' lang='lat' dir='ltr'><strong>Zeitung</strong></span> <span class='ocrx_word' id='word_1_158' title='bbox 1141 1551 1217 1601; x_wconf 75' lang='lat'><strong>1844.</strong></span> <span class='ocrx_word' id='word_1_159' title='bbox 1246 1565 1274 1598; x_wconf 91' lang='lat' dir='ltr'><strong>n.</strong></span> <span class='ocrx_word' id='word_1_160' title='bbox 1299 1550 1342 1596; x_wconf 78' lang='grc'><strong>24.</strong></span> 
     </span>
     <span class='ocr_line' id='line_1_17' title="bbox 202 1620 1345 1700; baseline -0.016 -16"><span class='ocrx_word' id='word_1_161' title='bbox 202 1635 255 1686; x_wconf 83' lang='grc'><strong>330</strong></span> <span class='ocrx_word' id='word_1_162' title='bbox 270 1633 312 1682; x_wconf 89' lang='lat' dir='ltr'><strong>ed.</strong></span> <span class='ocrx_word' id='word_1_163' title='bbox 332 1633 483 1700; x_wconf 81' lang='lat' dir='ltr'><strong>Schweigh.</strong></span> <span class='ocrx_word' id='word_1_164' title='bbox 515 1635 589 1696; x_wconf 86' lang='lat' dir='ltr'><strong>Quos</strong></span> <span class='ocrx_word' id='word_1_165' title='bbox 608 1631 747 1682; x_wconf 82' lang='lat' dir='ltr'><strong>Xanthum</strong></span> <span class='ocrx_word' id='word_1_166' title='bbox 798 1645 825 1694; x_wconf 92' lang='lat' dir='ltr'><strong>p.</strong></span> <span class='ocrx_word' id='word_1_167' title='bbox 843 1626 894 1678; x_wconf 82' lang='grc'><strong>393</strong></span> <span class='ocrx_word' id='word_1_168' title='bbox 912 1641 970 1691; x_wconf 91' lang='lat' dir='ltr'><strong>seq.</strong></span> <span class='ocrx_word' id='word_1_169' title='bbox 996 1623 1038 1675; x_wconf 82' lang='lat' dir='ltr'><strong>Ad</strong></span> <span class='ocrx_word' id='word_1_170' title='bbox 1052 1622 1166 1674; x_wconf 90' lang='lat' dir='ltr'><strong>eundem</strong></span> <span class='ocrx_word' id='word_1_171' title='bbox 1184 1620 1287 1670; x_wconf 80' lang='lat' dir='ltr'><strong>Midam</strong></span> <span class='ocrx_word' id='word_1_172' title='bbox 1305 1633 1345 1666; x_wconf 90' lang='lat' dir='ltr'><strong>re·</strong></span> 
     </span>
     <span class='ocr_line' id='line_1_18' title="bbox 203 1687 1345 1768; baseline -0.013 -16"><span class='ocrx_word' id='word_1_173' title='bbox 203 1703 334 1768; x_wconf 87' lang='lat' dir='ltr'><strong>imprimis</strong></span> <span class='ocrx_word' id='word_1_174' title='bbox 358 1708 466 1753; x_wconf 85' lang='lat' dir='ltr'><strong>secutos</strong></span> <span class='ocrx_word' id='word_1_175' title='bbox 486 1717 560 1766; x_wconf 87' lang='lat' dir='ltr'><strong>esse,</strong></span> <span class='ocrx_word' id='word_1_176' title='bbox 587 1717 647 1752; x_wconf 88' lang='lat' dir='ltr'><strong>cnm</strong></span> <span class='ocrx_word' id='word_1_177' title='bbox 666 1702 747 1751; x_wconf 89' lang='lat' dir='ltr'><strong>Creu·</strong></span> <span class='ocrx_word' id='word_1_178' title='bbox 799 1701 890 1749; x_wconf 80' lang='lat' dir='ltr'><strong>ierunt</strong></span> <span class='ocrx_word' id='word_1_179' title='bbox 909 1699 1110 1746; x_wconf 88' lang='lat' dir='ltr'><strong>monumentum</strong></span> <span class='ocrx_word' id='word_1_180' title='bbox 1134 1693 1161 1740; x_wconf 92' lang='lat' dir='ltr'><strong>iu</strong></span> <span class='ocrx_word' id='word_1_181' title='bbox 1183 1691 1244 1756; x_wconf 83' lang='lat' dir='ltr'><strong>ipsa</strong></span> <span class='ocrx_word' id='word_1_182' title='bbox 1261 1687 1345 1752; x_wconf 74' lang='lat' dir='ltr'><strong>Phry·</strong></span> 
     </span>
     <span class='ocr_line' id='line_1_19' title="bbox 205 1759 1344 1838; baseline -0.015 -15"><span class='ocrx_word' id='word_1_183' title='bbox 205 1789 267 1823; x_wconf 81' lang='lat' dir='ltr'><strong>asro</strong></span> <span class='ocrx_word' id='word_1_184' title='bbox 285 1773 431 1836; x_wconf 85' lang='lat' dir='ltr'><strong>suspiceris</strong></span> <span class='ocrx_word' id='word_1_185' title='bbox 450 1774 527 1836; x_wconf 88' lang='lat' dir='ltr'><strong>licet,</strong></span> <span class='ocrx_word' id='word_1_186' title='bbox 552 1773 650 1838; x_wconf 89' lang='lat' dir='ltr'><strong>quide</strong></span> <span class='ocrx_word' id='word_1_187' title='bbox 672 1772 747 1820; x_wconf 89' lang='lat' dir='ltr'><strong>bisce</strong></span> <span class='ocrx_word' id='word_1_188' title='bbox 799 1771 845 1834; x_wconf 82' lang='lat' dir='ltr'><strong>gis</strong></span> <span class='ocrx_word' id='word_1_189' title='bbox 875 1767 1012 1816; x_wconf 86' lang='lat' dir='ltr'><strong>detectum</strong></span> <span class='ocrx_word' id='word_1_190' title='bbox 1045 1779 1062 1814; x_wconf 88' lang='lat' dir='ltr'><strong>a</strong></span> <span class='ocrx_word' id='word_1_191' title='bbox 1094 1762 1253 1812; x_wconf 85' lang='lat' dir='ltr'><strong>doctissimo</strong></span> <span class='ocrx_word' id='word_1_192' title='bbox 1285 1759 1344 1807; x_wconf 76' lang='lat' dir='ltr'><strong>viro</strong></span> 
     </span>
     <span class='ocr_line' id='line_1_20' title="bbox 202 1829 1346 1907; baseline -0.015 -14"><span class='ocrx_word' id='word_1_193' title='bbox 202 1841 341 1907; x_wconf 80' lang='lat' dir='ltr'><strong>Lydorum</strong></span> <span class='ocrx_word' id='word_1_194' title='bbox 374 1839 493 1892; x_wconf 73' lang='lat' dir='ltr'><strong>denariis</strong></span> <span class='ocrx_word' id='word_1_195' title='bbox 526 1843 620 1892; x_wconf 87' lang='lat' dir='ltr'><strong>laudat</strong></span> <span class='ocrx_word' id='word_1_196' title='bbox 651 1843 748 1906; x_wconf 84' lang='lat' dir='ltr'><strong>Heyue</strong></span> <span class='ocrx_word' id='word_1_197' title='bbox 799 1839 906 1898; x_wconf 81' lang='lat' dir='ltr'><strong>Leuke,</strong></span> <span class='ocrx_word' id='word_1_198' title='bbox 930 1835 1043 1900; x_wconf 81' lang='lat' dir='ltr'><strong>rupibus</strong></span> <span class='ocrx_word' id='word_1_199' title='bbox 1066 1835 1181 1883; x_wconf 89' lang='lat' dir='ltr'><strong>incisum</strong></span> <span class='ocrx_word' id='word_1_200' title='bbox 1205 1829 1346 1892; x_wconf 84' lang='lat' dir='ltr'><strong>literisque</strong></span> 
     </span>
     <span class='ocr_line' id='line_1_21' title="bbox 203 1899 1346 1978; baseline -0.015 -16"><span class='ocrx_word' id='word_1_201' title='bbox 203 1911 434 1977; x_wconf 84' lang='lat' dir='ltr'><strong>Opuscc.Acadd.</strong></span> <span class='ocrx_word' id='word_1_202' title='bbox 446 1914 480 1962; x_wconf 91' lang='lat' dir='ltr'><strong>V.</strong></span> <span class='ocrx_word' id='word_1_203' title='bbox 494 1930 521 1978; x_wconf 92' lang='lat' dir='ltr'><strong>p.</strong></span> <span class='ocrx_word' id='word_1_204' title='bbox 537 1913 597 1963; x_wconf 77' lang='lat'><strong>347.</strong></span> <span class='ocrx_word' id='word_1_205' title='bbox 616 1911 749 1962; x_wconf 85' lang='lat' dir='ltr'><strong>Paciaudi</strong></span> <span class='ocrx_word' id='word_1_206' title='bbox 799 1909 915 1957; x_wconf 85' lang='lat' dir='ltr'><strong>vetustis</strong></span> <span class='ocrx_word' id='word_1_207' title='bbox 939 1906 1113 1969; x_wconf 87' lang='lat' dir='ltr'><strong>inscriptum,</strong></span> <span class='ocrx_word' id='word_1_208' title='bbox 1140 1901 1239 1967; x_wconf 88' lang='lat' dir='ltr'><strong>quibus</strong></span> <span class='ocrx_word' id='word_1_209' title='bbox 1256 1899 1346 1948; x_wconf 81' lang='lat' dir='ltr'><strong>Midae</strong></span> 
     </span>
     <span class='ocr_line' id='line_1_22' title="bbox 204 1967 1345 2047; baseline -0.014 -16"><span class='ocrx_word' id='word_1_210' title='bbox 204 1983 385 2031; x_wconf 75' lang='lat' dir='ltr'><strong>Monumeutt.</strong></span> <span class='ocrx_word' id='word_1_211' title='bbox 398 1979 592 2043; x_wconf 77' lang='lat' dir='ltr'><strong>Peloponnll.</strong></span> <span class='ocrx_word' id='word_1_212' title='bbox 604 1999 631 2047; x_wconf 87' lang='lat' dir='ltr'><strong>p.</strong></span> <span class='ocrx_word' id='word_1_213' title='bbox 641 1983 672 2032; x_wconf 89' lang='grc'><strong>51</strong></span> <span class='ocrx_word' id='word_1_214' title='bbox 687 1997 748 2045; x_wconf 87' lang='lat' dir='ltr'><strong>sqq.</strong></span> <span class='ocrx_word' id='word_1_215' title='bbox 800 1979 873 2042; x_wconf 76' lang='lat' dir='ltr'><strong>regis</strong></span> <span class='ocrx_word' id='word_1_216' title='bbox 891 1991 988 2026; x_wconf 89' lang='lat' dir='ltr'><strong>nomen</strong></span> <span class='ocrx_word' id='word_1_217' title='bbox 1000 1974 1134 2024; x_wconf 79' lang='lat' dir='ltr'><strong>contineri</strong></span> <span class='ocrx_word' id='word_1_218' title='bbox 1151 1971 1256 2021; x_wconf 84' lang='lat' dir='ltr'><strong>volunt.</strong></span> <span class='ocrx_word' id='word_1_219' title='bbox 1281 1967 1345 2016; x_wconf 90' lang='lat' dir='ltr'><strong>Vid.</strong></span> 
     </span>
     <span class='ocr_line' id='line_1_23' title="bbox 205 2042 1347 2104; baseline -0.014 -3"><span class='ocrx_word' id='word_1_220' title='bbox 205 2057 233 2100; x_wconf 87' lang='lat' dir='ltr'><strong>et</strong></span> <span class='ocrx_word' id='word_1_221' title='bbox 251 2049 411 2100; x_wconf 84' lang='lat' dir='ltr'><strong>Ramshorn.</strong></span> <span class='ocrx_word' id='word_1_222' title='bbox 433 2048 612 2101; x_wconf 79' lang='lat' dir='ltr'><strong>commentat.</strong></span> <span class='ocrx_word' id='word_1_223' title='bbox 638 2051 671 2100; x_wconf 93' lang='lat' dir='ltr'><strong>de</strong></span> <span class='ocrx_word' id='word_1_224' title='bbox 695 2057 749 2100; x_wconf 86' lang='lat' dir='ltr'><strong>sta·</strong></span> <span class='ocrx_word' id='word_1_225' title='bbox 802 2048 910 2096; x_wconf 87' lang='lat' dir='ltr'><strong>Osann:</strong></span> <span class='ocrx_word' id='word_1_226' title='bbox 928 2047 1018 2095; x_wconf 84' lang='lat' dir='ltr'><strong>Midas</strong></span> <span class='ocrx_word' id='word_1_227' title='bbox 1035 2044 1101 2094; x_wconf 91' lang='lat' dir='ltr'><strong>oder</strong></span> <span class='ocrx_word' id='word_1_228' title='bbox 1118 2042 1347 2104; x_wconf 79' lang='lat' dir='ltr'><strong>Erkliirungsrer-</strong></span> 
     </span>
    </p>
   </div>
   <div class='ocr_carea' id='block_1_4' title="bbox 205 2117 757 2807">
    <p class='ocr_par' dir='ltr' id='par_1_5' title="bbox 205 2117 754 2738">
     <span class='ocr_line' id='line_1_24' title="bbox 205 2117 750 2169; baseline 0 -1"><span class='ocrx_word' id='word_1_229' title='bbox 205 2126 315 2169; x_wconf 84' lang='lat' dir='ltr'><strong>tuarum</strong></span> <span class='ocrx_word' id='word_1_230' title='bbox 342 2117 480 2168; x_wconf 83' lang='lat' dir='ltr'><strong>multitud.</strong></span> <span class='ocrx_word' id='word_1_231' title='bbox 509 2123 536 2166; x_wconf 88' lang='lat' dir='ltr'><strong>et</strong></span> <span class='ocrx_word' id='word_1_232' title='bbox 567 2121 600 2169; x_wconf 91' lang='lat' dir='ltr'><strong>de</strong></span> <span class='ocrx_word' id='word_1_233' title='bbox 629 2121 750 2169; x_wconf 79' lang='lat' dir='ltr'><strong>donariis</strong></span> 
     </span>
     <span class='ocr_line' id='line_1_25' title="bbox 206 2187 749 2254; baseline 0.004 -16"><span class='ocrx_word' id='word_1_234' title='bbox 206 2188 306 2252; x_wconf 90' lang='lat' dir='ltr'><strong>Delph.</strong></span> <span class='ocrx_word' id='word_1_235' title='bbox 323 2187 485 2251; x_wconf 80' lang='lat' dir='ltr'><strong>Altenburg.</strong></span> <span class='ocrx_word' id='word_1_236' title='bbox 505 2187 581 2237; x_wconf 75' lang='lat'><strong>1814.</strong></span> <span class='ocrx_word' id='word_1_237' title='bbox 599 2205 626 2252; x_wconf 93' lang='lat' dir='ltr'><strong>p.</strong></span> <span class='ocrx_word' id='word_1_238' title='bbox 645 2191 678 2238; x_wconf 89' lang='grc'><strong>22</strong></span> <span class='ocrx_word' id='word_1_239' title='bbox 690 2205 749 2254; x_wconf 89' lang='lat' dir='ltr'><strong>sqq.</strong></span> 
     </span>
     <span class='ocr_line' id='line_1_26' title="bbox 206 2255 752 2322; baseline -0.002 -14"><span class='ocrx_word' id='word_1_240' title='bbox 206 2259 322 2322; x_wconf 87' lang='lat' dir='ltr'><strong>Propter</strong></span> <span class='ocrx_word' id='word_1_241' title='bbox 346 2256 413 2305; x_wconf 88' lang='lat' dir='ltr'><strong>hsec</strong></span> <span class='ocrx_word' id='word_1_242' title='bbox 427 2261 488 2304; x_wconf 75' lang='lat' dir='ltr'><strong>&#39;ium</strong></span> <span class='ocrx_word' id='word_1_243' title='bbox 510 2255 651 2319; x_wconf 75' lang='lat' dir='ltr'><strong>splendide</strong></span> <span class='ocrx_word' id='word_1_244' title='bbox 669 2259 752 2309; x_wconf 84' lang='lat' dir='ltr'><strong>dons-</strong></span> 
     </span>
     <span class='ocr_line' id='line_1_27' title="bbox 208 2323 752 2388; baseline 0.004 -13"><span class='ocrx_word' id='word_1_245' title='bbox 208 2327 250 2376; x_wconf 86' lang='lat' dir='ltr'><strong>rie</strong></span> <span class='ocrx_word' id='word_1_246' title='bbox 267 2341 322 2375; x_wconf 90' lang='lat' dir='ltr'><strong>uon</strong></span> <span class='ocrx_word' id='word_1_247' title='bbox 337 2327 434 2374; x_wconf 88' lang='lat' dir='ltr'><strong>mirum</strong></span> <span class='ocrx_word' id='word_1_248' title='bbox 453 2329 496 2374; x_wconf 89' lang='lat' dir='ltr'><strong>est</strong></span> <span class='ocrx_word' id='word_1_249' title='bbox 515 2323 619 2388; x_wconf 83' lang='lat' dir='ltr'><strong>Gygem</strong></span> <span class='ocrx_word' id='word_1_250' title='bbox 641 2328 676 2376; x_wconf 82' lang='lat' dir='ltr'><strong>ad</strong></span> <span class='ocrx_word' id='word_1_251' title='bbox 693 2335 752 2377; x_wconf 87' lang='lat' dir='ltr'><strong>tan-</strong></span> 
     </span>
     <span class='ocr_line' id='line_1_28' title="bbox 207 2394 753 2460; baseline -0.007 -15"><span class='ocrx_word' id='word_1_252' title='bbox 207 2401 265 2445; x_wconf 82' lang='lat' dir='ltr'><strong>tsm</strong></span> <span class='ocrx_word' id='word_1_253' title='bbox 300 2395 485 2444; x_wconf 68' lang='lat' dir='ltr'><strong>celebritatem</strong></span> <span class='ocrx_word' id='word_1_254' title='bbox 518 2394 688 2460; x_wconf 79' lang='lat' dir='ltr'><strong>pervenisse,</strong></span> <span class='ocrx_word' id='word_1_255' title='bbox 722 2402 753 2447; x_wconf 83' lang='lat' dir='ltr'><strong>ut</strong></span> 
     </span>
     <span class='ocr_line' id='line_1_29' title="bbox 209 2463 752 2528; baseline -0.015 -14"><span class='ocrx_word' id='word_1_256' title='bbox 209 2466 267 2516; x_wconf 88' lang='lat' dir='ltr'><strong>eius</strong></span> <span class='ocrx_word' id='word_1_257' title='bbox 287 2465 400 2514; x_wconf 84' lang='lat' dir='ltr'><strong>divitiae</strong></span> <span class='ocrx_word' id='word_1_258' title='bbox 418 2464 490 2528; x_wconf 80' lang='lat' dir='ltr'><strong>spud</strong></span> <span class='ocrx_word' id='word_1_259' title='bbox 507 2463 627 2513; x_wconf 84' lang='lat' dir='ltr'><strong>Graecos</strong></span> <span class='ocrx_word' id='word_1_260' title='bbox 645 2463 673 2510; x_wconf 91' lang='lat' dir='ltr'><strong>in</strong></span> <span class='ocrx_word' id='word_1_261' title='bbox 693 2481 752 2528; x_wconf 83' lang='lat' dir='ltr'><strong>pro.</strong></span> 
     </span>
     <span class='ocr_line' id='line_1_30' title="bbox 208 2531 754 2584; baseline 0 0"><span class='ocrx_word' id='word_1_262' title='bbox 208 2535 332 2584; x_wconf 82' lang='lat' dir='ltr'><strong>verbium</strong></span> <span class='ocrx_word' id='word_1_263' title='bbox 345 2535 470 2583; x_wconf 89' lang='lat' dir='ltr'><strong>abierint.</strong></span> <span class='ocrx_word' id='word_1_264' title='bbox 494 2533 567 2581; x_wconf 86' lang='lat' dir='ltr'><strong>Hinc</strong></span> <span class='ocrx_word' id='word_1_265' title='bbox 579 2531 754 2584; x_wconf 79' lang='lat' dir='ltr'><strong>Archilochus</strong></span> 
     </span>
     <span class='ocr_line' id='line_1_31' title="bbox 209 2601 753 2668; baseline -0.002 -15"><span class='ocrx_word' id='word_1_266' title='bbox 209 2605 347 2654; x_wconf 82' lang='lat' dir='ltr'><strong>cecinerat</strong></span> <span class='ocrx_word' id='word_1_267' title='bbox 365 2603 432 2668; x_wconf 83' lang='lat' dir='ltr'><strong>(vid.</strong></span> <span class='ocrx_word' id='word_1_268' title='bbox 450 2603 540 2653; x_wconf 88' lang='lat' dir='ltr'><strong>locum</strong></span> <span class='ocrx_word' id='word_1_269' title='bbox 557 2601 631 2651; x_wconf 84' lang='lat' dir='ltr'><strong>laud.</strong></span> <span class='ocrx_word' id='word_1_270' title='bbox 647 2601 681 2651; x_wconf 84' lang='lat' dir='ltr'><strong>ad</strong></span> <span class='ocrx_word' id='word_1_271' title='bbox 694 2617 753 2667; x_wconf 92' lang='lat' dir='ltr'><strong>cap.</strong></span> 
     </span>
     <span class='ocr_line' id='line_1_32' title="bbox 210 2674 338 2738; baseline 0 -16"><span class='ocrx_word' id='word_1_272' title='bbox 210 2675 243 2724; x_wconf 84' lang='lat'><strong>12</strong></span> <span class='ocrx_word' id='word_1_273' title='bbox 261 2674 338 2738; x_wconf 84' lang='lat' dir='ltr'><strong>fiu.):</strong></span> 
     </span>
    </p>

    <p class='ocr_par' dir='ltr' id='par_1_6' title="bbox 246 2731 757 2807">
     <span class='ocr_line' id='line_1_33' title="bbox 246 2731 757 2807; baseline -0.004 -17"><span class='ocrx_word' id='word_1_274' title='bbox 246 2735 347 2807; x_wconf 73' lang='lat' dir='ltr'><strong>osipus</strong></span> <span class='ocrx_word' id='word_1_275' title='bbox 367 2733 401 2790; x_wconf 82' lang='grc' dir='ltr'><strong>τὰ</strong></span> <span class='ocrx_word' id='word_1_276' title='bbox 417 2732 517 2806; x_wconf 74' lang='grc' dir='ltr'><strong><em>Γύγεω</em></strong></span> <span class='ocrx_word' id='word_1_277' title='bbox 541 2736 593 2790; x_wconf 81' lang='grc' dir='ltr'><strong>τοῦ</strong></span> <span class='ocrx_word' id='word_1_278' title='bbox 615 2731 757 2806; x_wconf 72' lang='grc' dir='ltr'><strong><em>πολυχρύ-</em></strong></span> 
     </span>
    </p>
   </div>
   <div class='ocr_carea' id='block_1_5' title="bbox 802 2108 1351 2803">
    <p class='ocr_par' dir='ltr' id='par_1_7' title="bbox 802 2108 1351 2803">
     <span class='ocr_line' id='line_1_34' title="bbox 803 2108 1346 2180; baseline -0.015 -15"><span class='ocrx_word' id='word_1_279' title='bbox 803 2117 870 2165; x_wconf 87' lang='lat' dir='ltr'><strong>sucb</strong></span> <span class='ocrx_word' id='word_1_280' title='bbox 882 2121 934 2166; x_wconf 87' lang='lat' dir='ltr'><strong>etc.</strong></span> <span class='ocrx_word' id='word_1_281' title='bbox 946 2115 1033 2180; x_wconf 83' lang='lat' dir='ltr'><strong>(Lips.</strong></span> <span class='ocrx_word' id='word_1_282' title='bbox 1045 2111 1247 2164; x_wconf 82' lang='lat' dir='ltr'><strong>etDsrmstadt.</strong></span> <span class='ocrx_word' id='word_1_283' title='bbox 1256 2108 1346 2172; x_wconf 86' lang='grc'>1830),</span> 
     </span>
     <span class='ocr_line' id='line_1_35' title="bbox 803 2182 1347 2251; baseline -0.02 -15"><span class='ocrx_word' id='word_1_284' title='bbox 803 2187 850 2251; x_wconf 88' lang='lat' dir='ltr'><strong>qui</strong></span> <span class='ocrx_word' id='word_1_285' title='bbox 872 2187 923 2235; x_wconf 91' lang='lat' dir='ltr'><strong>boc</strong></span> <span class='ocrx_word' id='word_1_286' title='bbox 942 2190 1145 2240; x_wconf 81' lang='lat' dir='ltr'><strong>monumentum</strong></span> <span class='ocrx_word' id='word_1_287' title='bbox 1165 2182 1275 2246; x_wconf 84' lang='lat' dir='ltr'><strong>copiose</strong></span> <span class='ocrx_word' id='word_1_288' title='bbox 1292 2183 1347 2226; x_wconf 87' lang='lat' dir='ltr'><strong>tra-</strong></span> 
     </span>
     <span class='ocr_line' id='line_1_36' title="bbox 804 2248 1348 2321; baseline -0.02 -15"><span class='ocrx_word' id='word_1_289' title='bbox 804 2261 875 2318; x_wconf 86' lang='lat' dir='ltr'><strong>ctat,</strong></span> <span class='ocrx_word' id='word_1_290' title='bbox 894 2256 966 2321; x_wconf 89' lang='lat' dir='ltr'><strong>quod</strong></span> <span class='ocrx_word' id='word_1_291' title='bbox 978 2255 1048 2304; x_wconf 87' lang='lat' dir='ltr'><strong>idem</strong></span> <span class='ocrx_word' id='word_1_292' title='bbox 1060 2253 1239 2304; x_wconf 86' lang='lat' dir='ltr'><strong>exhibuerunt</strong></span> <span class='ocrx_word' id='word_1_293' title='bbox 1248 2248 1348 2298; x_wconf 84' lang='lat' dir='ltr'><strong>Texier</strong></span> 
     </span>
     <span class='ocr_line' id='line_1_37' title="bbox 802 2319 1347 2391; baseline -0.017 -15"><span class='ocrx_word' id='word_1_294' title='bbox 802 2327 939 2391; x_wconf 90' lang='lat' dir='ltr'><strong>Descript.</strong></span> <span class='ocrx_word' id='word_1_295' title='bbox 967 2325 1000 2375; x_wconf 91' lang='lat' dir='ltr'><strong>de</strong></span> <span class='ocrx_word' id='word_1_296' title='bbox 1022 2325 1108 2374; x_wconf 81' lang='lat' dir='ltr'><strong>l&#39;Asie</strong></span> <span class='ocrx_word' id='word_1_297' title='bbox 1129 2324 1250 2372; x_wconf 87' lang='lat' dir='ltr'><strong>mineure</strong></span> <span class='ocrx_word' id='word_1_298' title='bbox 1274 2319 1298 2369; x_wconf 93' lang='lat' dir='ltr'><strong>I.</strong></span> <span class='ocrx_word' id='word_1_299' title='bbox 1320 2333 1347 2382; x_wconf 93' lang='lat' dir='ltr'><strong>p.</strong></span> 
     </span>
     <span class='ocr_line' id='line_1_38' title="bbox 805 2387 1351 2454; baseline -0.022 -7"><span class='ocrx_word' id='word_1_300' title='bbox 805 2397 914 2447; x_wconf 77' lang='lat'><strong>1541’1.</strong></span> <span class='ocrx_word' id='word_1_301' title='bbox 933 2396 966 2446; x_wconf 83' lang='grc'><strong>53</strong></span> <span class='ocrx_word' id='word_1_302' title='bbox 985 2399 1012 2444; x_wconf 88' lang='lat' dir='ltr'><strong>et</strong></span> <span class='ocrx_word' id='word_1_303' title='bbox 1030 2395 1148 2446; x_wconf 82' lang='lat' dir='ltr'><strong>Stewart</strong></span> <span class='ocrx_word' id='word_1_304' title='bbox 1163 2391 1300 2454; x_wconf 88' lang='lat' dir='ltr'><strong>Descript.</strong></span> <span class='ocrx_word' id='word_1_305' title='bbox 1320 2387 1351 2436; x_wconf 84' lang='lat' dir='ltr'><strong>oi</strong></span> 
     </span>
     <span class='ocr_line' id='line_1_39' title="bbox 804 2460 1349 2516; baseline -0.02 0"><span class='ocrx_word' id='word_1_306' title='bbox 804 2481 878 2516; x_wconf 89' lang='lat' dir='ltr'><strong>some</strong></span> <span class='ocrx_word' id='word_1_307' title='bbox 897 2467 1007 2516; x_wconf 75' lang='lat' dir='ltr'><strong>ancient</strong></span> <span class='ocrx_word' id='word_1_308' title='bbox 1035 2467 1204 2514; x_wconf 88' lang='lat' dir='ltr'><strong>monuments</strong></span> <span class='ocrx_word' id='word_1_309' title='bbox 1221 2460 1288 2509; x_wconf 81' lang='lat' dir='ltr'><strong>with</strong></span> <span class='ocrx_word' id='word_1_310' title='bbox 1308 2460 1349 2506; x_wconf 89' lang='lat' dir='ltr'><strong>in·</strong></span> 
     </span>
     <span class='ocr_line' id='line_1_40' title="bbox 806 2529 1348 2601; baseline -0.011 -17"><span class='ocrx_word' id='word_1_311' title='bbox 806 2535 1077 2601; x_wconf 73' lang='lat' dir='ltr'><strong>scrippt.etc.184?.</strong></span> <span class='ocrx_word' id='word_1_312' title='bbox 1106 2534 1227 2584; x_wconf 83' lang='lat' dir='ltr'><strong>Alterum</strong></span> <span class='ocrx_word' id='word_1_313' title='bbox 1244 2529 1348 2590; x_wconf 75' lang='grc' dir='ltr'><strong><em>Μίδαι,</em></strong></span> 
     </span>
     <span class='ocr_line' id='line_1_41' title="bbox 805 2601 1348 2670; baseline -0.017 -15"><span class='ocrx_word' id='word_1_314' title='bbox 805 2607 851 2669; x_wconf 90' lang='lat' dir='ltr'><strong>qui</strong></span> <span class='ocrx_word' id='word_1_315' title='bbox 869 2606 970 2655; x_wconf 87' lang='lat' dir='ltr'><strong>taurini</strong></span> <span class='ocrx_word' id='word_1_316' title='bbox 987 2605 1128 2670; x_wconf 78' lang='lat' dir='ltr'><strong>sanguinis</strong></span> <span class='ocrx_word' id='word_1_317' title='bbox 1146 2604 1246 2652; x_wconf 88' lang='lat' dir='ltr'><strong>haustu</strong></span> <span class='ocrx_word' id='word_1_318' title='bbox 1263 2601 1348 2648; x_wconf 78' lang='lat' dir='ltr'><strong>vitam</strong></span> 
     </span>
     <span class='ocr_line' id='line_1_42' title="bbox 806 2667 1349 2739; baseline -0.009 -17"><span class='ocrx_word' id='word_1_319' title='bbox 806 2675 902 2738; x_wconf 83' lang='lat' dir='ltr'><strong>finivit,</strong></span> <span class='ocrx_word' id='word_1_320' title='bbox 912 2675 1048 2725; x_wconf 85' lang='lat' dir='ltr'><strong>Eusebius</strong></span> <span class='ocrx_word' id='word_1_321' title='bbox 1058 2667 1349 2739; x_wconf 79' lang='lat' dir='ltr'><strong>ponitOlymp.ilX11‚</strong></span> 
     </span>
     <span class='ocr_line' id='line_1_43' title="bbox 807 2743 1349 2803; baseline -0.007 -13"><span class='ocrx_word' id='word_1_322' title='bbox 807 2745 822 2790; x_wconf 89' lang='grc'><strong><em>2</em></strong></span> <span class='ocrx_word' id='word_1_323' title='bbox 835 2745 892 2795; x_wconf 85' lang='lat' dir='ltr'><strong>sive</strong></span> <span class='ocrx_word' id='word_1_324' title='bbox 903 2761 973 2794; x_wconf 88' lang='lat' dir='ltr'><strong>auno</strong></span> <span class='ocrx_word' id='word_1_325' title='bbox 986 2743 1039 2795; x_wconf 78' lang='lat'><strong>695</strong></span> <span class='ocrx_word' id='word_1_326' title='bbox 1051 2749 1115 2793; x_wconf 86' lang='lat' dir='ltr'><strong>ante</strong></span> <span class='ocrx_word' id='word_1_327' title='bbox 1128 2743 1191 2793; x_wconf 84' lang='lat' dir='ltr'><strong>Chr.</strong></span> <span class='ocrx_word' id='word_1_328' title='bbox 1204 2757 1245 2791; x_wconf 70' lang='grc' dir='ltr'><strong>ιιι</strong></span> <span class='ocrx_word' id='word_1_329' title='bbox 1267 2755 1284 2789; x_wconf 93' lang='lat' dir='ltr'><strong>a</strong></span> <span class='ocrx_word' id='word_1_330' title='bbox 1296 2751 1349 2803; x_wconf 92' lang='lat' dir='ltr'><strong>quo</strong></span> 
     </span>
    </p>
   </div>
   <div class='ocr_carea' id='block_1_6' title="bbox 209 2808 757 3084">
    <p class='ocr_par' dir='ltr' id='par_1_8' title="bbox 209 2808 757 3084">
     <span class='ocr_line' id='line_1_44' title="bbox 418 2808 572 2875; baseline 0.006 -16"><span class='ocrx_word' id='word_1_331' title='bbox 418 2824 470 2860; x_wconf 85' lang='grc' dir='ltr'><strong>σου</strong></span> <span class='ocrx_word' id='word_1_332' title='bbox 489 2808 572 2875; x_wconf 79' lang='grc' dir='ltr'><strong><em>μέλει.</em></strong></span> 
     </span>
     <span class='ocr_line' id='line_1_45' title="bbox 210 2881 757 2946; baseline -0.005 -14"><span class='ocrx_word' id='word_1_333' title='bbox 210 2881 289 2946; x_wconf 86' lang='lat' dir='ltr'><strong>Quod</strong></span> <span class='ocrx_word' id='word_1_334' title='bbox 306 2881 439 2946; x_wconf 82' lang='lat' dir='ltr'><strong>expressit</strong></span> <span class='ocrx_word' id='word_1_335' title='bbox 453 2881 644 2931; x_wconf 77' lang='lat' dir='ltr'><strong>Anacreontici</strong></span> <span class='ocrx_word' id='word_1_336' title='bbox 662 2881 757 2932; x_wconf 88' lang='lat' dir='ltr'><strong>carmi-</strong></span> 
     </span>
     <span class='ocr_line' id='line_1_46' title="bbox 209 2951 524 3013; baseline -0.01 -11"><span class='ocrx_word' id='word_1_337' title='bbox 209 2953 251 3002; x_wconf 90' lang='lat' dir='ltr'><strong>uis</strong></span> <span class='ocrx_word' id='word_1_338' title='bbox 270 2955 380 3013; x_wconf 84' lang='lat' dir='ltr'><strong>auctor,</strong></span> <span class='ocrx_word' id='word_1_339' title='bbox 398 2965 439 2999; x_wconf 87' lang='lat' dir='ltr'><strong>ur.</strong></span> <span class='ocrx_word' id='word_1_340' title='bbox 459 2951 524 3000; x_wconf 90' lang='lat' dir='ltr'><strong>XV:</strong></span> 
     </span>
     <span class='ocr_line' id='line_1_47' title="bbox 244 3012 560 3084; baseline -0.006 -14"><span class='ocrx_word' id='word_1_341' title='bbox 244 3012 281 3070; x_wconf 79' lang='grc' dir='ltr'><strong>οδ</strong></span> <span class='ocrx_word' id='word_1_342' title='bbox 300 3033 348 3084; x_wconf 88' lang='grc' dir='ltr'><strong><em>μοι</em></strong></span> <span class='ocrx_word' id='word_1_343' title='bbox 367 3016 442 3082; x_wconf 77' lang='grc' dir='ltr'><strong><em>μέλει</em></strong></span> <span class='ocrx_word' id='word_1_344' title='bbox 463 3012 560 3084; x_wconf 77' lang='grc' dir='ltr'><strong><em>Γίγαο</em></strong></span> 
     </span>
    </p>
   </div>
   <div class='ocr_carea' id='block_1_7' title="bbox 209 2811 1358 4339">
    <p class='ocr_par' dir='ltr' id='par_1_9' title="bbox 209 2811 1358 4339">
     <span class='ocr_line' id='line_1_48' title="bbox 807 2811 1350 2874; baseline -0.006 -14"><span class='ocrx_word' id='word_1_345' title='bbox 807 2811 866 2873; x_wconf 88' lang='lat' dir='ltr'><strong>ipso</strong></span> <span class='ocrx_word' id='word_1_346' title='bbox 891 2814 1015 2866; x_wconf 82' lang='lat' dir='ltr'><strong>diversus</strong></span> <span class='ocrx_word' id='word_1_347' title='bbox 1038 2813 1084 2864; x_wconf 91' lang='lat' dir='ltr'><strong>ille</strong></span> <span class='ocrx_word' id='word_1_348' title='bbox 1106 2813 1210 2873; x_wconf 81' lang='lat' dir='ltr'><strong>Midas,</strong></span> <span class='ocrx_word' id='word_1_349' title='bbox 1241 2811 1274 2860; x_wconf 91' lang='lat' dir='ltr'><strong>de</strong></span> <span class='ocrx_word' id='word_1_350' title='bbox 1297 2821 1350 2874; x_wconf 89' lang='lat' dir='ltr'><strong>quo</strong></span> 
     </span>
     <span class='ocr_line' id='line_1_49' title="bbox 807 2879 1350 2946; baseline 0 -19"><span class='ocrx_word' id='word_1_351' title='bbox 807 2879 961 2933; x_wconf 85' lang='lat' dir='ltr'><strong>Herodotus</strong></span> <span class='ocrx_word' id='word_1_352' title='bbox 985 2884 1012 2946; x_wconf 94' lang='grc' dir='ltr'>Ι,</span> <span class='ocrx_word' id='word_1_353' title='bbox 1032 2883 1074 2935; x_wconf 89' lang='grc'><strong>35.</strong></span> <span class='ocrx_word' id='word_1_354' title='bbox 1099 2885 1142 2933; x_wconf 79' lang='grc'><strong>45.</strong></span> <span class='ocrx_word' id='word_1_355' title='bbox 1178 2882 1220 2931; x_wconf 81' lang='lat' dir='ltr'><strong>Ad</strong></span> <span class='ocrx_word' id='word_1_356' title='bbox 1243 2879 1350 2930; x_wconf 81' lang='lat' dir='ltr'><strong>fabulo-</strong></span> 
     </span>
     <span class='ocr_line' id='line_1_50' title="bbox 807 2947 1351 3018; baseline -0.004 -21"><span class='ocrx_word' id='word_1_357' title='bbox 807 2964 867 2998; x_wconf 89' lang='lat' dir='ltr'><strong>sum</strong></span> <span class='ocrx_word' id='word_1_358' title='bbox 881 2949 976 3002; x_wconf 81' lang='lat' dir='ltr'><strong>Midum</strong></span> <span class='ocrx_word' id='word_1_359' title='bbox 989 2953 1165 3018; x_wconf 87' lang='lat' dir='ltr'><strong>pertinebunt</strong></span> <span class='ocrx_word' id='word_1_360' title='bbox 1177 2951 1268 3003; x_wconf 78' lang='lat' dir='ltr'><strong>Midae</strong></span> <span class='ocrx_word' id='word_1_361' title='bbox 1280 2947 1351 2998; x_wconf 90' lang='lat' dir='ltr'><strong>horti</strong></span> 
     </span>
     <span class='ocr_line' id='line_1_51' title="bbox 286 3019 1350 3102; baseline 0 -35"><span class='ocrx_word' id='word_1_362' title='bbox 286 3087 297 3098; x_wconf 88' lang='lat'><strong>.</strong></span> <span class='ocrx_word' id='word_1_363' title='bbox 477 3079 490 3102; x_wconf 46' lang='lat' dir='ltr'><em>u</em></span> <span class='ocrx_word' id='word_1_364' title='bbox 808 3019 836 3068; x_wconf 90' lang='lat' dir='ltr'><strong>iu</strong></span> <span class='ocrx_word' id='word_1_365' title='bbox 854 3019 1014 3072; x_wconf 83' lang='lat' dir='ltr'><strong>Macedonia</strong></span> <span class='ocrx_word' id='word_1_366' title='bbox 1037 3023 1109 3088; x_wconf 90' lang='lat' dir='ltr'><strong>apud</strong></span> <span class='ocrx_word' id='word_1_367' title='bbox 1126 3023 1255 3072; x_wconf 82' lang='lat' dir='ltr'><strong>Nostrum</strong></span> <span class='ocrx_word' id='word_1_368' title='bbox 1272 3019 1350 3077; x_wconf 82' lang='lat' dir='ltr'><strong>vni,</strong></span> 
     </span>
     <span class='ocr_line' id='line_1_52' title="bbox 245 3084 1350 3151; baseline -0.002 -13"><span class='ocrx_word' id='word_1_369' title='bbox 245 3103 297 3138; x_wconf 84' lang='grc' dir='ltr'><strong>τον</strong></span> <span class='ocrx_word' id='word_1_370' title='bbox 317 3084 455 3151; x_wconf 81' lang='grc' dir='ltr'><strong><em>Σαρδίων</em></strong></span> <span class='ocrx_word' id='word_1_371' title='bbox 472 3103 603 3148; x_wconf 84' lang='grc' dir='ltr'><strong><em>ανακτος.</em></strong></span> <span class='ocrx_word' id='word_1_372' title='bbox 809 3088 859 3140; x_wconf 91' lang='grc'><strong>138</strong></span> <span class='ocrx_word' id='word_1_373' title='bbox 873 3089 921 3138; x_wconf 91' lang='lat' dir='ltr'><strong>ubi</strong></span> <span class='ocrx_word' id='word_1_374' title='bbox 938 3089 994 3139; x_wconf 87' lang='lat' dir='ltr'><strong>vid.</strong></span> <span class='ocrx_word' id='word_1_375' title='bbox 1013 3098 1081 3142; x_wconf 82' lang='lat' dir='ltr'><strong>nott.</strong></span> <span class='ocrx_word' id='word_1_376' title='bbox 1110 3093 1152 3142; x_wconf 88' lang='lat' dir='ltr'><strong>Tu</strong></span> <span class='ocrx_word' id='word_1_377' title='bbox 1166 3091 1228 3140; x_wconf 84' lang='lat' dir='ltr'><strong>vide</strong></span> <span class='ocrx_word' id='word_1_378' title='bbox 1242 3090 1350 3140; x_wconf 89' lang='lat' dir='ltr'><strong>omnino</strong></span> 
     </span>
     <span class='ocr_line' id='line_1_53' title="bbox 210 3153 1350 3228; baseline -0.003 -18"><span class='ocrx_word' id='word_1_379' title='bbox 210 3159 283 3210; x_wconf 83' lang='lat' dir='ltr'><strong>Hinc</strong></span> <span class='ocrx_word' id='word_1_380' title='bbox 295 3157 449 3208; x_wconf 85' lang='lat' dir='ltr'><strong>celebratur</strong></span> <span class='ocrx_word' id='word_1_381' title='bbox 461 3159 544 3224; x_wconf 81' lang='lat' dir='ltr'><strong>vulgo</strong></span> <span class='ocrx_word' id='word_1_382' title='bbox 555 3153 653 3224; x_wconf 77' lang='grc' dir='ltr'><strong><em>Γύγου</em></strong></span> <span class='ocrx_word' id='word_1_383' title='bbox 671 3155 756 3209; x_wconf 80' lang='grc' dir='ltr'><strong>πίοῦ-</strong></span> <span class='ocrx_word' id='word_1_384' title='bbox 808 3157 910 3208; x_wconf 87' lang='lat' dir='ltr'><strong>Osann.</strong></span> <span class='ocrx_word' id='word_1_385' title='bbox 938 3158 956 3206; x_wconf 93' lang='lat' dir='ltr'><strong>l.</strong></span> <span class='ocrx_word' id='word_1_386' title='bbox 980 3159 998 3208; x_wconf 94' lang='lat' dir='ltr'><strong>l.</strong></span> <span class='ocrx_word' id='word_1_387' title='bbox 1022 3173 1049 3224; x_wconf 91' lang='lat' dir='ltr'><strong>p.</strong></span> <span class='ocrx_word' id='word_1_388' title='bbox 1069 3162 1102 3212; x_wconf 82' lang='grc'><strong>38</strong></span> <span class='ocrx_word' id='word_1_389' title='bbox 1121 3177 1196 3228; x_wconf 86' lang='lat' dir='ltr'><strong>seqq.</strong></span> <span class='ocrx_word' id='word_1_390' title='bbox 1223 3161 1256 3211; x_wconf 86' lang='lat' dir='ltr'><strong>b&#39;l</strong></span> <span class='ocrx_word' id='word_1_391' title='bbox 1274 3173 1350 3223; x_wconf 85' lang='lat' dir='ltr'><strong>seqq.</strong></span> 
     </span>
     <span class='ocr_line' id='line_1_54' title="bbox 209 3227 1350 3296; baseline 0 -20"><span class='ocrx_word' id='word_1_392' title='bbox 209 3241 259 3285; x_wconf 83' lang='grc' dir='ltr'><strong>τος</strong></span> <span class='ocrx_word' id='word_1_393' title='bbox 282 3243 337 3277; x_wconf 94' lang='lat' dir='ltr'><strong>non</strong></span> <span class='ocrx_word' id='word_1_394' title='bbox 359 3228 447 3277; x_wconf 85' lang='lat' dir='ltr'><strong>miuus</strong></span> <span class='ocrx_word' id='word_1_395' title='bbox 470 3235 552 3294; x_wconf 81' lang='lat' dir='ltr'><strong>utque</strong></span> <span class='ocrx_word' id='word_1_396' title='bbox 573 3230 666 3280; x_wconf 84' lang='lat' dir='ltr'><strong>Croesi</strong></span> <span class='ocrx_word' id='word_1_397' title='bbox 692 3243 757 3296; x_wconf 89' lang='lat' dir='ltr'><strong>opu·</strong></span> <span class='ocrx_word' id='word_1_398' title='bbox 808 3227 918 3277; x_wconf 88' lang='lat' dir='ltr'><strong>Clinton</strong></span> <span class='ocrx_word' id='word_1_399' title='bbox 936 3227 1012 3277; x_wconf 79' lang='lat' dir='ltr'><strong>Fast.</strong></span> <span class='ocrx_word' id='word_1_400' title='bbox 1039 3229 1111 3278; x_wconf 82' lang='lat' dir='ltr'><strong>Heli.</strong></span> <span class='ocrx_word' id='word_1_401' title='bbox 1128 3232 1150 3282; x_wconf 91' lang='grc' dir='ltr'>Ι,</span> <span class='ocrx_word' id='word_1_402' title='bbox 1170 3248 1196 3296; x_wconf 87' lang='lat' dir='ltr'><strong>p.</strong></span> <span class='ocrx_word' id='word_1_403' title='bbox 1222 3229 1273 3282; x_wconf 74' lang='grc'><strong>345</strong></span> <span class='ocrx_word' id='word_1_404' title='bbox 1293 3243 1350 3292; x_wconf 85' lang='lat' dir='ltr'><strong>seq.</strong></span> 
     </span>
     <span class='ocr_line' id='line_1_55' title="bbox 211 3297 1351 3366; baseline 0.002 -20"><span class='ocrx_word' id='word_1_405' title='bbox 211 3297 311 3360; x_wconf 84' lang='lat' dir='ltr'><strong>lentis,</strong></span> <span class='ocrx_word' id='word_1_406' title='bbox 330 3311 446 3362; x_wconf 89' lang='lat' dir='ltr'><strong>quocum</strong></span> <span class='ocrx_word' id='word_1_407' title='bbox 464 3299 523 3363; x_wconf 91' lang='lat' dir='ltr'><strong>ipse</strong></span> <span class='ocrx_word' id='word_1_408' title='bbox 542 3299 632 3366; x_wconf 78' lang='lat' dir='ltr'><strong>Gyges</strong></span> <span class='ocrx_word' id='word_1_409' title='bbox 653 3301 756 3364; x_wconf 83' lang='lat' dir='ltr'><strong>passim</strong></span> <span class='ocrx_word' id='word_1_410' title='bbox 808 3299 965 3364; x_wconf 86' lang='lat' dir='ltr'><strong>Boettigero</strong></span> <span class='ocrx_word' id='word_1_411' title='bbox 986 3297 1054 3362; x_wconf 77' lang='lat' dir='ltr'><strong>(hit.</strong></span> <span class='ocrx_word' id='word_1_412' title='bbox 1067 3299 1139 3348; x_wconf 86' lang='lat' dir='ltr'><strong>Mus.</strong></span> <span class='ocrx_word' id='word_1_413' title='bbox 1154 3301 1176 3363; x_wconf 86' lang='lat'><strong>1,</strong></span> <span class='ocrx_word' id='word_1_414' title='bbox 1194 3303 1220 3350; x_wconf 92' lang='grc'><strong>2.</strong></span> <span class='ocrx_word' id='word_1_415' title='bbox 1239 3315 1267 3364; x_wconf 89' lang='lat' dir='ltr'><strong>p.</strong></span> <span class='ocrx_word' id='word_1_416' title='bbox 1279 3299 1351 3362; x_wconf 85' lang='grc'>354),</span> 
     </span>
     <span class='ocr_line' id='line_1_56' title="bbox 210 3365 1351 3434; baseline 0.001 -18"><span class='ocrx_word' id='word_1_417' title='bbox 210 3365 342 3434; x_wconf 78' lang='lat' dir='ltr'><strong>iungitur.</strong></span> <span class='ocrx_word' id='word_1_418' title='bbox 385 3366 680 3433; x_wconf 79' lang='lat' dir='ltr'><strong>vid.quee1andovit</strong></span> <span class='ocrx_word' id='word_1_419' title='bbox 706 3371 755 3420; x_wconf 83' lang='lat' dir='ltr'><strong>Cr.</strong></span> <span class='ocrx_word' id='word_1_420' title='bbox 808 3369 854 3432; x_wconf 90' lang='lat' dir='ltr'><strong>qui</strong></span> <span class='ocrx_word' id='word_1_421' title='bbox 878 3369 969 3418; x_wconf 81' lang='lat' dir='ltr'><strong>Midae</strong></span> <span class='ocrx_word' id='word_1_422' title='bbox 998 3368 1105 3417; x_wconf 88' lang='lat' dir='ltr'><strong>nomine</strong></span> <span class='ocrx_word' id='word_1_423' title='bbox 1132 3384 1213 3432; x_wconf 76' lang='lat' dir='ltr'><strong>repom</strong></span> <span class='ocrx_word' id='word_1_424' title='bbox 1243 3369 1351 3418; x_wconf 90' lang='lat' dir='ltr'><strong>omuino</strong></span> 
     </span>
     <span class='ocr_line' id='line_1_57' title="bbox 211 3434 1353 3504; baseline 0 -18"><span class='ocrx_word' id='word_1_425' title='bbox 211 3437 240 3486; x_wconf 87' lang='lat' dir='ltr'><strong>iu</strong></span> <span class='ocrx_word' id='word_1_426' title='bbox 258 3437 393 3500; x_wconf 78' lang='lat' dir='ltr'><strong>Fragmm.</strong></span> <span class='ocrx_word' id='word_1_427' title='bbox 413 3435 522 3488; x_wconf 90' lang='lat' dir='ltr'><strong>historr.</strong></span> <span class='ocrx_word' id='word_1_428' title='bbox 546 3455 573 3503; x_wconf 92' lang='lat' dir='ltr'><strong>p.</strong></span> <span class='ocrx_word' id='word_1_429' title='bbox 590 3439 702 3504; x_wconf 78' lang='lat' dir='ltr'><strong>203sq.</strong></span> <span class='ocrx_word' id='word_1_430' title='bbox 729 3441 757 3487; x_wconf 87' lang='lat' dir='ltr'><strong>et</strong></span> <span class='ocrx_word' id='word_1_431' title='bbox 807 3437 956 3502; x_wconf 82' lang='lat' dir='ltr'><strong>significari</strong></span> <span class='ocrx_word' id='word_1_432' title='bbox 996 3434 1154 3499; x_wconf 80' lang='lat' dir='ltr'><strong>contendit,</strong></span> <span class='ocrx_word' id='word_1_433' title='bbox 1196 3437 1353 3504; x_wconf 89' lang='lat' dir='ltr'><strong>obloquitur</strong></span> 
     </span>
     <span class='ocr_line' id='line_1_58' title="bbox 210 3505 1094 3570; baseline 0.002 -16"><span class='ocrx_word' id='word_1_434' title='bbox 210 3507 238 3554; x_wconf 90' lang='lat' dir='ltr'><strong>in</strong></span> <span class='ocrx_word' id='word_1_435' title='bbox 252 3505 357 3558; x_wconf 81' lang='lat' dir='ltr'><strong>Melett.</strong></span> <span class='ocrx_word' id='word_1_436' title='bbox 370 3505 392 3554; x_wconf 93' lang='lat'><strong>1.</strong></span> <span class='ocrx_word' id='word_1_437' title='bbox 413 3521 439 3570; x_wconf 91' lang='lat' dir='ltr'><strong>p.</strong></span> <span class='ocrx_word' id='word_1_438' title='bbox 453 3509 485 3558; x_wconf 82' lang='grc'><strong>72</strong></span> <span class='ocrx_word' id='word_1_439' title='bbox 501 3513 558 3557; x_wconf 88' lang='lat' dir='ltr'><strong>not.</strong></span> <span class='ocrx_word' id='word_1_440' title='bbox 574 3509 607 3560; x_wconf 87' lang='grc'><strong>28</strong></span> <span class='ocrx_word' id='word_1_441' title='bbox 621 3507 656 3558; x_wconf 87' lang='lat' dir='ltr'><strong>ad</strong></span> <span class='ocrx_word' id='word_1_442' title='bbox 666 3508 757 3558; x_wconf 87' lang='lat' dir='ltr'><strong>Nonni</strong></span> <span class='ocrx_word' id='word_1_443' title='bbox 808 3507 912 3556; x_wconf 83' lang='lat' dir='ltr'><strong>Osunn.</strong></span> <span class='ocrx_word' id='word_1_444' title='bbox 931 3507 950 3560; x_wconf 92' lang='grc'><strong>1.</strong></span> <span class='ocrx_word' id='word_1_445' title='bbox 968 3506 986 3555; x_wconf 96' lang='lat' dir='ltr'><strong>l.</strong></span> <span class='ocrx_word' id='word_1_446' title='bbox 1004 3523 1031 3570; x_wconf 93' lang='lat' dir='ltr'><strong>p.</strong></span> <span class='ocrx_word' id='word_1_447' title='bbox 1053 3507 1094 3557; x_wconf 79' lang='lat'><strong>17.</strong></span> 
     </span>
     <span class='ocr_line' id='line_1_59' title="bbox 211 3566 1351 3658; baseline 0.002 -34"><span class='ocrx_word' id='word_1_448' title='bbox 211 3579 328 3658; x_wconf 71' lang='lat' dir='ltr'><strong>uurrqt.;</strong></span> <span class='ocrx_word' id='word_1_449' title='bbox 347 3575 393 3640; x_wconf 90' lang='lat' dir='ltr'><strong>qui</strong></span> <span class='ocrx_word' id='word_1_450' title='bbox 410 3591 482 3626; x_wconf 88' lang='lat' dir='ltr'><strong>nuuc</strong></span> <span class='ocrx_word' id='word_1_451' title='bbox 495 3578 572 3626; x_wconf 85' lang='lat' dir='ltr'><strong>addit</strong></span> <span class='ocrx_word' id='word_1_452' title='bbox 584 3579 702 3627; x_wconf 85' lang='lat' dir='ltr'><strong>Dracon.</strong></span> <span class='ocrx_word' id='word_1_453' title='bbox 723 3577 756 3626; x_wconf 91' lang='lat' dir='ltr'><strong>de</strong></span> <span class='ocrx_word' id='word_1_454' title='bbox 842 3568 870 3634; x_wconf 74' lang='grc' dir='ltr'><strong>ἔς</strong></span> <span class='ocrx_word' id='word_1_455' title='bbox 886 3570 937 3624; x_wconf 86' lang='grc' dir='ltr'><strong>τὸν</strong></span> <span class='ocrx_word' id='word_1_456' title='bbox 955 3575 1134 3638; x_wconf 74' lang='grc' dir='ltr'><strong><em>προκατίζων</em></strong></span> <span class='ocrx_word' id='word_1_457' title='bbox 1152 3566 1270 3639; x_wconf 69' lang='grc' dir='ltr'><strong><em>ἐδίκαζε]</em></strong></span> <span class='ocrx_word' id='word_1_458' title='bbox 1292 3577 1310 3624; x_wconf 90' lang='lat' dir='ltr'><strong>i.</strong></span> <span class='ocrx_word' id='word_1_459' title='bbox 1328 3593 1351 3626; x_wconf 90' lang='lat' dir='ltr'><strong>e.</strong></span> 
     </span>
     <span class='ocr_line' id='line_1_60' title="bbox 212 3644 1355 3712; baseline -0.001 -16"><span class='ocrx_word' id='word_1_460' title='bbox 212 3649 305 3693; x_wconf 80' lang='lat' dir='ltr'><strong>metm</strong></span> <span class='ocrx_word' id='word_1_461' title='bbox 320 3659 346 3709; x_wconf 87' lang='lat' dir='ltr'><strong>p.</strong></span> <span class='ocrx_word' id='word_1_462' title='bbox 361 3644 395 3696; x_wconf 86' lang='grc'><strong>33</strong></span> <span class='ocrx_word' id='word_1_463' title='bbox 412 3645 483 3709; x_wconf 86' lang='grc' dir='ltr'><strong><em>(οοΠ.</em></strong></span> <span class='ocrx_word' id='word_1_464' title='bbox 498 3647 557 3710; x_wconf 83' lang='grc'>117)</span> <span class='ocrx_word' id='word_1_465' title='bbox 575 3653 686 3712; x_wconf 83' lang='lat' dir='ltr'><strong>propter</strong></span> <span class='ocrx_word' id='word_1_466' title='bbox 698 3661 756 3696; x_wconf 85' lang='lat' dir='ltr'><strong>ver·</strong></span> <span class='ocrx_word' id='word_1_467' title='bbox 808 3650 852 3711; x_wconf 82' lang='lat' dir='ltr'><strong>„in</strong></span> <span class='ocrx_word' id='word_1_468' title='bbox 864 3663 920 3712; x_wconf 76' lang='lat' dir='ltr'><strong>pua</strong></span> <span class='ocrx_word' id='word_1_469' title='bbox 938 3645 1017 3710; x_wconf 88' lang='lat' dir='ltr'><strong>(sella</strong></span> <span class='ocrx_word' id='word_1_470' title='bbox 1036 3647 1119 3712; x_wconf 86' lang='lat' dir='ltr'><strong>regis)</strong></span> <span class='ocrx_word' id='word_1_471' title='bbox 1145 3646 1299 3710; x_wconf 79' lang='lat' dir='ltr'><strong>praesidens</strong></span> <span class='ocrx_word' id='word_1_472' title='bbox 1315 3648 1355 3695; x_wconf 79' lang='lat' dir='ltr'><strong>ius</strong></span> 
     </span>
     <span class='ocr_line' id='line_1_61' title="bbox 213 3705 1355 3794; baseline -0.001 -32"><span class='ocrx_word' id='word_1_473' title='bbox 213 3713 311 3794; x_wconf 74' lang='lat' dir='ltr'><strong>siculos</strong></span> <span class='ocrx_word' id='word_1_474' title='bbox 333 3713 390 3764; x_wconf 92' lang='lat' dir='ltr'><strong>illic</strong></span> <span class='ocrx_word' id='word_1_475' title='bbox 413 3715 525 3792; x_wconf 66' lang='lat' dir='ltr'><strong>allatop,</strong></span> <span class='ocrx_word' id='word_1_476' title='bbox 551 3715 597 3764; x_wconf 89' lang='lat' dir='ltr'><strong>ubi</strong></span> <span class='ocrx_word' id='word_1_477' title='bbox 623 3716 755 3780; x_wconf 73' lang='lat' dir='ltr'><strong>syllabam</strong></span> <span class='ocrx_word' id='word_1_478' title='bbox 808 3717 893 3766; x_wconf 80' lang='lat' dir='ltr'><strong>dicere</strong></span> <span class='ocrx_word' id='word_1_479' title='bbox 912 3715 1045 3769; x_wconf 84' lang='lat' dir='ltr'><strong>solebat.“</strong></span> <span class='ocrx_word' id='word_1_480' title='bbox 1081 3715 1297 3780; x_wconf 87' lang='lat' dir='ltr'><strong>Praepositionis</strong></span> <span class='ocrx_word' id='word_1_481' title='bbox 1328 3705 1355 3770; x_wconf 71' lang='grc' dir='ltr'><strong>ἐς</strong></span> 
     </span>
     <span class='ocr_line' id='line_1_62' title="bbox 212 3783 1355 3852; baseline 0.001 -21"><span class='ocrx_word' id='word_1_482' title='bbox 212 3797 327 3848; x_wconf 77' lang='lat' dir='ltr'><strong>priorem</strong></span> <span class='ocrx_word' id='word_1_483' title='bbox 339 3784 367 3834; x_wconf 89' lang='lat' dir='ltr'><strong>in</strong></span> <span class='ocrx_word' id='word_1_484' title='bbox 381 3801 448 3835; x_wconf 84' lang='lat' dir='ltr'><strong>voce</strong></span> <span class='ocrx_word' id='word_1_485' title='bbox 459 3785 557 3848; x_wconf 76' lang='grc' dir='ltr'><strong><em>Γυγης</em></strong></span> <span class='ocrx_word' id='word_1_486' title='bbox 569 3783 679 3852; x_wconf 83' lang='lat' dir='ltr'><strong>longum</strong></span> <span class='ocrx_word' id='word_1_487' title='bbox 697 3801 757 3836; x_wconf 87' lang='lat' dir='ltr'><strong>esec</strong></span> <span class='ocrx_word' id='word_1_488' title='bbox 807 3799 886 3835; x_wconf 87' lang='lat' dir='ltr'><strong>usum</strong></span> <span class='ocrx_word' id='word_1_489' title='bbox 905 3787 933 3834; x_wconf 91' lang='lat' dir='ltr'><strong>in</strong></span> <span class='ocrx_word' id='word_1_490' title='bbox 951 3785 993 3835; x_wconf 89' lang='lat' dir='ltr'><strong>his</strong></span> <span class='ocrx_word' id='word_1_491' title='bbox 1012 3801 1044 3836; x_wconf 83' lang='lat' dir='ltr'><strong>sc</strong></span> <span class='ocrx_word' id='word_1_492' title='bbox 1063 3786 1197 3836; x_wconf 87' lang='lat' dir='ltr'><strong>similibus</strong></span> <span class='ocrx_word' id='word_1_493' title='bbox 1215 3783 1355 3834; x_wconf 85' lang='lat' dir='ltr'><strong>illustrant</strong></span> 
     </span>
     <span class='ocr_line' id='line_1_63' title="bbox 213 3851 1353 3932; baseline 0.001 -31"><span class='ocrx_word' id='word_1_494' title='bbox 213 3855 405 3932; x_wconf 74' lang='lat' dir='ltr'><strong>grammaticus</strong></span> <span class='ocrx_word' id='word_1_495' title='bbox 421 3853 570 3932; x_wconf 73' lang='lat' dir='ltr'><strong>contendit.</strong></span> <span class='ocrx_word' id='word_1_496' title='bbox 807 3855 861 3906; x_wconf 87' lang='lat' dir='ltr'><strong>loci</strong></span> <span class='ocrx_word' id='word_1_497' title='bbox 877 3857 1026 3907; x_wconf 86' lang='lat' dir='ltr'><strong>Herodotei</strong></span> <span class='ocrx_word' id='word_1_498' title='bbox 1046 3856 1068 3917; x_wconf 92' lang='lat' dir='ltr'><strong>I,</strong></span> <span class='ocrx_word' id='word_1_499' title='bbox 1085 3856 1145 3907; x_wconf 79' lang='grc'><strong>193.</strong></span> <span class='ocrx_word' id='word_1_500' title='bbox 1170 3855 1228 3916; x_wconf 88' lang='lat'>111,</span> <span class='ocrx_word' id='word_1_501' title='bbox 1248 3855 1291 3905; x_wconf 74' lang='lat'><strong>14.</strong></span> <span class='ocrx_word' id='word_1_502' title='bbox 1310 3851 1353 3904; x_wconf 78' lang='lat' dir='ltr'><strong>st.</strong></span> 
     </span>
     <span class='ocr_line' id='line_1_64' title="bbox 246 3919 1354 3988; baseline 0 -18"><span class='ocrx_word' id='word_1_503' title='bbox 246 3935 315 3984; x_wconf 79' lang='grc' dir='ltr'><strong><em>μετα</em></strong></span> <span class='ocrx_word' id='word_1_504' title='bbox 335 3921 439 3985; x_wconf 85' lang='grc' dir='ltr'><strong><em>Μίδην</em></strong></span> <span class='ocrx_word' id='word_1_505' title='bbox 462 3937 512 3970; x_wconf 75' lang='grc' dir='ltr'><strong><em>τοι</em></strong></span> <span class='ocrx_word' id='word_1_506' title='bbox 535 3919 676 3987; x_wconf 85' lang='grc' dir='ltr'><strong><em>Γορδίεω]</em></strong></span> <span class='ocrx_word' id='word_1_507' title='bbox 705 3921 756 3974; x_wconf 91' lang='lat' dir='ltr'><strong>Oc·</strong></span> <span class='ocrx_word' id='word_1_508' title='bbox 808 3923 855 3988; x_wconf 81' lang='lat' dir='ltr'><strong>IV,</strong></span> <span class='ocrx_word' id='word_1_509' title='bbox 871 3925 929 3976; x_wconf 76' lang='lat' dir='ltr'><strong>lto.</strong></span> <span class='ocrx_word' id='word_1_510' title='bbox 948 3926 981 3988; x_wconf 88' lang='lat' dir='ltr'><strong>V,</strong></span> <span class='ocrx_word' id='word_1_511' title='bbox 999 3928 1037 3976; x_wconf 89' lang='grc'><strong>12.</strong></span> <span class='ocrx_word' id='word_1_512' title='bbox 1050 3927 1093 3977; x_wconf 83' lang='grc'><strong>25.</strong></span> <span class='ocrx_word' id='word_1_513' title='bbox 1108 3926 1151 3976; x_wconf 82' lang='grc'><strong>28.</strong></span> <span class='ocrx_word' id='word_1_514' title='bbox 1171 3923 1234 3986; x_wconf 79' lang='lat' dir='ltr'><strong>vn,</strong></span> <span class='ocrx_word' id='word_1_515' title='bbox 1248 3925 1290 3974; x_wconf 85' lang='lat'><strong>15.</strong></span> <span class='ocrx_word' id='word_1_516' title='bbox 1312 3923 1354 3972; x_wconf 87' lang='grc'><strong>13.</strong></span> 
     </span>
     <span class='ocr_line' id='line_1_65' title="bbox 213 3989 1355 4059; baseline 0.003 -21"><span class='ocrx_word' id='word_1_517' title='bbox 213 3998 323 4042; x_wconf 86' lang='lat' dir='ltr'><strong>currunt</strong></span> <span class='ocrx_word' id='word_1_518' title='bbox 349 3994 378 4042; x_wconf 90' lang='lat' dir='ltr'><strong>in</strong></span> <span class='ocrx_word' id='word_1_519' title='bbox 396 3989 509 4056; x_wconf 83' lang='lat' dir='ltr'><strong>-Lydica</strong></span> <span class='ocrx_word' id='word_1_520' title='bbox 528 3989 642 4042; x_wconf 85' lang='lat' dir='ltr'><strong>historia</strong></span> <span class='ocrx_word' id='word_1_521' title='bbox 665 3992 756 4056; x_wconf 91' lang='lat' dir='ltr'><strong>plures</strong></span> <span class='ocrx_word' id='word_1_522' title='bbox 808 3995 833 4056; x_wconf 62' lang='lat' dir='ltr'><strong>fi.</strong></span> <span class='ocrx_word' id='word_1_523' title='bbox 855 3996 878 4045; x_wconf 94' lang='grc'><strong>1.</strong></span> <span class='ocrx_word' id='word_1_524' title='bbox 901 3997 942 4046; x_wconf 85' lang='grc'><strong>11.</strong></span> <span class='ocrx_word' id='word_1_525' title='bbox 955 3996 1032 4059; x_wconf 83' lang='lat' dir='ltr'>VIII,</span> <span class='ocrx_word' id='word_1_526' title='bbox 1047 3997 1090 4044; x_wconf 84' lang='lat'><strong>71.</strong></span> <span class='ocrx_word' id='word_1_527' title='bbox 1127 3994 1195 4044; x_wconf 81' lang='lat' dir='ltr'><strong>Add.</strong></span> <span class='ocrx_word' id='word_1_528' title='bbox 1217 3993 1355 4044; x_wconf 83' lang='lat' dir='ltr'><strong>Kuehner.</strong></span> 
     </span>
     <span class='ocr_line' id='line_1_66' title="bbox 212 4056 1354 4127; baseline 0.007 -21"><span class='ocrx_word' id='word_1_529' title='bbox 212 4074 303 4124; x_wconf 81' lang='lat' dir='ltr'><strong>reges,</strong></span> <span class='ocrx_word' id='word_1_530' title='bbox 324 4061 421 4126; x_wconf 89' lang='lat' dir='ltr'><strong>quibus</strong></span> <span class='ocrx_word' id='word_1_531' title='bbox 436 4059 480 4108; x_wconf 80' lang='lat' dir='ltr'><strong>vel</strong></span> <span class='ocrx_word' id='word_1_532' title='bbox 500 4057 588 4110; x_wconf 77' lang='lat' dir='ltr'><strong>Midae</strong></span> <span class='ocrx_word' id='word_1_533' title='bbox 605 4061 648 4110; x_wconf 84' lang='lat' dir='ltr'><strong>vel</strong></span> <span class='ocrx_word' id='word_1_534' title='bbox 668 4061 759 4113; x_wconf 70' lang='lat' dir='ltr'><strong>GordIi</strong></span> <span class='ocrx_word' id='word_1_535' title='bbox 809 4064 855 4115; x_wconf 84' lang='lat' dir='ltr'><strong>Gr.</strong></span> <span class='ocrx_word' id='word_1_536' title='bbox 870 4065 917 4116; x_wconf 86' lang='lat' dir='ltr'><strong>Gr.</strong></span> <span class='ocrx_word' id='word_1_537' title='bbox 928 4065 953 4127; x_wconf 62' lang='grc' dir='ltr'><strong>ἐ.</strong></span> <span class='ocrx_word' id='word_1_538' title='bbox 965 4065 1026 4116; x_wconf 85' lang='grc'><strong><em>622.</em></strong></span> <span class='ocrx_word' id='word_1_539' title='bbox 1046 4066 1099 4114; x_wconf 92' lang='lat' dir='ltr'><strong>Pro</strong></span> <span class='ocrx_word' id='word_1_540' title='bbox 1117 4056 1224 4123; x_wconf 72' lang='grc' dir='ltr'><strong><em>ἐδίκαζε</em></strong></span> <span class='ocrx_word' id='word_1_541' title='bbox 1235 4063 1354 4114; x_wconf 83' lang='lat' dir='ltr'><strong>Fritsclr.</strong></span> 
     </span>
     <span class='ocr_line' id='line_1_67' title="bbox 212 4129 1355 4200; baseline 0.004 -24"><span class='ocrx_word' id='word_1_542' title='bbox 212 4141 309 4178; x_wconf 87' lang='lat' dir='ltr'><strong>nomeu</strong></span> <span class='ocrx_word' id='word_1_543' title='bbox 327 4129 465 4177; x_wconf 89' lang='lat' dir='ltr'><strong>tribuitur.</strong></span> <span class='ocrx_word' id='word_1_544' title='bbox 504 4129 555 4191; x_wconf 86' lang='lat' dir='ltr'><strong>Qui</strong></span> <span class='ocrx_word' id='word_1_545' title='bbox 574 4129 618 4179; x_wconf 89' lang='lat' dir='ltr'><strong>hic</strong></span> <span class='ocrx_word' id='word_1_546' title='bbox 635 4133 757 4181; x_wconf 89' lang='lat' dir='ltr'><strong>nomine·</strong></span> <span class='ocrx_word' id='word_1_547' title='bbox 809 4133 912 4196; x_wconf 83' lang='lat' dir='ltr'><strong>(Kritilr</strong></span> <span class='ocrx_word' id='word_1_548' title='bbox 924 4135 950 4184; x_wconf 92' lang='lat' dir='ltr'><strong>d.</strong></span> <span class='ocrx_word' id='word_1_549' title='bbox 962 4135 1094 4200; x_wconf 84' lang='lat' dir='ltr'><strong>bisherig.</strong></span> <span class='ocrx_word' id='word_1_550' title='bbox 1105 4135 1267 4184; x_wconf 83' lang='lat' dir='ltr'><strong>Grummstt.</strong></span> <span class='ocrx_word' id='word_1_551' title='bbox 1276 4150 1302 4199; x_wconf 89' lang='lat' dir='ltr'><strong>p.</strong></span> <span class='ocrx_word' id='word_1_552' title='bbox 1310 4133 1355 4196; x_wconf 83' lang='grc'><strong>45)</strong></span> 
     </span>
     <span class='ocr_line' id='line_1_68' title="bbox 211 4196 1356 4278; baseline 0.01 -34"><span class='ocrx_word' id='word_1_553' title='bbox 211 4200 255 4246; x_wconf 89' lang='lat' dir='ltr'><strong>tur</strong></span> <span class='ocrx_word' id='word_1_554' title='bbox 271 4198 374 4278; x_wconf 66' lang='lat' dir='ltr'><strong>Midamt</strong></span> <span class='ocrx_word' id='word_1_555' title='bbox 392 4197 506 4246; x_wconf 88' lang='lat' dir='ltr'><strong>eundem</strong></span> <span class='ocrx_word' id='word_1_556' title='bbox 524 4211 584 4248; x_wconf 88' lang='lat' dir='ltr'><strong>esse</strong></span> <span class='ocrx_word' id='word_1_557' title='bbox 602 4200 757 4264; x_wconf 87' lang='lat' dir='ltr'><strong>suspicatur</strong></span> <span class='ocrx_word' id='word_1_558' title='bbox 807 4204 890 4253; x_wconf 89' lang='lat' dir='ltr'><strong>scribi</strong></span> <span class='ocrx_word' id='word_1_559' title='bbox 920 4204 1025 4254; x_wconf 77' lang='lat' dir='ltr'><strong>mavult</strong></span> <span class='ocrx_word' id='word_1_560' title='bbox 1056 4196 1182 4253; x_wconf 76' lang='grc' dir='ltr'><strong><em>ἕδίκασει</em></strong></span> <span class='ocrx_word' id='word_1_561' title='bbox 1217 4203 1265 4252; x_wconf 88' lang='lat' dir='ltr'><strong>sed</strong></span> <span class='ocrx_word' id='word_1_562' title='bbox 1299 4201 1356 4255; x_wconf 80' lang='lat' dir='ltr'><strong>vid.</strong></span> 
     </span>
     <span class='ocr_line' id='line_1_69' title="bbox 210 4263 1358 4339; baseline 0.009 -27"><span class='ocrx_word' id='word_1_563' title='bbox 210 4263 422 4327; x_wconf 79' lang='lat' dir='ltr'><strong>Wessehugms,</strong></span> <span class='ocrx_word' id='word_1_564' title='bbox 446 4281 525 4330; x_wconf 88' lang='lat' dir='ltr'><strong>quem</strong></span> <span class='ocrx_word' id='word_1_565' title='bbox 543 4267 678 4320; x_wconf 86' lang='lat' dir='ltr'><strong>Eusebius</strong></span> <span class='ocrx_word' id='word_1_566' title='bbox 703 4269 757 4321; x_wconf 90' lang='lat' dir='ltr'><strong>col·</strong></span> <span class='ocrx_word' id='word_1_567' title='bbox 807 4271 950 4323; x_wconf 81' lang='lat' dir='ltr'><strong>Mehlhorn</strong></span> <span class='ocrx_word' id='word_1_568' title='bbox 967 4273 994 4322; x_wconf 89' lang='lat' dir='ltr'><strong>iu</strong></span> <span class='ocrx_word' id='word_1_569' title='bbox 1016 4271 1088 4339; x_wconf 78' lang='lat' dir='ltr'><strong>Allg.</strong></span> <span class='ocrx_word' id='word_1_570' title='bbox 1108 4273 1176 4324; x_wconf 88' lang='lat' dir='ltr'><strong>Litt.</strong></span> <span class='ocrx_word' id='word_1_571' title='bbox 1196 4273 1266 4323; x_wconf 85' lang='lat' dir='ltr'><strong>Zeit.</strong></span> <span class='ocrx_word' id='word_1_572' title='bbox 1289 4271 1358 4323; x_wconf 77' lang='grc'>1840</span> 
     </span>
    </p>
   </div>
   <div class='ocr_carea' id='block_1_8' title="bbox 0 0 1513 4932">
    <p class='ocr_par' dir='ltr' id='par_1_10' title="bbox 0 0 1513 4932">
     <span class='ocr_line' id='line_1_70' title="bbox 0 0 1513 4932; baseline 0 0"><span class='ocrx_word' id='word_1_573' title='bbox 0 0 1513 4932; x_wconf 95' lang='lat' dir='ltr'><strong> </strong></span> 
     </span>
    </p>
   </div>
  </div>
 </body>
</html>
