3020 4930
476 300 542 360 so
563 297 819 360 unsooor.
842 299 883 374 11,
903 307 947 362 ss.
1213 293 1274 357 eoa

146 489 162 524 a
178 471 298 524 transitu
320 471 349 523 in
368 470 421 522 alia
442 469 556 523 aliorum
578 470 732 524 animalium
754 487 870 542 corpora
885 473 1032 523 servarent
1050 486 1083 520 ac
1103 467 1272 536 retinerent;

146 557 175 609 id
193 557 286 627 potius
310 555 454 608 condituri
475 561 617 625 spectasse
635 557 803 626 Aegyptios,
830 563 859 608 ut
879 555 967 608 enims
986 554 1174 622 migrationem
1189 554 1272 623 perfi-

147 659 209 694 cere
234 647 343 712 posset,
376 658 533 694 concessam
553 641 624 695 illem
645 642 756 712 quidem
774 641 810 693 iis
830 645 936 694 tantum
956 639 1124 706 hominibus,
1156 655 1273 710 quorum

147 741 249 796 corpus
264 727 316 779 rite
338 732 414 779 esset
427 725 582 780 conditum:
604 745 659 797 quo
674 727 799 795 neglecto
820 741 929 778 cursum
950 725 1049 795 cuique
1064 725 1169 778 animae
1189 725 1272 794 perii-

147 811 271 864 ciendum
294 811 420 881 impediri
437 819 486 864 aut
503 829 620 881 prorsus
636 812 695 865 fieri
713 830 768 864 non
788 829 881 881 posse.
911 810 995 862 Addit
1013 811 1084 863 idem
1105 810 1148 862 vir
1163 810 1271 875 doctus,

146 895 273 949 sanitatis
289 913 400 966 quoque
414 895 540 966 publicae
561 897 589 950 in
606 897 648 950 his
665 897 798 950 rationem
813 914 876 950 esse
893 895 1057 947 habendam:
1079 912 1158 965 quam
1172 901 1273 947 terram

146 980 312 1052 sepeliendis
333 980 513 1034 cadaveribus
534 989 622 1051 aptam
644 988 671 1034 et
691 982 780 1034 aNili
802 981 881 1052 aquis
901 985 986 1032 tutam
1004 979 1132 1050 Aegyptii
1152 999 1207 1033 non
1226 979 1272 1030 hn-

146 1065 272 1134 buerint,
294 1066 428 1119 cadavera
448 1073 538 1118 autem
558 1065 746 1135 putrescentia
761 1067 851 1119 aerem
867 1081 1041 1134 corrumpere
1062 1065 1182 1136 indeque
1198 1064 1273 1116 sani-

146 1150 197 1203 tati
223 1151 334 1202 officere
353 1151 503 1220 potuerint.
543 1151 626 1214 Quod
647 1170 682 1206 ne
703 1152 795 1218 lieret,
821 1151 860 1203 ita
882 1150 1059 1220 prospexisse
1083 1149 1142 1204 vult
1163 1155 1273 1203 veteres

148 1233 315 1304 Aegyptios,
340 1241 371 1288 ut
392 1242 559 1289 mortuorum
579 1237 713 1290 cadavera
734 1236 879 1289 condirent
900 1235 1064 1305 conditaque
1084 1235 1112 1287 in
1128 1235 1234 1306 cryptis
1257 1251 1274 1286 a

148 1319 206 1371 Nili
226 1319 404 1372 inundatione
423 1321 615 1374 remotioribus
629 1321 813 1392 deponerent:
833 1321 898 1372 inde
913 1338 979 1373 vero
1001 1321 1128 1373 ellectum
1144 1339 1221 1387 esse,
1242 1323 1274 1371 ut

147 1404 277 1473 Aegyptii
292 1409 400 1457 veteres
416 1405 516 1473 optimu
531 1407 649 1459 sanitate
665 1408 825 1460 fruerentur
842 1405 914 1478 (vid.
932 1406 1037 1458 Herod.
1055 1406 1092 1472 ll,
1109 1407 1158 1474 77)
1182 1422 1272 1475 neque

148 1487 202 1540 ulla
216 1487 275 1540 lues
293 1488 416 1558 pestisve
432 1491 584 1560 antiquitus
600 1497 785 1560 grassaretur.
818 1492 878 1544 Nec
894 1490 967 1558 iugit
982 1490 1071 1542 virum
1085 1492 1202 1560 doctum,
1219 1489 1273 1542 tale

147 1573 214 1642 quid
235 1572 314 1625 etiam
334 1591 349 1624 a
364 1573 466 1626 medico
481 1575 632 1629 Perisiensi
649 1575 784 1646 prolatum
800 1594 878 1644 esse,
900 1576 1037 1627 mentione
1057 1578 1129 1628 iacta
1145 1575 1173 1627 in
1188 1577 1273 1627 Jour-

148 1657 202 1710 nal.
224 1657 409 1726 complement.
435 1677 470 1712 ou
491 1660 631 1713 Dictionn.
658 1662 692 1714 de
713 1662 836 1714 sciences
862 1661 957 1712 medic.
984 1667 1005 1712 t.
1020 1659 1144 1714 xxxiv,
1164 1679 1192 1730 p.
1209 1664 1271 1718 380.

148 1741 257 1794 Etenim
277 1743 318 1794 hic
342 1744 385 1794 vir
405 1743 518 1812 doctus,
539 1745 661 1816 Pariset,
685 1746 713 1798 in
732 1745 942 1813 dissertatione,
965 1762 1035 1815 quae
1051 1746 1157 1798 inserta
1171 1745 1273 1812 legitur

148 1826 192 1879 in:
215 1826 311 1880 Revue
331 1827 460 1880 medicale
480 1831 620 1899 franpaise
642 1839 670 1884 et
691 1835 838 1898 etrangere
860 1837 888 1883 et
902 1829 1018 1883 Journal
1039 1830 1073 1882 de
1089 1829 1218 1900 Clinique
1238 1829 1272 1880 de

147 1909 333 1964 l'Hdtel-Dieu
350 1919 402 1965 etc.
417 1913 497 1966 Paris
513 1919 590 1973 1827.
606 1915 641 1967 Τ.
651 1917 688 1967 Il.
703 1933 731 1984 p.
746 1921 894 1982 tou-415,
910 1932 1019 1967 causam
1033 1915 1179 1968 condiendi
1193 1915 1273 1966 ceda-

147 2013 228 2063 vera,
254 1997 379 2050 omnibus
394 1997 454 2051 aliis
469 1999 595 2068 reiectis,
618 2017 651 2054 ex
667 2017 722 2052 una
743 2001 792 2052 hac
806 2001 931 2070 publicae
947 2000 1073 2052 sanitatis
1092 2000 1212 2053 tuendae
1227 2017 1272 2050 ra-

147 2081 222 2134 tione
237 2083 412 2151 repetendam
433 2101 495 2135 esse
510 2085 633 2153 censuit,
658 2085 777 2155 indeque
797 2085 876 2138 etiam
897 2084 1099 2154 explicandum,
1120 2085 1194 2154 quod
1209 2083 1272 2136 inde

147 2182 164 2217 a
178 2171 276 2236 quarto
296 2172 361 2237 post
374 2166 439 2220 chr.
456 2185 484 2220 n.
500 2169 623 2236 saeculo,
650 2187 704 2240 quo
721 2169 795 2222 hicce
812 2187 869 2222 mos
885 2169 913 2222 in
930 2169 1139 2222 desuetudinem
1156 2169 1273 2236 venerit,

147 2251 235 2322 pestis
250 2253 373 2319 grassari
394 2253 515 2322 coeperit
533 2253 567 2306 ad
583 2261 703 2306 nostram
723 2271 811 2324 usque
826 2259 956 2322 aetatem,
979 2254 1047 2306 adeo
1067 2261 1098 2307 ut
1112 2253 1273 2307 recentiori-

147 2335 200 2388 bus
216 2335 377 2407 Aegyptiis,
398 2337 422 2390 si
437 2337 562 2408 publicae
583 2339 695 2392 sanitati
715 2339 860 2392 consulere
876 2345 1034 2410 pestemque
1058 2357 1073 2390 a
1093 2357 1124 2391 se
1147 2343 1274 2392 avertere

149 2419 256 2488 vellent,
272 2423 440 2475 redeundum
455 2431 531 2476 esset
544 2423 578 2476 ad
593 2424 734 2493 antiquum
747 2424 891 2476 condiendi
905 2424 996 2476 ritum.
1023 2423 1158 2496 Equidem
1173 2423 1202 2475 in
1217 2428 1275 2474 tota

149 2505 198 2556 hac
214 2524 243 2558 re
258 2507 287 2558 id
305 2507 474 2576 potissimum
495 2510 584 2562 teneri
599 2509 693 2577 velim,
716 2508 789 2561 hunc
808 2509 954 2562 condiendi
976 2509 1100 2580 adeoque
1122 2507 1274 2580 sepeliendi

147 2591 252 2644 modum
273 2592 398 2644 omnibus
412 2593 558 2663 Aegyptiis
578 2611 742 2646 communem
762 2594 865 2664 luisse,
890 2595 950 2662 lege
968 2595 1048 2664 quasi
1068 2595 1225 2665 impositum
1247 2597 1275 2645 et

148 2681 300 2728 sacratum:
330 2693 408 2746 quem
430 2679 454 2729 si
476 2695 535 2731 cum
558 2686 675 2748 utroque
696 2679 757 2731 viro
779 2680 859 2732 docto
881 2679 996 2730 dicimus
1016 2681 1144 2732 ellectum
1165 2685 1193 2730 et
1211 2695 1275 2746 pro-

148 2761 258 2812 ductum
273 2761 361 2813 videri
377 2761 438 2832 ipsa
452 2767 557 2831 terrae,
574 2781 654 2834 quam
666 2763 832 2816 incoluerint
846 2763 993 2832 Aegyptii,
1014 2771 1114 2816 nature
1128 2769 1156 2814 et
1172 2761 1274 2830 indole,

147 2851 237 2896 tamen
259 2843 312 2895 alia
332 2862 440 2917 quoque
456 2847 528 2899 haud
548 2847 606 2900 scio
626 2866 660 2900 an
679 2849 861 2914 accesserint,
884 2848 955 2900 haurd
980 2848 1070 2899 minus
1091 2846 1275 2916 respicienda.

149 2927 280 2998 Aegyptii
297 2930 367 2981 enim
382 2932 421 2983 uti
437 2933 541 3001 omnia,
559 2950 630 3003 quae
648 2933 682 2984 ud
697 2933 812 2986 hominis
827 2933 909 2985 vitam
925 2932 953 2984 in
970 2933 1019 2984 hac
1034 2939 1109 2983 terra
1124 2931 1275 3001 pertinent,

150 3013 185 3065 ad
199 3013 266 3065 deos
285 3019 313 3066 et
333 3013 490 3084 religionem
505 3019 676 3085 referebant,
698 3018 737 3072 ita
753 3025 887 3070 mortuum
903 3033 1013 3086 quoque
1033 3016 1164 3068 hominem
1179 3015 1274 3067 horum

149 3115 232 3150 curae
246 3097 386 3152 immunem
400 3120 462 3154 esse
477 3103 626 3156 noluerunt
641 3101 760 3172 indeque
775 3103 847 3154 hunc
861 3099 1012 3170 sepeliendi
1027 3101 1133 3154 modum
1147 3104 1276 3170 tanquam

149 3183 236 3250 legem
252 3201 354 3236 sacram
370 3187 494 3239 omnibus
510 3187 655 3258 Aegyptiis
673 3187 928 3257 praescripserunt,
952 3187 999 3256 qui
1017 3187 1046 3238 in
1067 3185 1177 3238 alterum
1191 3184 1276 3237 vitam

149 3269 271 3321 transire
290 3269 384 3340 ibique
401 3271 506 3325 diutius
521 3290 630 3327 manere
645 3272 748 3326 vellent
762 3272 814 3325 sub
836 3271 948 3341 imperio
963 3271 1028 3324 boni
1051 3271 1125 3324 illius
1142 3269 1273 3336 Osiridis,

151 3353 199 3424 qui
216 3353 365 3406 inferorum
379 3373 493 3426 praeses
507 3357 658 3410 habebatur
679 3363 830 3427 auctorque
847 3357 928 3408 huius
944 3356 1016 3409 ritus
1035 3361 1117 3426 atque
1139 3354 1276 3424 exemplar

150 3437 353 3506 celebrabatur,
377 3441 451 3510 quod
472 3459 606 3513 quemque
628 3443 760 3496 hominem
780 3441 860 3513 sequi
881 3441 924 3494 ias
945 3448 1012 3494 erat.
1050 3442 1146 3512 ltaque
1162 3440 1196 3492 ad
1210 3439 1275 3492 reli·

149 3523 257 3591 gionem
279 3540 390 3594 quoque
408 3525 576 3596 pertinuisse
597 3529 669 3579 hunc
689 3544 788 3580 morem
808 3533 915 3580 etcum
933 3533 1057 3580 veterum
1078 3526 1276 3595 Aegyptiorum

151 3609 279 3677 opinione
293 3609 327 3661 de
342 3609 457 3664 hominis
476 3616 549 3664 statu
565 3620 629 3682 post
645 3617 756 3664 mortem
771 3611 946 3664 contiunctum
960 3613 1049 3666 luisse
1063 3611 1187 3682 equidem
1203 3613 1277 3662 certe

149 3695 325 3747 crediderim:
344 3694 449 3767 reliqua
466 3697 577 3750 medicis
592 3696 766 3750 diiudicanda
780 3695 941 3766 relinquam.
