3086 4932
626 333 753 396 OLIO.
776 335 801 394 Ι.
823 343 867 400 94.

1252 335 1312 397 211

177 509 286 589 σιλέος
311 513 481 596 σιτοδείην
508 507 649 599 ἰσχυρὴν
672 509 736 582 άνά
760 511 822 604 τὴν
838 519 975 606 Λυδίην,
997 519 1108 585 πάσαν
1134 515 1311 600 γενέσθαι·

178 609 329 691 καὶτοὺς
351 609 486 691 Λυδοὺς
502 616 582 694 τέως
600 615 662 702 μὲν
681 615 813 704 διάγειν
832 622 1066 708 λιπαρέοντας,
1090 614 1173 706 μετά
1191 617 1245 703 dl,
1268 613 1313 696 ὡς

180 712 222 786 οὐ
243 713 430 799 παύεσθαι,
452 711 535 784 άιιεα
553 723 723 806 δίζησθαι·
758 718 860 792 άλλον
880 723 917 792 δὲ
938 720 1019 793 ἄλλο
1041 718 1311 810 ἐπιμηχανᾶσθαι

181 815 305 888 αὐτῶν.
348 813 565 908 ἐξευρεθῆναι
596 819 638 911 δὴ
665 814 714 892 ὦν
737 822 810 894 τότε
835 827 890 894 καὶ
918 830 986 896 τῶν
1017 825 1134 914 κύβων
1159 827 1215 894 καὶ
1243 829 1312 894 τῶν

181 919 417 1012 ἀστραγάλων,
441 924 497 992 καὶ
513 929 570 1013 τῆς
586 933 748 1015 σφαίρης,
774 929 828 998 καί
847 933 915 998 τάν
934 925 1063 999 άλλέων
1083 931 1216 998 πασέων
1235 955 1311 997 παι·

136 1045 170 1100 49
179 1029 303 1114 γνιέων
320 1023 360 1096 τά
374 1031 484 1113 εἴδεα,
504 1026 592 1118 πλὴν
609 1036 753 1099 πεσσῶν.
781 1029 910 1100 τούτων
923 1028 986 1119 γάρ
1003 1021 1051 1100 ὦν
1067 1028 1129 1118 τὴν
1144 1027 1313 1118 ἐξεύρεσιν
1410 1048 1416 1060 ’

179 1125 243 1200 οὐκ
265 1134 470 1218 οίκηιέὖνται
484 1137 603 1202 Λυδοί.
639 1137 766 1204 ποιέειν
787 1134 825 1204 δὲ
845 1124 912 1204 ὧδε
929 1131 1010 1221 πρὸς
1027 1131 1086 1200 τὸν
1103 1130 1199 1220 λιμὸν
1220 1130 1312 1216 ἐξευ-

179 1233 316 1323 ρόντας·
343 1231 406 1322 τὴν
424 1233 488 1322 μέν
505 1237 622 1325 ἑτέρην
640 1243 710 1308 τῶν
729 1233 882 1327 ἡμερέων
902 1244 1030 1318 παίζειν
1045 1239 1171 1319 πᾶσαν,
1196 1239 1253 1304 ἵνα
1274 1235 1315 1324 δὴ

179 1334 224 1428 μὴ
242 1340 387 1427 ζητέοιεν
404 1345 510 1407 σιτία·
540 1338 602 1430 τὴν
622 1340 660 1411 δὲ
680 1343 797 1430 ἑτέρην
819 1344 989 1412 σιτέεσθαι
1011 1337 1219 1425 παυομένους
1247 1343 1316 1406 τῶν

181 1444 375 1530 παιγνιέων.
403 1441 544 1537 τοιούτω
567 1443 680 1539 τρόπῳ
703 1445 833 1533 διάγειν
854 1439 908 1513 ἔπ’
924 1447 1000 1512 ἔτεα
1021 1446 1115 1510 δυοῖν
1134 1443 1253 1510 δέοντα
1268 1451 1315 1510 εί-

179 1607 251 1660 nois.
289 1611 389 1661 Latine
406 1615 531 1662 vertunt:
549 1628 663 1664 annonae
681 1629 724 1663 ca-

180 1685 293 1743 ritatem,
311 1681 492 1744 difficultatem.

215 1741 284 1800 άιιεα
302 1747 448 1815 δίζησθαι]
474 1751 563 1817 Vulgo
580 1746 721 1807 δίζεσθαι;

180 1821 236 1871 birri
248 1819 312 1870 libri
328 1817 476 1884 διζησθαι,
497 1821 569 1886 quod
585 1823 615 1866 ut
631 1833 723 1868 rernm

181 1893 234 1941 iam
251 1890 448 1956 Weseelingins
471 1889 637 1940 restituerat.
679 1886 721 1936 CI.

181 1965 250 2011 nott.
270 1961 307 2010 ad
326 1961 349 2020 1,
368 1960 412 2011 65.

109 2037 111 2041 '
216 2021 398 2094 ἐξευρεθῆναι
423 2017 460 2089 δὴ
473 2011 514 2075 οὖν
524 2016 587 2074 τότε
605 2017 724 2073 καὶτῶν

181 2090 279 2165 ιιάβιον
295 2094 342 2148 καί
362 2094 417 2144 τοῖν
435 2085 629 2160 ἀστραγάλων]
650 2093 723 2144 Indi-

185 2171 282 2217 oantnr
301 2165 360 2214 ouhi
379 2169 405 2216 et
421 2163 486 2227 tali,
514 2164 611 2230 quibus
630 2163 664 2214 ed
684 2162 723 2213 lu-

185 2236 299 2287 dendum
326 2235 469 2286 utebantur
491 2239 607 2285 veteres.
652 2234 723 2296 Quo-

185 2321 242 2356 rum
261 2305 439 2355 inventionem
452 2305 536 2370 Lydis
549 2320 609 2355 eum
620 2303 723 2353 tribuat

183 2373 350 2437 Herodotus,
375 2374 508 2425 Athenaei
534 2376 562 2424 in
586 2375 724 2437 vitupere-

181 2445 280 2494 tionens
303 2444 431 2506 incurrit,
457 2445 483 2506 1,
503 2445 536 2495 15
559 2459 623 2510 pag.
644 2442 676 2493 10
690 2444 722 2504 A,

180 2514 245 2580 quia
266 2514 314 2563 isti
336 2513 393 2565 ludi
419 2513 502 2564 multo
529 2515 629 2564 fuerint
655 2513 724 2562 anti-

179 2584 301 2649 quiores,
325 2585 424 2650 qqupe
442 2583 505 2634 belli
524 2583 636 2634 Troiani
658 2588 724 2632 tem·

179 2668 245 2718 pore
276 2654 330 2704 iem
354 2653 459 2704 usitati.
502 2655 595 2718 Neque
622 2668 723 2718 negan-

179 2724 257 2785 dum,
282 2723 397 2774 inveniri
415 2725 467 2774 iam
486 2723 558 2788 apud
576 2724 723 2774 Homerum

137 2799 142 2808 ’
179 2792 251 2858 pilae
261 2793 415 2844 ettalorum
425 2794 511 2844 lusum
526 2792 614 2858 (coni.
622 2793 721 2858 Odyes.

178 2863 228 2924 VI,
241 2863 300 2914 100.
319 2864 399 2926 VIII,
413 2863 471 2915 372.
489 2863 534 2915 Ili.
547 2863 650 2925 XXIII,
663 2861 721 2928 88),

179 2931 227 2982 sed
240 2925 337 2997 ιιάβων
350 2935 511 2984 mentionem
528 2934 630 2983 frustra
641 2948 722 2998 quee-

179 3017 224 3052 ras
232 3002 304 3068 opud
314 3003 437 3066 eundem,
445 3009 476 3054 nt
483 3002 550 3053 nihil
561 3007 633 3053 eerte
643 3003 724 3068 impe-

180 3071 247 3135 diat,
254 3073 397 3137 quominus
406 3073 550 3138 posteriori
558 3073 672 3137 tempmi
682 3088 725 3122 eo-

180 3157 239 3192 rum
251 3142 434 3193 inventionem
446 3143 642 3194 adscribamus.
660 3141 722 3191 Vid.

162 3249 169 3260 .
180 3212 411 3264 IIemsterhns.ad
421 3212 525 3264 Pollae.
533 3213 581 3276 lx,
588 3211 631 3262 97.
645 3212 724 3275 Quod

181 3281 216 3331 ad
235 3280 349 3346 pilernm
367 3283 459 3334 ludum
479 3283 589 3344 attinet,
610 3283 667 3332 eius
684 3283 723 3332 in-

181 3353 335 3402 ventionem
345 3353 499 3404 Nausicaae
511 3352 645 3402 tribuerat
658 3352 723 3402 Aro-

181 3419 282 3486 gsllis‚
320 3425 512 3488 grammaticus
546 3421 721 3486 Corcyraeos.

180 3490 243 3542 Vid.
271 3491 348 3543 Suid.
375 3508 397 3543 s.
426 3509 453 3544 v.
501 3493 590 3557 Atque
614 3492 723 3542 fuerunt

181 3576 246 3612 eene
270 3559 299 3611 hi
321 3561 378 3612 ludi
402 3563 544 3613 admodum
570 3561 723 3628 frequentet

180 3645 229 3696 per
239 3631 395 3682 Graeciam:
415 3649 484 3698 quae
502 3633 562 3696 ipsa
577 3631 650 3681 houd
667 3631 722 3680 seio

181 3717 216 3751 an
241 3701 323 3752 suerit
345 3711 429 3753 eausa
446 3702 600 3764 Herodoto,
623 3707 654 3750 ut
672 3701 723 3750 hac

181 3771 326 3822 occasione
350 3771 444 3823 oblata
473 3784 565 3823 eorum
592 3769 723 3836 originem

182 3841 326 3892 indiceret.
354 3841 448 3906 cubis,
467 3843 512 3908 qni
527 3857 574 3891 sex
588 3841 725 3890 habehant

182 3926 308 3962 numeros
327 3913 472 3980 inseriptoe
489 3907 625 3974 (thrfel)
639 3925 671 3960 ac
685 3915 725 3958 ta-

181 3979 215 4029 lis
237 3997 259 4031 s.
282 3972 468 4047 ἀστραγάλοις
493 3979 647 4046 (liudrico,
679 3977 725 4044 qui

183 4056 300 4114 quatuor
326 4055 432 4102 tontum
453 4051 613 4101 indicabant
635 4065 726 4100 nurne-

183 4135 227 4170 ros
246 4127 274 4171 et
291 4137 376 4188 aeque
397 4127 478 4186 atque
496 4121 557 4171 enbi
576 4136 590 4170 e
612 4117 725 4170 vasculo

184 4191 561 4312 trtrtstltltttth
576 4189 726 4322 titii·

185 4327 255 4380 llhns
268 4329 311 4380 vel
329 4330 467 4381 virilibus:
487 4345 541 4394 qna
554 4329 586 4380 de
599 4343 628 4378 re
639 4327 728 4393 dispu-

185 4401 279 4450 tarunt
298 4399 404 4450 Becher
429 4400 458 4450 in
479 4397 617 4450 Charicles
638 4397 676 4448 11.
701 4412 727 4461 ρ.

773 1607 825 1662 305
843 1626 919 1676 seqq.
942 1609 984 1660 ed.
1009 1625 1065 1661 see.
1091 1613 1118 1659 et
1141 1609 1172 1660 C.
1196 1611 1229 1660 F.
1249 1611 1317 1661 Her-

773 1695 853 1730 mann
871 1679 978 1732 Grieeh.
998 1679 1204 1730 Privatalterth.
1224 1683 1249 1744 ξ.
1271 1681 1314 1731 54.

773 1755 831 1800 not.
851 1751 882 1801 15
901 1766 957 1816 seq.
978 1753 1002 1812 ἓ.
1018 1749 1061 1802 33.
1080 1755 1137 1800 not.
1156 1749 1203 1813 32,
1227 1751 1261 1800 de
1278 1751 1317 1814 pi-

772 1817 859 1870 lar'um
877 1819 941 1870 ludo
964 1819 1031 1870 ibid.
1052 1824 1110 1869 not.
1131 1819 1175 1880 1ος
1200 1819 1232 1870 de
1251 1817 1316 1870 talis

774 1889 812 1940 ei.
830 1905 937 1955 quoqne
950 1889 984 1941 Ο.
994 1889 1067 1940 Jahn
1080 1888 1219 1939 Palamed.
1232 1905 1258 1954 p.
1271 1891 1314 1941 57.

808 1967 884 2040 πλὴν
904 1973 1026 2042 πεσσῶν]
1057 1969 1156 2024 πεσσολ
1180 1979 1243 2025 sont
1263 1977 1317 2026 ool·

774 2049 835 2102 εαὶί,
854 2041 967 2110 ψῆφοι,
987 2045 1033 2112 qui
1050 2061 1105 2094 non
1121 2045 1266 2108 iaciuntur,
1285 2049 1316 2094 ut

774 2117 837 2178 teli,
869 2115 917 2165 sed
946 2115 1105 2180 digeruntur
1127 2113 1155 2163 in
1181 2113 1260 2166 lineis
1283 2131 1316 2164 no

775 2187 969 2252 disponuntur,
982 2185 1078 2235 deinde
1091 2188 1241 2235 moventur.
1264 2185 1316 2235 Ne-

774 2272 826 2322 qne
859 2255 943 2321 igitur
976 2253 1119 2306 vernacule
1150 2254 1316 2305 reddendum

779 2325 946 2389 Wrtrselspiet
964 2324 1002 2388 (id
1022 2324 1093 2390 quod
1111 2321 1175 2373 talis
1192 2324 1249 2391 fit),
1267 2325 1316 2375 sed

774 2397 922 2459 Brettepr'el.
956 2396 1024 2446 Eius
1042 2397 1132 2444 autem
1149 2393 1206 2444 ludi
1225 2395 1317 2445 inven-

772 2467 874 2517 tionem
893 2465 974 2532 vnlgo
986 2462 1126 2516 Palamedi
1143 2463 1315 2526 adscribunt3

774 2551 829 2602 qna
847 2535 880 2585 de
897 2551 927 2586 re
942 2533 1102 2586 omniafere
1117 2531 1226 2598 collegit
1235 2535 1317 2584 Hem-

774 2606 923 2656 sterhnsius
952 2605 971 2656 l.
1000 2605 1019 2656 l.
1045 2609 1072 2654 et
1095 2603 1128 2654 Ο.
1152 2603 1225 2654 Jahn
1252 2602 1272 2654 l.
1296 2603 1315 2654 l.

772 2691 837 2743 pag.
849 2677 883 2726 27
895 2691 953 2741 seq.
976 2675 1036 2737 „De
1051 2689 1118 2724 vooe
1133 2668 1229 2722 πεττοὶ
1248 2673 1317 2724 eins-

773 2741 1318 2867 10110111ἑίῑὲ01001031·

773 2901 796 2936 ε.
814 2903 842 2936 v.
862 2889 889 2936 et
907 2884 1025 2934 eiusdem
1041 2881 1216 2932 doctissimus
1233 2882 1318 2932 inter-

774 2953 997 3020 prespag.2l'l.“
1013 2953 1055 3004 Gr.
1078 2951 1121 3000 Tu
1132 2949 1316 3000 videBeelrer.

773 3025 794 3077 l.
808 3025 827 3075 l.
843 3025 881 3074 Il.
895 3041 922 3091 p.
934 3022 985 3074 300
996 3036 1052 3086 seq.
1074 3019 1105 3070 0.
1124 3019 1156 3068 F.
1169 3019 1316 3070 Hermann.

774 3094 793 3146 l.
805 3094 825 3146 l.
845 3097 869 3157 ς.
883 3095 926 3145 54.
945 3095 1003 3141 not.
1023 3093 1128 3156 2seqq.
1140 3119 1176 3128 -
1192 3089 1225 3139 ln
1240 3103 1316 3155 seqq.

775 3159 950 3228 οίιιηϊεῦνται
968 3160 1029 3212 dedi
1048 3175 1108 3210 cum
1124 3163 1238 3210 reeentt.
1255 3159 1315 3212 edd.

774 3251 822 3300 pro
834 3232 907 3353 νοὶρ.
919 3225 1106 3296 οίιιηϊοάνται.
1127 3227 1247 3280 Alteram
1265 3231 1317 3280 lor-

773 3320 844 3354 mam
860 3318 874 3352 ο
889 3300 1029 3352 κειεῦνται
1048 3300 1148 3350 Noster
1166 3315 1247 3365 supra
1264 3300 1317 3362 1‚s

773 3373 897 3432 exhibet,
917 3371 964 3422 ubi
981 3370 1037 3420 rid.
1055 3373 1126 3418 nott.

808 3451 917 3508 ποιέειν
943 3452 975 3505 δὲ
998 3443 1066 3504 ὦδε
1084 3482 1119 3492 -
1142 3441 1318 3518 ἐξευρόντας]

773 3515 829 3578 ὦδε
846 3527 907 3578 loco
925 3524 1091 3590 pronominis
1110 3519 1319 3572 demonstrativi

772 3597 891 3664 positum
901 3595 1023 3656 videtur,
1043 3589 1115 3657 quod
1127 3590 1199 3639 idem
1212 3589 1239 3638 in
1250 3589 1320 3640 Peu-

773 3667 851 3718 senia
864 3665 905 3730 (1,
920 3666 961 3715 21.
977 3663 1001 3725 ξ.
1015 3661 1046 3726 0)
1066 3658 1173 3710 notavit
1185 3657 1320 3720 Siehelis„

773 3737 855 3788 huius
872 3734 926 3785 loci
946 3749 1000 3785 non
1018 3731 1165 3781 immemor.

810 3830 922 3904 διάγειν
934 3827 978 3886 ἐπ’
992 3830 1054 3885 ἔτεα
1068 3829 1146 3882 δυοῖν
1163 3826 1266 3883 δέοντα
1283 3827 1320 3882 εί-

774 3908 848 3973 ιιοοι]
865 3905 943 3957 δυῶν
954 3906 1017 3956 dedi
1027 3919 1076 3969 pro
1091 3898 1190 3964 δνοίν;
1205 3902 1240 3954 ol.
1248 3905 1318 3954 nott.

775 3979 811 4029 ad
830 3979 859 4041 1,
878 3979 920 4030 14.
961 3977 994 4026 In
1017 3987 1092 4040 seqq.
1113 3972 1148 4022 ad
1168 3973 1320 4024 accusativi

776 4053 939 4100 structuram
972 4037 1027 4095 driu
1058 4040 1160 4107 μοίρας
1191 4035 1320 4093 διελόντα

776 4118 849 4170 sons.
866 4115 1002 4168 Kuehner.
1014 4115 1060 4166 Gr.
1074 4111 1120 4164 Gr.
1139 4111 1163 4174 5.
1183 4111 1242 4163 561.
1261 4117 1319 4181 not.

776 4191 792 4238 2
816 4192 843 4237 et
867 4187 985 4237 Sintenis
1007 4185 1043 4234 ad
1061 4181 1200 4234 Plutarch.
1220 4182 1317 4232 Periel.

777 4258 821 4308 st.
831 4272 895 4322 ρος.
908 4255 966 4306 100.
995 4255 1072 4315 Quae
1086 4255 1235 4316 sequuntur
1247 4251 1319 4316 ahud

777 4325 946 4378 Herodotum
961 4324 1054 4386 verba,
1075 4337 1107 4372 ea
1118 4321 1196 4370 alfort
1213 4333 1320 4386 quoque

778 4395 892 4462 Dionys.
911 4393 1003 4446 Holie.
1020 4393 1052 4443 A.
1068 4392 1100 4441 R.
1121 4389 1144 4451 1,
1162 4391 1204 4441 27.

1049 4469 1113 4534 14*
