3088 4944
611 289 786 352 cL10.1.
811 301 871 356 lid

177 469 234 536 καὶ
247 463 406 554 Ἀρκάδες
415 465 582 551 Πελασγοὶ
595 465 651 533 καὶ
661 466 808 552 Δωριέες
815 461 1019 552 Ἐπιδαύριοι
1028 515 1039 550 ,
1049 463 1135 533 iata
1148 491 1185 532 τε
1198 469 1304 532 ἔθνει

181 567 289 640 πολλὰ
312 565 561 656 ἀναμεμίχαται.
588 571 622 636 οἱ
642 567 679 636 dt
703 565 816 637 αὐτῶν
839 566 903 638 άπὸ
929 575 990 638 τοῦ
1010 575 1221 658 κρνταιηῖον
1243 569 1306 634 τοῦ

177 671 367 762 Ἀθηναίων
380 667 600 761 ὁρμηθέντες,
618 671 674 738 καὶ
690 677 877 758 νομίζοντες
893 673 1117 758 γενναιότατα
1134 671 1220 742 εἶναι
1234 666 1304 738 Ἰό-

182 805 269 864 νων,
291 765 383 846 οὗτοι
409 775 447 845 δὲ
466 771 509 844 οὐ
530 789 692 862 γυναῖκας
708 770 872 862 ἠγάγοντο
889 779 922 854 ἐς
940 773 1003 864 τὴν
1020 773 1197 864 ἀποικίην,
1220 769 1306 842 ἀλλὰ

180 949 244 994 aunt
267 942 422 993 Phocenses
452 940 596 1005 Graeciae,
624 957 642 991 a
666 941 724 1008 qui-

180 1015 230 1063 bus
267 1013 347 1062 valde
386 1012 557 1062 dlacemeudi
591 1003 622 1060 οἱ
656 1009 724 1060 Φοι-

180 1083 271 1140 autiss
293 1083 375 1133 Iones
406 1082 454 1148 (de
476 1082 573 1147 quibus
601 1081 674 1132 inl'ra
698 1081 722 1142 I,

182 1153 231 1204 163
255 1169 330 1219 seqq.
354 1151 416 1203 coll.
441 1152 470 1214 1,
497 1151 573 1216 112),
599 1152 723 1216 quamvis

180 1239 261 1288 saepe
284 1239 344 1274 cum
367 1222 409 1271 his
432 1221 550 1272 confusi.
586 1221 629 1272 Cr.
649 1221 721 1272 conl.

181 1293 214 1344 de
239 1293 376 1358 scriptura
393 1291 536 1356 spanhem.
561 1291 597 1340 ad
615 1291 722 1342 Gallim.

181 1365 217 1414 ll.
237 1364 265 1412 in
282 1362 388 1414 Pallad.
405 1363 449 1413 24.
467 1377 529 1428 pag.
542 1360 594 1411 632
612 1367 639 1411 et
652 1362 722 1412 Koe-

181 1434 230 1484 ler.
249 1434 284 1483 ad
300 1430 438 1484 Heraclid.
460 1431 567 1482 Pontio.
591 1447 654 1514 pag.
676 1431 720 1482 86.

182 1504 235 1568 Qui
256 1519 320 1556 aare
344 1503 374 1556 h.
396 1501 415 1554 1.
440 1502 495 1552 sint
517 1499 626 1558 Φωαεες
649 1493 721 1550 oino-

181 1567 308 1638 doiupsos,
328 1572 437 1638 egregie
451 1571 555 1621 indicat
569 1571 722 1621 Pausanias

181 1643 199 1693 l.
219 1643 253 1693 l.:
277 1641 411 1708 μετέσχον
435 1636 467 1690 δὲ
491 1637 539 1691 aul
561 1639 668 1699 Φωκεῖς
694 1633 725 1689 οἶ

182 1704 264 1762 ἄλλοι
281 1705 355 1776 πλὴν
373 1711 503 1774 Δελφῶν.
532 1713 556 1762 E
574 1727 627 1776 quo
645 1709 723 1762 intel-

182 1782 289 1849 ligitur,
315 1782 469 1833 Phocenses
489 1781 543 1832 dici
563 1773 723 1845 άποδαομί-

184 1867 244 1916 ους,
263 1854 281 1903 i.
296 1868 320 1904 e.
335 1869 352 1902 α
370 1855 419 1903 rel'
456 1855 474 1903 'r
492 1851 582 1902 druos
600 1856 627 1901 et
644 1853 725 1901 diuul-

182 1939 234 1974 sos.
269 1923 339 1973 Nam
354 1868 725 1986 dudimopoeuicitnrporru

184 2009 207 2044 s.
222 2009 288 2056 pars
304 1993 425 2059 quaedam
439 1993 615 2042 amultitudr'ue
626 1993 723 2052 αοαΙεα,

183 2069 309 2114 monente
332 2061 523 2127 Wesselingio.
562 2061 632 2112 Add.
653 2061 726 2111 Thu-

184 2133 273 2200 cydid.
293 2134 316 2197 I,
335 2134 367 2183 12
386 2137 413 2182 et
430 2132 503 2183 coni.
522 2131 595 2181 inira
612 2129 723 2194 11,103.

219 2199 266 2252 aul
282 2193 410 2268 Ἀρκάδες
430 2198 582 2267 Πελασγοὶ]
601 2202 724 2252 Pertinet

184 2273 236 2323 hoc
254 2289 300 2336 eo,
324 2273 397 2338 quod
413 2288 446 2322 ex
465 2275 586 2322 veterum
609 2287 725 2337 quorun-

185 2343 248 2394 dam
272 2343 407 2394 sententia
425 2341 548 2408 Pelasgi,
574 2347 668 2406 utpote
687 2342 726 2390 in-

184 2413 285 2480 digena
307 2413 438 2464 Graeciae
465 2428 546 2478 gens,
577 2413 656 2477 primi
687 2416 726 2462 te·

184 2485 293 2533 nuerint
320 2483 464 2534 hrmdiam
501 2481 618 2548 indeque
643 2483 727 2532 Arca·

185 2553 246 2603 dica
264 2554 347 2618 stirps
361 2554 415 2604 dici
426 2557 535 2618 queant.
563 2552 642 2602 eous.
656 2553 726 2602 Pau·

185 2639 244 2674 ean.
263 2623 347 2686 vm,
367 2625 392 2674 1.
416 2626 443 2686 ξ.
466 2625 482 2673 2
505 2627 533 2672 et
555 2622 726 2687 potissimum

185 2693 321 2758 Ephorum
340 2692 411 2758 apud
425 2692 552 2743 Strabon.
569 2693 603 2744 V.
621 2709 648 2758 p.
663 2691 726 2754 331,

185 2764 232 2814 ubi
255 2763 325 2825 vid.,
349 2778 420 2828 quae
442 2761 496 2812 alia
515 2761 621 2812 addidit
638 2763 725 2813 Marx.

186 2833 213 2882 in
232 2833 387 2898 fragmentt.
405 2832 507 2897 Ephori
521 2847 583 2897 pag.
605 2832 653 2884 157
667 2847 725 2898 seq.

186 2904 286 2954 Nostro
295 2903 355 2953 loco
365 2917 430 2953 usus
441 2901 576 2952 estRaonl
584 2903 726 2966 Bochette,

186 2989 239 3038 quo
261 2972 390 3038 Pelasgos
416 2987 470 3023 non
498 2971 640 3025 barbaram
663 2989 727 3038 gen-

187 3048 256 3106 tem,
279 3043 327 3093 sed
345 3042 520 3109 primigenios
538 3043 669 3094 Graeciae
687 3044 727 3092 in-

187 3113 262 3164 colas
280 3129 340 3164 esee
363 3113 502 3178 probaret,
533 3113 586 3164 vid.
603 3114 726 3164 Histoire

187 3184 221 3234 de
242 3183 392 3235 l'Etabliss.
417 3183 442 3234 d.
468 3181 555 3234 colon.
580 3183 677 3250 Grecq.
701 3183 725 3234 1.

186 3269 251 3319 pag.
265 3254 313 3306 137
328 3269 403 3320 seqq.
424 3254 481 3317 142,
500 3253 545 3304 cui
562 3253 624 3305 add.
638 3255 727 3304 Kruse

187 3323 281 3375 Hellas
299 3325 323 3374 I.
347 3340 374 3389 p.
392 3325 444 3374 424
465 3323 526 3374 coll.
550 3326 615 3388 462,
641 3325 727 3374 Hero·

187 3393 246 3444 doti
263 3393 373 3445 effatum
392 3409 409 3443 a
425 3409 490 3444 vero
509 3409 564 3444 non
582 3393 726 3445 abhorrere

187 3469 367 3527 statuentem,
390 3463 469 3514 modo
493 3469 597 3528 partem
620 3469 727 3513 tentum

187 3534 323 3584 Arcadiae
340 3534 403 3585 olim
429 3549 447 3584 a
464 3533 589 3598 Pelasgis
613 3548 728 3598 occupa-

188 3609 245 3654 tam
257 3604 370 3667 dixeris,
390 3619 451 3654 cum
466 3603 597 3669 reliquam
615 3617 729 3668 eamque

188 3674 317 3724 maiorem
345 3675 464 3740 regionis
492 3679 596 3740 partem
628 3672 683 3722 alia
712 3687 729 3720 a

188 3745 312 3810 Pelasgis
329 3744 438 3795 diversa
459 3759 525 3810 gens
548 3743 673 3809 primitus
691 3745 731 3792 te-

187 3814 279 3864 nuerit
298 3813 434 3880 indigena.
477 3815 507 3865 C.
530 3815 563 3865 F.
580 3814 729 3863 Hermann.

189 3882 208 3933 l.
232 3883 250 3934 l.
281 3883 306 3948 6.
331 3887 373 3938 77.
402 3888 459 3935 not.
482 3885 525 3937 23.
552 3881 730 3949 probabiliter

189 3951 338 4004 Cleonaeos
362 3959 389 4004 et
413 3953 562 4016 Phliasios,
590 3953 635 4017 qui
659 3955 730 4001 teste

189 4024 327 4074 Pausania
344 4025 410 4086 VII,
430 4023 456 4085 3,
475 4025 491 4074 5
508 4023 731 4074 Clazomenarum

189 4092 263 4144 urhis
277 4093 381 4146 incolae
393 4095 535 4144 maximam
548 4095 652 4156 partem
668 4105 730 4140 con·

191 4163 341 4227 nituerint,
370 4165 415 4214 hic
437 4163 554 4228 intelligi
583 4161 731 4211 existimat.

189 4234 326 4284 Dorienses
336 4233 490 4297 Epidaurios
502 4247 556 4282 non
568 4231 670 4292 Dores,
683 4227 731 4278 aad

188 4303 269 4354 Iones
288 4305 374 4354 fuisse
386 4302 524 4367 Epidauro
536 4300 630 4365 pulsos
646 4315 663 4348 a
676 4299 732 4347 Do·

188 4373 264 4423 ribus
282 4371 497 4438 ingredientibus
516 4367 612 4462 volpnt
628 4366 732 4418 clavie-

774 959 820 993 rus
839 947 922 1010 atque
933 943 1020 994 Raord
1035 943 1165 994 Roehette
1179 941 1200 992 1.
1215 941 1235 992 l.
1254 941 1308 992 111.

774 1031 800 1079 p.
812 1013 846 1064 76
860 1018 1010 1078 testemque
1022 1013 1137 1062 aderunt
1145 1013 1308 1062 Pausaniam

774 1085 811 1147 Il,
829 1085 872 1134 26.
892 1083 957 1146 vn,
976 1085 1001 1133 2.

809 1143 867 1203 άπὸ
890 1151 942 1202 τοῦ
960 1149 1137 1216 πρυτανηῖοο
1159 1148 1209 1199 τοῦ
1230 1141 1311 1213 ’,46η-

774 1221 864 1274 ναίων
889 1214 1072 1289 ὁρμηθέντες]
1104 1221 1177 1272 Satis
1207 1225 1314 1268 constat

774 1294 806 1344 de
825 1309 899 1344 more
917 1297 1038 1344 veterum
1055 1293 1085 1342 in
1101 1290 1216 1342 coloniis
1234 1287 1315 1338 dedn-

773 1364 876 1414 cendis.
919 1364 990 1414 Nam
1011 1378 1091 1413 sacra
1115 1377 1147 1410 ex
1174 1356 1317 1422 metropoli

773 1449 865 1484 secum
893 1433 1030 1484 ducebant
1053 1431 1142 1483 coloni
1172 1431 1317 1495 ignemque

772 1519 881 1554 sacrum
906 1519 940 1554 ex
971 1504 1077 1569 patriae
1110 1498 1245 1566 penetrali
1273 1497 1319 1548 de-

772 1579 924 1640 promptum
948 1579 977 1624 et
1000 1587 1155 1624 accensum.
1193 1571 1264 1620 Nam
1288 1569 1316 1617 in

773 1649 905 1710 prytaneo
920 1659 944 1696 s.
955 1645 1033 1694 curia
1047 1641 1260 1706 uniuscuiusque
1271 1654 1317 1688 nr-

774 1715 816 1764 his
836 1716 908 1779 ignis
926 1715 1086 1765 servshatnr
1101 1717 1248 1777 perpetuus
1266 1723 1317 1758 nec

775 1799 894 1850 unquam
905 1783 1127 1850 exstinguendus,
1141 1783 1243 1830 Vestae
1255 1793 1318 1830 con-

776 1859 908 1904 sectatus.
947 1856 990 1905 Ex
1008 1869 1039 1904 eo
1064 1851 1155 1904 coloni
1172 1864 1318 1900 accensum

775 1925 866 1989 ignem
889 1923 1072 1988 adportabant
1096 1924 1125 1972 in
1143 1921 1237 1970 nrhem
1255 1934 1318 1968 con-

776 1993 902 2044 dendam.
928 1991 1022 2057 (eous.
1041 1991 1132 2045 Schol.
1153 1989 1266 2041 Aristid.
1283 1989 1317 2038 T.

776 2065 830 2115 111.
858 2079 884 2129 p.
906 2063 953 2126 48,
977 2062 1004 2114 8.
1042 2061 1198 2128 Etymolog.
1223 2075 1317 2124 magn.

776 2151 801 2200 p.
821 2134 881 2196 664,
901 2133 956 2198 26).
994 2132 1136 2184 Sufficiunt
1153 2132 1235 2194 haec,
1262 2129 1318 2194 opi·

775 2219 838 2267 nor,
857 2204 893 2254 ad
910 2203 1042 2256 Herodoti
1061 2203 1149 2254 locum
1168 2200 1318 2266 intelligen-

776 2274 853 2336 dum,
872 2275 919 2340 qni
937 2273 978 2323 his
994 2273 1084 2324 verbis
1100 2273 1226 2338 designat
1237 2270 1318 2321 Athe-

775 2345 884 2394 nienses
907 2359 1000 2406 veros,
1025 2344 1045 2394 i.
1062 2359 1085 2394 a.
1105 2358 1168 2406 eos,
1193 2341 1318 2408 quivere

776 2414 811 2464 ad
826 2413 992 2466 Athenarum
1019 2414 1160 2464 civitatem
1183 2412 1318 2478 pertinue-

775 2485 830 2534 rint
847 2489 875 2535 et
897 2486 1009 2535 civitate
1029 2485 1123 2535 Attica
1144 2484 1188 2534 usi
1206 2482 1317 2542 inerint,

776 2555 823 2620 qni
838 2571 886 2620 pro
903 2571 978 2606 more
995 2553 1165 2618 colonorum,
1189 2569 1249 2604 cnm
1269 2567 1317 2616 ps-

776 2625 856 2676 triam
874 2629 973 2676 terram
991 2625 1176 2692 relinquerent
1195 2637 1256 2673 eum
1276 2621 1319 2669 lo-

776 2696 854 2746 nibus
874 2696 901 2746 in
914 2697 1007 2746 Asiam
1020 2694 1211 2748 transvectari.
1229 2692 1319 2755 ignem

776 2781 883 2816 sacrrme
897 2782 930 2816 ex
948 2771 1081 2832 prytaneo
1097 2761 1273 2814 accenderint
1291 2763 1319 2808 et

776 2851 867 2888 secum
885 2836 1006 2886 tulerint.
1053 2835 1096 2883 (11.
1113 2847 1193 2898 quem
1211 2831 1320 2877 Wesse·

775 2905 842 2973 ling.
867 2907 921 2955 iam
943 2905 1068 2954 laudavit
1092 2901 1167 2962 (nam
1189 2897 1268 2962 plura
1292 2896 1319 2943 in

775 2991 805 3027 re
827 2977 895 3026 satis
918 2974 1029 3038 cognita
1053 2971 1155 3020 addere
1183 2961 1321 3031 putidum)

775 3047 861 3096 Henr.
875 3043 1014 3094 Valesinm
1033 3040 1068 3090 sd
1079 3041 1206 3102 Excerpt.
1221 3032 1319 3098 Polyb.

777 3115 811 3166 Τ.
829 3113 892 3163 Vll.
911 3127 974 3177 pag.
993 3111 1028 3162 90
1043 3125 1101 3176 seq.
1125 3108 1167 3159 ed.
1185 3103 1321 3168 Schweig-

776 3183 872 3234 haeus.

812 3240 892 3301 οὗτοι
911 3244 943 3298 δὲ
967 3241 1001 3298 ori
1019 3249 1155 3314 γυναῖκας
1170 3231 1320 3309 ,ἠγάγοντο

777 3312 805 3379 ἐς
823 3315 876 3386 τὴν
892 3310 1031 3382 ἀποικίην
1054 3334 1080 3367 a.
1098 3333 1121 3366 τ.
1146 3313 1181 3380 1.]
1207 3314 1240 3363 In
1262 3325 1321 3360 ver-

777 3391 821 3441 bis
851 3375 931 3439 οὖτοι
959 3383 1006 3448 sl,
1037 3387 1135 3452 quibus
1162 3385 1321 3448 repetuntur

778 3458 969 3512 antecedentia
987 3448 1022 3504 oi
1044 3451 1082 3504 di
1104 3446 1214 3514 αὐτῶν,
1242 3461 1321 3528 nemp

778 3530 860 3596 paulo
890 3528 1001 3594 peritior
1029 3523 1126 3576 Graeci
1152 3537 1186 3571 ao
1214 3517 1323 3582 potissi-

779 3615 851 3650 mum
870 3596 1019 3650 Herodotei
1040 3592 1171 3644 sermonis
1189 3585 1320 3638 haerebit.

780 3669 860 3720 Cous.
885 3670 1045 3719 Buttmann.
1074 3665 1102 3712 in
1126 3663 1241 3712 Excurs.
1268 3653 1323 3704 XII

781 3740 816 3790 ad
825 3737 1001 3790 Demosthen.
1012 3733 1126 3784 Midian.
1138 3747 1164 3795 p.
1173 3729 1231 3779 162.
1247 3725 1324 3774 Wer·

781 3810 831 3860 fer.
850 3810 879 3858 in
896 3809 972 3859 Acti.
991 3802 1094 3870 philoll.
1114 3802 1239 3851 Menace.
1258 3795 1281 3855 1,
1297 3793 1322 3844 l.

780 3895 844 3944 pag.
863 3879 906 3930 97.
945 3875 978 3925 In
1001 3872 1158 3923 narratione
1181 3869 1241 3933 ipsa
1263 3877 1323 3914 oum

780 3947 921 3998 Herodoto
938 3959 1049 4010 prorsus
1069 3939 1204 3994 consentit
1221 3938 1325 3988 Pansa-

780 4019 840 4067 niaa
866 4015 933 4078 VII,
962 4017 988 4066 2.
1009 4017 1033 4078 5.
1055 4012 1081 4064 3.
1120 4011 1201 4062 Iones
1230 4007 1324 4056 narrat

781 4087 893 4138 Csricas
924 4084 1064 4146 mulieres,
1093 4096 1206 4148 quarum
1232 4080 1324 4144 patres

780 4157 947 4220 meritosque
965 4155 1170 4214 interemerant,
1199 4147 1252 4200 sihi
1270 4159 1325 4196 ma·

781 4226 907 4277 trimonio
926 4225 1055 4276 iunxisse.
1080 4223 1150 4273 Nam
1159 4220 1259 4271 Canum
1271 4213 1324 4264 fuit

781 4300 869 4358 terra,
893 4295 920 4346 in
947 4309 1003 4361 qna
1020 4293 1160 4345 considere
1177 4285 1326 4338 constitue·

782 4369 844 4416 rant
863 4366 958 4428 Ionos,
984 4364 1031 4415 uhi
1054 4369 1110 4412 tres
1130 4364 1226 4425 postea
1243 4351 1325 4402 urbes
