3020 4930
247 269 308 330 852
638 267 911 332 EXCURSUS
934 269 981 332 VI

246 443 353 498 Latinis
378 441 560 511 scriptoribus
588 443 727 513 Canopus,
757 441 874 495 Graecis
900 431 1051 512 Canobum
1068 457 1139 512 quae
1166 440 1200 493 ad
1229 445 1378 494 extremam

246 527 365 597 Aegypti
390 544 463 580 oram
485 527 648 580 occidentem
670 543 770 580 versus
786 527 856 596 sito‚¹
880 527 933 580 soli
951 525 1095 580 fertilitate
1116 543 1170 580 nou
1187 527 1277 580 minus
1295 545 1377 598 quam

245 611 402 665 commercio
426 611 487 664 olim
501 612 555 665 tuit
569 611 703 680 insignis,
725 629 784 665 cum
800 630 850 682 per
865 612 1034 682 Canopicum
1051 611 1152 664 ostium
1168 611 1254 664 solum
1270 612 1376 665 exteris

243 697 347 750 intrare
367 695 476 749 licuerit
494 697 521 749 in
539 698 703 766 Aegyptum.
736 699 774 749 hc
794 697 837 750 vel
860 705 925 768 post
946 696 1137 750 Alexandriam
1158 697 1294 750 conditam
1315 697 1377 750 loco

244 799 298 835 non
317 781 398 836 valde
412 787 515 835 remoto
531 783 598 834 urbs
616 781 716 852 templo
725 781 875 850 Serapidis,
894 781 981 836 sacris
999 782 1280 852 incubationibusque
1295 781 1377 836 ralde

242 867 360 920 illustris
379 867 442 920 fuit.
475 868 503 919 N
506 884 559 919 unc
573 883 661 936 pauca
677 867 806 919 ruderum
824 867 943 936 vestigia
960 884 977 919 a
992 866 1079 920 Gallis
1096 866 1185 919 doctis
1200 868 1310 920 detecta
1330 884 1377 920 ur·

243 953 287 1004 bis
304 952 409 1006 veteris
426 951 514 1005 locum
530 956 678 1020 occupant,
697 952 780 1004 horae
795 951 903 1005 dimidio
918 956 1021 1005 remota
1036 969 1051 1004 a
1066 951 1125 1004 loco
1139 951 1282 1006 Gallorum
1298 951 1377 1005 clade

243 1037 349 1105 insigni
365 1036 486 1104 Abukir‚
509 1037 674 1090 occidentem
696 1053 796 1088 versus
817 1037 1012 1106 proficiscenti.
1042 1036 1188 1090 Brachium
1205 1037 1378 1107 Canopicum

242 1122 310 1174 locis
332 1121 521 1174 adiacentibus
545 1127 574 1174 et
593 1123 801 1176 Heracleoticum
825 1121 978 1192 appellatur
1005 1127 1032 1173 et
1055 1123 1255 1177 Naucraticuna.
1293 1121 1377 1191 Apud

243 1206 424 1259 Ptolemaeum
445 1213 560 1259 vocatur
577 1199 695 1276 Ἀγαθὸς
713 1207 833 1276 dulpcov3
864 1207 938 1276 quod
956 1225 1067 1273 nomen,
1087 1206 1111 1258 ei
1126 1223 1212 1276 penes
1229 1205 1377 1276 Champol-

243 1292 341 1344 lionem
360 1291 429 1344 fides
452 1291 490 1362 (Ι.
507 1291 525 1344 l.
547 1311 574 1361 p.
594 1296 629 1350 23
644 1291 740 1361 seq),
762 1292 901 1360 Aegyptio
922 1292 1023 1344 nomini
1042 1294 1194 1362 Schetnoufi
1213 1291 1375 1360 respondet,

244 1393 299 1447 quo
317 1377 378 1446 ipso
396 1377 446 1428 hoc
460 1376 600 1429 brachium
617 1393 633 1428 a
651 1376 792 1428 veteribus
811 1376 956 1445 Aegyptiis
971 1376 1119 1428 indicatum
1135 1377 1229 1442 suerit,
1247 1393 1376 1446 praeser-

242 1463 288 1517 tim
316 1479 376 1514 cum
402 1461 494 1513 eadem
515 1461 570 1514 vici
592 1461 733 1514 cuiusdam
756 1461 866 1513 brachio
890 1460 953 1513 huie
976 1461 1126 1513 adiacentis
1152 1460 1190 1512 sit
1217 1459 1374 1530 appellatio.

243 1546 402 1599 Schetnouti
424 1546 495 1598 enim
510 1545 555 1598 ille
577 1546 637 1598 vult
653 1547 850 1615 Aegyptiorum
869 1563 993 1598 sermone
1016 1546 1124 1599 valere:
1146 1548 1233 1599 bonne
1246 1549 1374 1611 dranche,

241 1635 328 1686 bonne
349 1632 464 1685 diahian.
495 1631 539 1682 Ex
554 1629 694 1700 Canopico
712 1631 783 1683 ostio
799 1629 872 1682 uliud
889 1630 1029 1684 brachium
1053 1631 1185 1684 orientem
1201 1647 1302 1683 versus
1318 1647 1374 1682 non

242 1714 387 1787 proculab
404 1716 466 1785 ipso
481 1715 547 1769 mari
563 1733 649 1784 prope
665 1715 798 1767 Deirouth
820 1715 973 1768 derivatum
996 1723 1071 1780 erat,
1096 1717 1254 1770 Bolbitinon
1269 1733 1294 1767 s.
1313 1717 1374 1768 liol-

241 1803 346 1856 bs'tr‘eum
367 1801 441 1870 quod
465 1799 654 1870 appellabatur
675 1802 708 1852 ab
729 1801 811 1868 urbe,
835 1816 915 1868 quam
938 1801 1163 1870 praeterfluebat.
1200 1799 1375 1853 Ptolemaeus

243 1887 316 1938 hunc
337 1885 455 1939 canalem
476 1891 557 1938 vocat
574 1887 655 1954 Tutus
680 1903 749 1955 quae
767 1883 839 1936 haud
857 1885 916 1938 scio
938 1903 972 1937 an
989 1903 1055 1939 reru
1070 1885 1267 1956 Aegyptiorum
1287 1886 1376 1938 tuerit

242 1971 436 2024 denominatio.
470 1971 553 2023 Nunc
571 1971 653 2022 hocce
671 1970 824 2036 brachium,
842 1971 916 2038 quod
931 1970 992 2022 olim
1009 1969 1158 2023 invalidum
1173 1969 1235 2036 tuit,
1255 1971 1374 2022 omnium

164 2073 169 2084 ·
242 2057 332 2109 fertur
346 2055 558 2124 validissimum
586 2057 760 2110 Rusellanum
777 2053 862 2121 vulgo
884 2055 985 2107 dicitur
999 2061 1114 2124 propter
1135 2054 1227 2107 urbem
1246 2055 1373 2120 Rosette,

244 2141 291 2194 ubi
311 2142 379 2193 mari
393 2140 531 2193 miscetur.
562 2140 624 2192 Vid.
643 2140 679 2191 du
701 2139 866 2206 Bois-Aymt
886 2158 914 2209 p.
925 2143 987 2198 284.
1016 2139 1105 2192 Vetus
1121 2139 1290 2208 Canopicum
1309 2139 1374 2191 bra-

242 2226 330 2279 chium
348 2243 421 2278 nunc
436 2225 536 2277 siccum
552 2231 594 2276 est
611 2224 757 2293 rariusque
771 2223 829 2275 Nili
846 2224 925 2294 aquis
941 2223 1078 2294 impletur,
1095 2224 1158 2276 lieet
1173 2225 1233 2276 eius
1252 2223 1374 2292 vestigia

242 2317 369 2364 accurate
385 2310 514 2380 persequi
531 2309 611 2360 liceat
622 2304 661 2375 l).
689 2309 750 2360 Vid.
767 2309 803 2361 du
822 2308 987 2377 Bois—Ayme
1002 2309 1020 2360 l.
1037 2309 1055 2361 l.
1071 2327 1098 2378 p.
1108 2314 1226 2378 281seq.
1252 2308 1372 2361 Rennel.

241 2397 259 2448 l.
277 2396 295 2447 l.
312 2413 339 2464 p·
355 2398 407 2453 614
422 2411 500 2463 seqq.
523 2393 662 2446 Mannert.
680 2392 698 2444 l.
714 2392 731 2444 l.
751 2395 839 2462 puto
855 2411 933 2463 seqq.
956 2394 1056 2446 Ritter.
1073 2393 1226 2447 Erdlrunde
1238 2393 1259 2444 1.
1276 2412 1305 2463 p.
1319 2397 1374 2452 816

242 2497 301 2548 seq.
332 2479 412 2541 Quae
431 2495 489 2532 cum
507 2478 545 2529 its
557 2495 588 2530 se
603 2479 733 2545 habeant,
758 2480 931 2533 Rusellanum
946 2478 1060 2531 fluvium
1079 2479 1107 2530 in
1124 2480 1250 2550 Canopier'
1270 2477 1375 2531 veteris

242 2563 330 2616 locum
345 2579 418 2614 nunc
432 2561 602 2615 successisse
618 2562 700 2630 vulgo
715 2571 831 2631 ponunt.

326 2647 450 2700 Tertium
471 2645 529 2699 Nili
551 2635 704 2713 brachium,
728 2647 843 2700 omnium
863 2649 922 2700 tere
942 2648 1097 2714 marhuan,
1119 2650 1316 2716 Sebennyticurn
1338 2648 1373 2700 ab

242 2731 384 2785 Herodoto
410 2731 577 2800 appelletur,
607 2733 680 2800 quod
705 2731 785 2784 Delta
809 2733 925 2785 medium
950 2733 1093 2786 dissecans
1122 2734 1150 2785 in
1178 2733 1268 2802 ipsius
1290 2732 1373 2784 Delta

242 2817 320 2887 apice
340 2815 548 2886 septentrionali
570 2817 597 2868 in
619 2833 692 2870 mare
710 2816 821 2885 effluat,
843 2823 986 2888 postquam
1004 2819 1098 2872 urbem
1114 2819 1206 2870 Baton
1228 2817 1372 2886 lucumque

242 2901 425 2972 praeterierit.
455 2901 537 2963 Quod
552 2901 577 2953 si
591 2901 745 2970 antiquitus
759 2919 856 2955 revera
866 2901 921 2954 tale
935 2903 990 2955 fait
1005 2906 1070 2974 (nec
1085 2903 1168 2955 ullum
1183 2903 1275 2954 obstat
1291 2901 1371 2954 testi-

242 2987 368 3053 monium,
388 2987 543 3055 quominus
556 2987 726 3054 credamus),
743 2988 829 3056 ipsam
841 2987 961 3040 locorum
973 2993 1096 3040 naturam
1111 2987 1245 3056 dariique
1259 3002 1371 3038 cursum

242 3077 355 3141 postera
373 3075 463 3123 aetate
481 3069 561 3123 valde
577 3077 707 3124 mutatum
728 3089 791 3124 esse
812 3076 919 3125 statuas
940 3090 1053 3125 necesse
1076 3071 1137 3125 erit.
1168 3071 1222 3124 Ubi
1243 3071 1315 3124 enim
1338 3088 1372 3123 ex

242 3155 377 3208 Herodoti
391 3163 480 3208 mente
489 3155 691 3224 Sebennyticus
702 3157 805 3210 flarius
816 3157 845 3209 in
857 3173 929 3208 mare
946 3157 1048 3210 exiisse
1062 3156 1201 3227 putandus
1217 3161 1269 3220 est,
1286 3173 1371 3220 nunc,

243 3257 313 3309 quae
330 3240 431 3292 dudum
446 3247 578 3308 stagnosa
595 3241 673 3293 suere
691 3241 750 3294 loca
767 3247 850 3310 atque
866 3241 1014 3310 paludosa,
1036 3241 1064 3294 in
1082 3257 1165 3294 unum
1183 3242 1267 3294 terme
1284 3239 1373 3293 lacum

243 3341 267 3375 s.
280 3323 405 3394 paludem
422 3342 555 3378 conversa
573 3332 655 3392 sunt,
674 3326 718 3377 cui
736 3343 831 3378 nomen
844 3325 945 3378 Brulos
961 3325 1030 3397 (vid.
1045 3331 1113 3378 nott.
1126 3326 1161 3378 ad
1172 3326 1208 3392 ll,
1219 3332 1279 3384 155.
1296 3325 1371 3392 156).

243 3409 349 3462 Nomen
367 3409 546 3477 Sebennytici
562 3409 641 3462 duvii
658 3411 692 3462 ab
709 3411 776 3463 urbe
793 3413 938 3480 Sedennyto
959 3417 1049 3482 (nunc
1061 3410 1235 3464 Sumnnnoud
1253 3409 1371 3476 dieitur)

243 3494 354 3547 ductum
372 3500 472 3564 putem.
501 3493 600 3546 Strabo
618 3495 700 3547 huius
718 3495 781 3547 ostii
799 3495 919 3548 meminit
938 3513 993 3548 una
1008 3512 1067 3549 cum
1086 3490 1268 3562 Pterne0**)
1287 3494 1372 3562 ostio,

311 3677 337 3742 *)
357 3679 433 3740 Quae
451 3681 551 3729 exeunt
562 3693 632 3728 nrmc
646 3693 663 3727 a
676 3677 740 3728 lacu
749 3677 822 3727 Etko
839 3677 980 3730 ueletiam
998 3695 1015 3728 a
1025 3679 1087 3730 lacu
1098 3677 1220 3729 Aboulrir
1238 3677 1273 3728 ad
1285 3691 1372 3741 mare,

243 3748 278 3797 ad
295 3747 346 3798 hoo
364 3747 506 3798 brachium
524 3749 587 3798 olim
606 3749 771 3814 pertinuisse
789 3749 896 3800 iudicat
908 3749 1048 3800 Wheeler:
1066 3747 1229 3815 Geography
1247 3745 1371 3799 offlere·

242 3819 300 3868 ἀπ’
311 3834 355 3952 dli)
365 3817 472 3937 ¹llltblhbo
483 3887 627 3936 Phutuieum
645 3889 712 3939 dicit
733 3891 842 3952 ostium,
861 3887 933 3954 quod
952 3887 1002 3938 alii
1018 3887 1169 3937 Phalericum
1188 3857 1246 3938 sive
1262 3883 1371 3936 Phatni-

169 4014 177 4024 ι
242 3959 326 4012 tierent.
346 3955 395 4006 alii
413 3957 452 4021 (in
472 3957 568 4021 quibus
578 3957 761 4024 Ptolemaeus)
780 3959 972 4010 Phutdmcticum
989 3963 1099 4008 vocant.
1129 3953 1370 4019 Vid.Wesseling.

243 4026 278 4073 ad
295 4025 407 4077 Diodor.
427 4027 480 4076 Sic.
499 4027 522 4090 Ι,
542 4025 584 4078 33.
604 4025 812 4080 Sehlichthorst.
829 4027 849 4078 l.
867 4028 886 4079 l.
906 4045 933 4093 p.
952 4025 995 4078 36.
1016 4055 1048 4062 -
1066 4027 1259 4078 Phathmetr'mmr
1272 4039 1371 4075 verum

242 4095 315 4156 apud
334 4096 483 4161 Aegyptios
507 4098 572 4147 ostii
595 4114 693 4149 nomen
714 4099 800 4150 tuisse
825 4099 904 4163 pouit
922 4095 1072 4162 Champoll.
1097 4097 1116 4147 l.
1134 4096 1152 4146 l.
1172 4111 1198 4160 p.
1221 4095 1264 4155 173
1294 4095 1369 4158 quod

243 4162 392 4227 Copturum
416 4165 503 4218 literis
522 4168 547 4218 si
564 4169 713 4230 scribatur,
738 4173 816 4219 sonet
833 4167 982 4230 plaaneti,
1001 4167 1019 4216 i.
1039 4183 1062 4216 e.
1080 4169 1103 4216 le
1122 4163 1208 4230 (haas)
1227 4165 1260 4213 du
1275 4165 1372 4222 rothem·

241 4247 302 4282 cum
318 4233 401 4284 hoece
413 4235 553 4286 brachium
572 4238 687 4288 inedium
705 4239 836 4288 interrex
854 4237 960 4302 reliqua
980 4237 1145 4286 invenietur.
1167 4262 1199 4270 -
1218 4233 1367 4283 Caeterum

241 4297 274 4350 ‹le
292 4301 417 4354 dissensu
436 4305 571 4355 Herodoti
593 4311 676 4372 utque
695 4307 853 4369 Strabonis,
879 4308 927 4371 qui
946 4321 979 4356 ex
996 4310 1101 4355 mutato
1126 4304 1203 4354 fluvii
1222 4319 1304 4354 eursu
1323 4317 1371 4354 ex·

239 4369 468 4435 minurientem,
487 4376 591 4426 monuit
610 4392 717 4443 quoque
738 4378 774 4428 da
791 4373 955 4441 Bois-hymd
974 4373 991 4424 l.
1006 4373 1025 4425 l.
1044 4389 1071 4440 p.
1091 4373 1144 4426 289
1160 4387 1218 4438 seq.
