3096 4930
232 275 294 338 430
662 271 930 334 ΗΕΒΟΒΟΤΙ

233 461 348 542 Μηνα.
381 455 435 521 ἐπὶ
456 451 594 533 τούτου,
613 447 701 536 πλὴν
719 453 779 515 τοῦ
793 445 966 536 squatum
987 454 1110 536 νομοῦ,
1135 456 1247 519 πᾶσαν
1260 459 1365 538 Αἰγο-

234 584 317 626 πτον
335 553 421 626 εἶναι
444 559 533 635 ἕλος,
565 555 621 622 καὶ
646 549 747 638 αὐτῆς
776 549 862 619 εἶναι
892 548 996 620 οὐδὲν
1017 548 1183 642 ὑπερέχον
1207 558 1276 624 τῶν
1302 560 1368 624 νῦν

234 667 355 750 ἔνερθε
374 667 492 750 λίμνης
510 663 567 745 τῆς
588 663 732 744 Μοίριος
753 653 894 738 ἐόντων,
918 659 951 735 ἐς
962 653 1025 744 τὴν
1037 653 1207 738 ἀνάπλους
1222 655 1288 727 άπὸ
1301 669 1365 728 θο-

234 857 774 928 sthenes(ibiu.p.91s.171ed.Bonn.),
825 852 938 907 Diodor.
965 859 988 920 1,
1008 859 1063 920 45),
1090 861 1136 924 qui
1157 859 1282 910 laudavit
1309 860 1367 910 Iac.

234 931 306 998 apud
327 947 394 997 quos
417 935 531 980 vocatur
547 921 667 994 Μήνης,
696 943 774 992 quem
825 921 961 977 Perizonii
974 927 1069 992 Origg.
1083 932 1213 995 Aegyptt.
1233 933 1321 996 cuph
1340 935 1368 980 et

234 1000 325 1066 Μήνοι
334 1002 402 1051 dixit
412 999 575 1060 Herodotus,
590 995 699 1062 Μηνᾶν
708 997 774 1046 Dio·
826 992 864 1043 1⁵·
883 997 1008 1048 Newtoni
1019 997 1145 1050 chronol.
1161 1016 1187 1064 p.
1202 1000 1263 1050 258.
1287 1001 1312 1050 N
1314 1015 1368 1049 aru·

234 1071 328 1130 dorus;
346 1086 433 1135 neque
455 1070 524 1119 slins
544 1074 586 1119 est
603 1068 647 1118 ille
666 1063 773 1131 Μήνις,
825 1077 877 1126 que
895 1068 1043 1117 Diodorum
1061 1069 1084 1117 si
1097 1071 1175 1134 sequi
1191 1069 1315 1132 velimus,
1334 1069 1368 1119 sd

235 1141 320 1191 Oenei
347 1147 438 1204 pater,
469 1155 548 1204 quem
579 1139 667 1203 Apion
695 1136 774 1187 affert
825 1147 888 1186 sun.
919 1138 1003 1188 14878
1034 1143 1099 1188 ante
1128 1139 1191 1191 Chr.
1220 1157 1248 1191 u.
1275 1155 1369 1190 ascen·

233 1209 305 1276 apud
328 1209 433 1260 Aelisn.
458 1211 493 1260 N.
522 1211 555 1260 Α.
578 1209 628 1271 XI,
653 1209 697 1269 41,
725 1210 774 1256 sut
825 1201 870 1255 det
889 1207 976 1257 Meuia
996 1210 1122 1273 regnum!
1147 1210 1225 1260 Cous.
1240 1209 1368 1260 Larcber.

233 1278 338 1336 Μοῖνις
360 1297 383 1331 s.
402 1277 526 1336 Μείνιος
545 1279 617 1343 apud
636 1275 774 1327 Plutarch.
827 1275 990 1342 chronolog.
1016 1278 1176 1330 d'Herodot.
1195 1279 1271 1344 (Vll)
1289 1295 1315 1344 p.
1335 1279 1368 1328 53

234 1350 267 1399 de
286 1349 353 1399 Isid.
375 1353 402 1399 et
421 1347 522 1399 Osirid.
543 1364 604 1412 cap.
623 1347 648 1398 8.
667 1363 695 1410 p.
715 1346 774 1396 354.
827 1361 902 1411 seqq.
929 1347 1043 1398 Cautius
1066 1350 1123 1414 egit
1145 1349 1220 1399 Beck
1243 1347 1368 1414 (Allgern.

234 1420 268 1468 ln
288 1419 346 1482 ipso
366 1418 506 1468 Herodoto
524 1418 645 1482 plerique
667 1417 729 1466 libri
748 1416 774 1466 h.
827 1417 992 1482 Weltgesch.
1016 1418 1038 1468 1.
1058 1434 1086 1482 p.
1104 1417 1177 1480 281),
1198 1421 1244 1484 qni
1263 1421 1367 1470 Meneru

234 1488 253 1538 l.
273 1486 371 1551 Μήνα,
389 1488 436 1552 qui
455 1488 527 1537 infra
544 1489 580 1550 ΙΙ,
600 1487 634 1536 90
653 1503 685 1536 ax
698 1491 775 1550 parte
827 1487 918 1549 posuit
940 1503 1003 1539 ann.
1027 1489 1095 1540 ’2235
1113 1493 1177 1540 ante
1195 1490 1258 1540 Chr.
1283 1505 1327 1550 n.‚
1351 1503 1368 1537 a

234 1557 317 1606 Μῖνα
331 1557 441 1618 habent,
461 1557 534 1621 quod
552 1557 602 1606 hoc
616 1557 697 1606 etiam
715 1555 775 1605 loco
827 1571 880 1620 qno
898 1572 953 1606 non
973 1557 1116 1608 admodum
1135 1559 1237 1609 recedit
1254 1559 1368 1609 Wilkiu-

234 1642 318 1692 prave
336 1627 445 1677 exbibet
462 1627 635 1677 Florentinus
652 1640 776 1690 unusque
827 1640 877 1674 son
894 1626 1033 1688 (Meuuers
1050 1633 1101 1677 etr..
1115 1629 1139 1679 1.
1152 1645 1179 1693 p.
1194 1629 1248 1693 41),
1269 1643 1366 1678 annum

234 1697 385 1747 Parisinus.
428 1697 485 1746 Nec
511 1701 602 1746 tamen
628 1696 775 1761 quidquam
828 1695 1367 1756 2320a.t3hr.n.constitneus;Boeckh.

235 1767 407 1828 mutandum,
426 1766 517 1816 sedin
532 1767 644 1831 vulgato
660 1766 776 1816 lectione
827 1765 919 1828 posuit
937 1781 1000 1817 ann.
1019 1767 1101 1828 5702,
1121 1769 1229 1818 Bunseu
1242 1767 1270 1832 (l.
1284 1768 1302 1819 l.
1315 1768 1367 1818 111.

234 1833 325 1900 Μήνα
343 1836 540 1901 persistendum
559 1852 618 1886 esse
635 1841 708 1886 recte
722 1836 775 1884 iam
828 1849 853 1898 p.
875 1835 935 1898 123)
951 1851 1014 1886 ann.
1034 1835 1112 1899 3043,
1131 1839 1246 1902 Lepsios
1266 1837 1284 1889 l.
1303 1839 1321 1888 1.
1344 1838 1367 1888 Ι.

236 1907 305 1957 vidit
322 1905 532 1972 Wesselingius,
555 1907 636 1971 idque
656 1920 776 1968 compro·
828 1919 891 1968 pag.
916 1904 976 1955 490.
1000 1906 1104 1956 invenit
1126 1922 1189 1958 ann.
1216 1907 1284 1960 3893
1306 1913 1368 1958 ante

234 1977 317 2028 batur
340 1977 507 2038 curatione,
535 1976 684 2040 qushuius
704 1975 775 2038 regis
828 1973 890 2024 Chr.
907 1989 934 2023 n.
966 1976 1099 2040 Equidem
1115 1979 1183 2027 satis
1202 1978 1297 2040 habeo,
1316 1977 1368 2043 pri·

234 2062 332 2096 nomen
354 2047 426 2095 notis
448 2045 658 2111 hieroglyphicis
683 2059 777 2094 exara·
828 2044 927 2094 marias
955 2045 1072 2106 virorum
1096 2047 1236 2098 doctorum
1263 2055 1368 2098 senten·

234 2121 292 2166 tum
309 2115 442 2179 reperitur
454 2117 481 2165 in
498 2115 566 2180 ipsis
581 2116 776 2180 Aegyptiorum
827 2115 880 2163 tiss
904 2114 1029 2165 attulisse
1052 2117 1080 2165 in
1106 2133 1139 2167 ea
1163 2134 1206 2180 re,
1232 2134 1303 2183 quse
1327 2133 1369 2168 me

234 2187 413 2237 monumentis
432 2185 546 2235 eundem
564 2185 658 2235 sercin
669 2185 776 2235 modum
827 2185 960 2234 sentiente
978 2185 1023 2234 vix
1042 2201 1159 2252 nuquam
1179 2193 1253 2238 certo
1270 2189 1370 2238 consti·

235 2261 317 2319 atque
335 2269 431 2303 nornen
452 2256 523 2304 sacri
540 2255 625 2317 tauri,
644 2256 690 2320 qui
703 2255 777 2303 Mne·
826 2255 867 2302 tui
884 2255 994 2318 poterit.

236 2325 276 2372 ris
303 2328 429 2374 vocatur:
452 2325 561 2384 MeNA,
592 2324 663 2373 nude
685 2325 776 2388 zoega
860 2315 936 2388 πλὴν
947 2321 1000 2372 τοῦ
1008 2321 1156 2392 Θηβαϊκοῦ
1167 2323 1268 2391 νομοῦ]
1278 2328 1368 2390 „Lau-

235 2395 268 2444 de
287 2392 412 2447 obelisco.
432 2408 459 2456 p.
479 2395 509 2444 ll
525 2394 630 2444 Manem
650 2393 684 2442 ad
702 2393 776 2444 Mne·
826 2393 1001 2443 danturhsec
1013 2395 1042 2444 in
1053 2397 1188 2462 Descript.
1203 2397 1366 2462 del'Egypt.

235 2464 289 2512 vim
313 2463 410 2524 refert,
435 2461 501 2512 solis
525 2466 632 2512 taurum
658 2462 776 2527 solisque
826 2463 931 2528 antiqq.
951 2463 974 2513 Ι.
988 2479 1043 2516 sec.
1062 2465 1165 2518 livrais.
1179 2481 1242 2532 pag.
1259 2467 1302 2530 88,
1321 2467 1368 2517 nbi

235 2533 292 2582 lere
310 2533 416 2596 signnm
436 2547 458 2581 s.
472 2533 622 2596 symbolum
642 2533 774 2582 interris:
827 2533 1018 2596 comprobatur
1030 2535 1113 2585 variis
1125 2538 1301 2600 argumentis,
1314 2552 1368 2587 uon

234 2608 316 2666 atque
341 2601 478 2651 Diodorus
502 2602 528 2663 1,
548 2603 581 2652 04
605 2603 632 2651 iu
650 2603 776 2666 Aegypto
827 2602 913 2652 solum
943 2601 1085 2667 planitiem
1113 2605 1289 2666 Thebaicum,
1320 2606 1368 2656 sed

234 2677 298 2736 post
319 2671 429 2722 deornm
456 2676 538 2736 atque
559 2672 668 2722 heroum
695 2673 776 2736 impe·
826 2673 982 2722 universam
993 2674 1155 2738 Aegyptiam
1174 2681 1366 2740 exaggeratam

235 2743 303 2792 rium
325 2742 438 2806 primum
458 2743 597 2792 exstitisse
619 2742 703 2791 tradit
726 2733 777 2790 τὸν
828 2757 889 2798 esse
906 2742 970 2792 limo
994 2743 1155 2792 exundantis
1172 2743 1238 2793 Nili.
1277 2743 1309 2792 In
1334 2759 1366 2794 eo

235 2803 371 2875 Μνεύην,
396 2812 443 2876 qui
465 2811 571 2875 legibus
595 2813 704 2876 scriptis
722 2816 776 2860 tra·
827 2817 918 2862 tamen
951 2813 1141 2878 refragantur,
1176 2813 1247 2878 quod
1273 2813 1366 2878 paula-

235 2881 300 2930 ditis
320 2881 447 2946 populum
470 2881 505 2930 ad
528 2881 668 2932 cultiorem
688 2883 774 2930 vitam
828 2883 876 2931 tim
894 2897 1037 2932 arenosam
1055 2898 1197 2933 evasuram
1214 2885 1366 2949 Aegyptum

234 2951 399 3000 traduxerit:
418 2951 596 3016 vidLspsius
612 2951 775 3016 Chronolog.
827 2951 981 3002 crediderat
991 2954 1155 3003 Herodotus.
1174 2954 1280 3004 Etenim
1289 2970 1368 3019 exag-

235 3021 262 3070 d.
285 3023 402 3085 Aegypt.
427 3021 451 3071 1.
469 3037 496 3085 p.
523 3022 566 3072 50.
591 3023 651 3073 sol.
688 3021 776 3072 Huius
827 3026 923 3086 gerats
948 3022 1080 3085 paulatim
1107 3024 1234 3073 universa
1256 3023 1368 3088 planitie

234 3090 318 3154 igitur
342 3091 414 3154 regis
433 3106 529 3140 nomen
548 3092 600 3140 iam
619 3091 777 3141 Eratostlie-
827 3093 909 3140 etiam
927 3091 983 3142 Nili
1001 3093 1086 3156 ipsius
1105 3093 1212 3144 alveum
1224 3095 1296 3144 iusta
1309 3111 1369 3160 pro·

235 3173 283 3207 nes
300 3158 317 3209 l.
337 3158 355 3208 l.
375 3158 509 3222 explicare
520 3166 633 3211 conatus
653 3167 712 3211 erat
730 3161 776 3210 ad·
826 3162 952 3225 portione
969 3165 1160 3227 exaggerari.“
1185 3165 1228 3216 Or.
1251 3165 1293 3214 Tu
1311 3165 1367 3214 vid.

236 3227 301 3277 ditis
320 3227 361 3276 his
386 3229 491 3278 verbis:
517 3223 624 3294 Μήνης
641 3263 675 3272 -
698 3219 774 3294 ὃὲρ-
826 3236 896 3280 nott.
915 3231 951 3280 ad
968 3231 1007 3295 11,
1023 3233 1049 3283 5.
1070 3234 1102 3283 10
1119 3233 1182 3284 coll.
1204 3235 1245 3286 13.

235 3288 386 3361 penetrem
416 3290 567 3356 διόνιος,
604 3303 680 3350 cuius
714 3299 774 3350 loco
861 3289 1367 3368 καλαάτῆςελναι-ἕόντων],1111111

235 3381 307 3418 nnuc
324 3367 462 3431 receptum
481 3373 536 3429 est,
562 3371 632 3434 quod
651 3369 775 3420 lablons-
826 3372 884 3420 eius
903 3368 934 3433 (i.
956 3386 981 3422 e.
999 3372 1101 3422 nullam
1122 3374 1236 3440 Aepypti
1251 3375 1366 3438 partem)

235 3436 297 3486 kius
314 3437 478 3500 enrendavit,
498 3429 656 3495 άιιάνιοςε
675 3439 774 3503 quippe
826 3441 912 3490 inisse
929 3441 1049 3491 eminens
1067 3457 1148 3508 super
1166 3459 1262 3508 aquarn
1281 3459 1313 3492 ex
1332 3445 1366 3492 iis

234 3505 285 3556 hoo
310 3507 339 3556 in
363 3518 467 3572 regem,
503 3509 547 3572 qui
573 3509 777 3572 antiquissimus
828 3507 919 3574 (terris
938 3510 1019 3576 scil),
1040 3528 1109 3577 quae
1127 3513 1366 3563 nuncinirsbloe-

234 3576 352 3628 omnium
375 3578 473 3638 fertur,
500 3579 644 3628 convenire
667 3577 778 3628 videbe·
827 3579 997 3630 ridislacum
1018 3582 1220 3633 inveniantur.“

233 3649 287 3696 tur.
333 3647 434 3696 Nostra
459 3651 550 3697 aetate
578 3649 650 3712 regis
680 3663 776 3698 nomen
863 3641 890 3706 ἐς
904 3641 958 3711 τὴν
976 3641 1123 3710 ἀνάπλοος
1144 3645 1202 3702 άπὸ
1221 3644 1367 3717 θαλάσσης

234 3715 357 3766 aradios
374 3733 427 3766 meo
440 3714 470 3780 (i.
485 3733 508 3766 e.
521 3732 629 3781 ponere,
647 3716 777 3779 condere)
827 3710 896 3768 ἕπτά
916 3711 1044 3782 ἡμερέων
1067 3712 1123 3770 ἐστὶ
1141 3715 1198 3771 ἀνά
1215 3715 1266 3772 τὸν
1282 3737 1367 3772 ποτά-

235 3785 333 3849 repetit
343 3787 451 3836 Bunsen
461 3786 617 3850 Aegyptsus
628 3786 713 3838 Stelle
722 3793 775 3839 etc.
825 3779 891 3854 μάν]
909 3789 938 3838 Si
955 3805 1039 3840 novem
1056 3791 1166 3840 schoeni
1184 3807 1238 3842 uuo
1256 3794 1368 3858 naviga-

234 3854 273 3904 ΙΙ.
292 3869 318 3917 p.
338 3856 372 3904 45
394 3855 456 3905 coll.
474 3855 629 3906 Wilkinson
648 3858 775 3907 Manners
827 3857 909 3908 tionis
928 3858 972 3908 die
982 3859 1162 3909 coniiciuntur
1176 3862 1262 3925 (conf.
1275 3863 1314 3922 11,
1327 3860 1366 3924 9),

235 3927 287 3972 etc.
300 3924 322 3972 1.
337 3939 362 3986 p.
373 3926 401 3972 41
413 3942 419 3984 3
431 3926 531 3975 rectius
542 3927 636 3990 opinor
644 3926 776 3977 Rusellini
826 3927 939 3977 exsistet
949 3927 1011 3976 inde
1023 3943 1128 3978 summa
1136 3930 1313 3978 schoeuorum
1327 3945 1367 3979 se-

234 3992 402 4043 Monument.
423 3994 517 4044 storici
541 3995 564 4044 l.
585 4012 611 4060 p.
633 3995 682 4048 123
697 4012 772 4062 seqq,
826 3997 939 4061 xsgints
957 3997 1038 4046 trium
1061 3997 1119 4046 sive
1138 3997 1252 4058 378,000
1271 4003 1368 4047 metro-

233 4059 268 4108 ad
287 4075 380 4108 vocem
400 4061 461 4112 Meo
480 4079 503 4114 s.
521 4063 612 4122 Amen,
637 4065 717 4116 Amos
735 4082 775 4116 re·
825 4081 884 4115 rum
901 4063 1040 4128 (mdtres);
1067 4065 1094 4114 id
1121 4067 1193 4131 qnod
1215 4081 1274 4116 cum
1294 4069 1366 4118 veris

234 4129 356 4193 graditur
388 4130 548 4197 lienemque
580 4135 775 4200 interpretatur
825 4135 958 4185 mensuris
968 4135 1366 4199 apprimeconvsniretrsddnt.

233 4198 363 4248 cadentem
379 4215 432 4250 eum
450 4202 567 4252 Ammooe
579 4218 602 4254 s.
616 4205 773 4255 Ammontem.
825 4203 887 4254 vid.
896 4204 1031 4268 Descript.
1042 4204 1075 4255 de
1085 4204 1155 4270 l’sg.
1166 4207 1276 4272 Autiqq.
1285 4205 1366 4258 Mem.

232 4268 274 4316 De
293 4271 384 4318 aetate
402 4269 518 4321 hominis
534 4287 600 4323 vera
614 4275 699 4324 maior
716 4275 775 4324 rixa
825 4274 848 4325 1.
867 4288 929 4338 pau.
949 4273 992 4324 88.
1013 4273 1063 4325 102
1084 4274 1145 4326 coll.
1165 4276 1284 4326 Iomard.
1303 4293 1367 4342 pag.

232 4341 288 4400 est,
307 4341 412 4388 utcnm
428 4338 775 4408 Wessslingioloqommd
826 4341 1043 4408 5080251515,
1061 4349 1266 4413 quseexparte
1282 4351 1369 4398 mans·
1473 4363 1477 4370 ·
