3058 4928
117 278 118 282 ’
224 267 286 332 580
658 263 926 328 HERODOTI

224 441 363 526 λύκους,
389 436 430 509 οὐ
448 443 560 533 πολλῷ
578 442 642 532 τέῳ
662 436 777 518 ἐόντος
794 434 981 508 ἀλωπέκων
997 441 1153 530 μέζονας,
1173 436 1280 510 αὐτοῦ
1297 439 1365 510 θοὶ-

195 632 197 636 Ι
225 565 363 628 πτουσι,
388 548 428 632 τῇ
446 537 490 613 δν
508 539 693 631 εὑρεθέωσι
708 548 868 630 κείμενοι.

178 661 217 722 68
305 652 379 716 Τῶν
395 646 432 715 δὲ
450 651 678 738 κροκοδείλων
695 644 796 734 φύσις
814 643 885 713 ἐστὶ
902 641 1025 732 τοιήδε.
1071 640 1150 724 τούς
1166 660 1407 734 leproso-13⁶

225 849 287 900 uiri.
326 849 405 900 Ursas
424 848 493 899 satis
517 851 626 898 constat
650 863 705 898 non
729 861 769 896 re·
819 842 891 894 baud
910 844 1015 906 censui,
1041 843 1165 910 quamvis
1189 843 1225 894 ab
1244 843 1305 895 edd.
1323 859 1364 893 rs·

225 919 307 984 periri
322 933 370 983 per
387 919 552 984 Aegyptum:
573 919 618 983 qui
638 917 708 982 quod
726 916 768 966 bis
819 918 903 964 oentt.
927 919 1076 978 recepturo.
1100 941 1132 950 —
1153 914 1256 964 Locum
1278 914 1365 963 Hero-

225 991 254 1038 iu
270 989 450 1038 monumentis
474 987 612 1037 Thebanis
634 986 768 1050 conspici·
819 983 877 1033 doti
897 983 930 1033 de
953 982 1098 1034 crocodilis
1122 981 1202 1034 valde
1226 983 1363 1048 insignem

211 1053 318 1118 'untur,
343 1062 415 1108 teste
437 1057 607 1106 Wilkinsonc
628 1055 768 1119 (Manuers
819 1052 934 1104 molliet
950 1058 1073 1104 veterum
1086 1057 1114 1103 et
1127 1053 1308 1103 recentiorum
1320 1051 1364 1102 vel

225 1131 277 1178 etc.
296 1127 349 1176 Ill.
368 1143 395 1191 p.
418 1127 450 1176 λδ
474 1141 530 1190 seq.
557 1125 618 1176 coll.
638 1140 694 1176 sec.
713 1140 765 1176 ser.
817 1124 968 1188 attigerunt
996 1121 1040 1172 vel
1067 1127 1232 1174 tractarunt.
1273 1123 1363 1186 Atque

224 1197 262 1248 11.
280 1211 343 1261 pag.
363 1195 433 1260 136),
452 1195 480 1244 id
499 1194 593 1246 eodem
608 1195 667 1245 viro
685 1194 767 1244 docto
817 1192 872 1242 iam
892 1197 958 1242 ante
974 1191 1144 1242 Herodotum
1167 1191 1200 1242 de
1217 1189 1363 1242 crocodilis

224 1271 335 1316 auctore
348 1266 411 1315 inde
423 1264 620 1330 explicandum,
637 1263 708 1328 quod
722 1264 767 1312 be·
818 1263 961 1326 Aegyptiis
997 1261 1131 1326 quaedem
1169 1261 1362 1326 perscripsisse

224 1337 294 1386 stiae
310 1335 363 1386 has
379 1335 450 1384 inter
467 1348 580 1384 munera
597 1336 654 1398 regi
673 1332 766 1382 oblate
817 1331 926 1380 videtur
937 1332 1094 1382 Hecataeus
1106 1329 1243 1394 Mlleeins,
1262 1347 1295 1380 ex
1307 1345 1360 1395 qno

224 1408 381 1470 comparent
397 1407 479 1468 atque
496 1403 664 1452 extrincecus
683 1401 766 1450 addu-
816 1401 876 1464 ipso
886 1400 1017 1450 nonnulla
1028 1401 1158 1451 Nostrum
1168 1401 1298 1452 sumsisse
1306 1405 1362 1449 ste-

222 1479 285 1526 ctae
301 1473 436 1522 videatur.
470 1471 560 1536 Atque
578 1471 648 1522 tales
669 1471 764 1536 imagi·
816 1473 904 1519 luunt.
941 1469 1004 1520 Vid.
1027 1471 1164 1535 Fragmm.
1188 1470 1294 1536 antiqq.
1321 1469 1361 1518 bi·

221 1559 269 1594 nes
279 1541 447 1592 Herodotum
460 1541 764 1606 vidisseindequebaeo
816 1539 924 1590 storicc.
945 1555 972 1604 p.
995 1538 1026 1590 10
1050 1539 1093 1590 ed.
1117 1539 1211 1590 Creon.
1232 1545 1260 1588 et
1277 1537 1361 1588 Klau-

220 1611 347 1662 retulisse
357 1611 506 1660 arbitratur
516 1611 668 1660 Letronne:
687 1611 765 1662 Jour-
815 1623 863 1657 sen
881 1608 917 1658 ad
929 1609 1063 1660 Hecataei
1081 1609 1205 1674 fragmrn.
1218 1623 1281 1674 pag.
1299 1607 1358 1658 128.

220 1681 268 1732 nal
285 1681 312 1732 d.
331 1681 396 1732 Sar.
413 1680 489 1732 1844.
508 1695 536 1744 p.
555 1680 615 1730 5611.
630 1709 665 1718 -
678 1681 765 1741 Lupus
815 1676 948 1743 solonge
962 1683 1026 1728 ante
1039 1683 1184 1744 utrumque
1201 1680 1359 1744 scriptorem

219 1749 618 1810 testanturAristotelesfflist.
626 1749 763 1812 savin,
816 1746 935 1798 Graecus
962 1747 1024 1798 lobi
1052 1751 1168 1812 scriptor
1194 1747 1359 1800 crocodilum

219 1821 265 1886 28)
285 1825 312 1871 et
329 1819 434 1870 Plinius
453 1818 537 1884 (Hist.
550 1819 614 1870 Nat.
625 1818 702 1879 VIII,
718 1820 763 1882 2⁶2)
815 1817 892 1866 novit
905 1822 932 1866 st
951 1816 1095 1882 descripsit
1110 1818 1168 1880 XL,
1187 1819 1221 1869 20
1237 1823 1265 1868 et
1282 1833 1357 1884 seqq.

219 1907 268 1956 per
284 1891 438 1955 Aegyptum
459 1889 576 1939 minores
605 1903 763 1952 essequam
814 1885 937 1950 Namque
948 1887 1089 1937 maman
1103 1887 1137 1937 de
1154 1886 1205 1937 bac
1217 1886 1306 1937 bestia
1320 1887 1359 1936 in-

219 1961 248 2010 in
276 1959 401 2012 Graecia.
443 1957 510 2008 Cum
532 1973 597 2008 vero
624 1957 705 2008 bodie
735 1957 763 2006 iu
813 1953 990 2020 telligendum
1017 1971 1078 2006 esse
1106 1957 1162 2006 iarn
1185 1957 1278 2007 docuit
1306 1957 1359 2006 Bo-

219 2031 346 2095 Aegypto
364 2029 443 2094 lupos
456 2027 568 2093 reperiri
585 2026 706 2092 plerique
718 2041 764 2076 na·
814 2024 891 2074 cbart
915 2025 1070 2076 Hieroaoie.
1096 2025 1151 2076 Ill.
1177 2041 1205 2090 p.
1230 2023 1280 2076 737
1299 2041 1358 2090 seq.

218 2105 297 2164 gout,
325 2097 387 2148 aliis
406 2097 529 2162 quamvis
547 2111 577 2146 se
595 2095 639 2146 vel
661 2095 763 2145 vidisse
813 2093 880 2144 Post
898 2094 1067 2144 Herodotum
1091 2095 1138 2159 qui
1163 2095 1196 2146 de
1214 2093 1358 2146 crocodilis

218 2169 297 2234 lupos
316 2165 360 2216 vel
383 2165 520 2216 ululantes
545 2165 665 2215 audiisse
689 2179 762 2214 asse·
813 2167 940 2228 egerunt,
965 2179 1012 2214 eos
1032 2164 1135 2215 excitat
1152 2163 1309 2216 Schneider.
1328 2164 1358 2214 in

218 2236 385 2298 vorantibus,
404 2251 445 2297 sa,
462 2249 533 2299 quae
550 2233 584 2284 de
602 2234 644 2284 bis
661 2235 762 2284 anima·
811 2230 897 2294 libro,
921 2233 967 2298 qui
986 2233 1158 2284 inscribitur:
1176 2235 1282 2284 Histor.
1301 2249 1357 2284 am·

217 2306 299 2356 libus.
308 2303 381 2369 apud
405 2308 512 2354 veteres
530 2308 704 2366 enarrantur,
727 2302 761 2352 ad
812 2300 929 2366 phibior.
954 2303 1087 2353 naturalis
1116 2308 1144 2352 et
1167 2303 1238 2354 liter.
1260 2304 1355 2354 fascic.

216 2377 425 2439 reposce-vanus
438 2372 601 2426 sociamus
617 2371 702 2422 relata
716 2389 762 2424 vo·
811 2370 841 2420 II
860 2369 930 2434 (len.
951 2369 1032 2434 1801)
1052 2373 1113 2424 init.
1133 2373 1253 2424 Primum
1266 2373 1357 2424 locum

216 2443 284 2506 lunt,
296 2443 395 2508 quippe
409 2457 521 2508 quorum
532 2442 679 2492 etiamnum
688 2441 760 2492 band
812 2439 918 2490 obtinet
935 2441 1113 2504 Aristoteles,
1132 2447 1218 2494 totam
1232 2443 1287 2494 iere
1302 2443 1358 2492 He-

215 2528 320 2578 paucae
338 2514 507 2576 reperiantur
530 2511 661 2576 mumiae,
686 2513 762 2562 testi·
812 2509 903 2560 rodoti
922 2511 1106 2562 narrationem
1126 2517 1260 2577 repetens,
1280 2513 1355 2562 Ilist.

215 2583 267 2648 bus
284 2581 409 2632 Iomardo
429 2579 459 2645 (l.
480 2578 499 2631 l.
518 2581 554 2630 X.
576 2579 601 2642 ξ.
618 2581 644 2631 8.
663 2597 691 2646 p.
710 2579 761 2632 353
812 2578 863 2629 An.
876 2579 914 2640 11,
932 2580 971 2630 ltl.
991 2579 1024 2640 V,
1038 2579 1071 2632 33
1087 2581 1149 2631 coll.
1163 2582 1243 2644 VIII,
1257 2583 1289 2632 15
1302 2587 1354 2631 eto.

217 2668 240 2702 .
253 2649 363 2702 Rscueil
374 2656 427 2701 ete.
441 2667 469 2716 p.
483 2649 620 2717 313317)
634 2651 758 2715 aliisque,
811 2647 862 2698 Cui
898 2647 984 2698 addas
1015 2650 1129 2701 Diodor.
1157 2651 1180 2714 1,
1211 2651 1259 2714 35,
1294 2652 1356 2702 Am·

216 2736 285 2786 quos
298 2719 393 2770 laudat
404 2719 564 2770 Reinbardt.
581 2719 609 2770 in
619 2721 759 2772 dissertat.

217 2787 292 2841 land.
317 2805 381 2856 pag.
407 2791 447 2842 ld.
475 2790 506 2840 17
533 2787 595 2842 coll.
620 2791 644 2840 7.
687 2789 758 2841 Δδδ.

214 2860 371 2927 Lauggutb.
391 2858 424 2909 de
446 2859 530 2910 beatt.
551 2861 679 2925 Aegypti.
704 2865 756 2910 eto.

216 2925 243 2994 p'.
260 2929 295 2982 36
312 2945 367 2996 seq.
405 2929 538 2995 Equidem
555 2929 593 2978 nil
605 2929 757 2980 discernam

215 3000 244 3049 in
263 3000 313 3062 iis,
339 3014 408 3065 quae
426 3014 469 3049 me
486 2999 661 3064 peritioribus
678 3004 758 3050 erunt

218 3067 402 3120 diiudicanda.
432 3069 493 3118 Hoc
504 3067 583 3118 modo
597 3068 704 3132 addam,
718 3069 758 3119 lu·

217 3153 266 3202 pos
292 3137 511 3203 frequentissime
538 3143 757 3204 repraesentatos

216 3208 359 3258 memorari
375 3207 403 3256 in
428 3207 623 3272 Aegyptiorum
647 3207 758 3274 anagly-

216 3276 278 3340 pbis
303 3280 385 3341 atque
407 3278 567 3327 mumiamm
593 3277 756 3338 involucris3

217 3345 323 3410 quade
347 3361 376 3396 rs
395 3347 467 3396 conl.
490 3350 560 3396 nott.
586 3346 621 3397 ad
639 3347 676 3408 II,
698 3348 756 3398 122.

215 3413 286 3474 add.
305 3415 469 3466 Wilkinson.
488 3415 614 3466 Manners
632 3421 684 3467 etc.
701 3415 755 3467 111.

215 3500 241 3549 p.
261 3485 294 3535 27
313 3501 397 3550 seqq,
416 3485 463 3550 qui
480 3500 549 3550 quae
557 3485 713 3536 Herodotus
724 3486 757 3537 de

215 3553 285 3620 lupis
310 3553 497 3620 magnitudine
518 3553 694 3606 inferioribus
711 3571 758 3621 per

214 3625 367 3691 Aegyptum
384 3623 493 3686 scribit,
513 3637 546 3673 oa
560 3639 627 3674 vera
641 3625 757 3676 inveniri

215 3693 302 3745 addit.

377 3866 443 3917 Cas.
463 3865 591 3917 LXVIII.

252 3966 316 4017 Tm‘v
333 3963 363 4018 δὲ
383 3965 575 4034 κροκοδείλων
593 3958 679 4033 φύσις
698 3959 755 4018 (orl

213 4030 320 4102 τοιήδε)
339 4038 489 4088 Articulum
508 4029 600 4103 dante
613 4029 699 4100 φύσις
710 4055 754 4089 ex-

213 4106 313 4168 cidisse
330 4112 409 4170 putat
428 4107 591 4158 Sohaeferus
606 4108 634 4156 in
648 4107 751 4158 Melett.

213 4191 238 4238 p.
255 4176 293 4225 ll.
311 4176 351 4226 1¹2.
381 4173 457 4226 Libri
473 4178 575 4227 vetusti
588 4176 663 4227 illurn
677 4177 751 4243 igno·

212 4249 274 4300 rant
293 4243 343 4294 hoc
366 4243 440 4308 loco,
463 4250 493 4296 at
513 4247 536 4310 1,
554 4245 596 4309 113,
615 4247 660 4296 nbi
680 4247 750 4297 coni.

212 4317 281 4364 nott.
317 4313 407 4374 Quare
432 4315 584 4366 addendum
607 4314 750 4366 articulum

809 2718 891 2768 mian.
902 2717 1024 2769 Marcell.
1032 2719 1122 2781 XXII,
1137 2719 1177 2772 15.
1189 2723 1214 2784 5.
1225 2721 1256 2770 15
1268 2736 1354 2786 seqq.,

810 2785 896 2850 alios,
916 2787 962 2852 qui
979 2787 1022 2838 vel
1040 2789 1209 2840 Herodotum
1227 2789 1270 2840 rel
1295 2791 1355 2840 Ari-

808 2855 1023 2922 stotelemplaue
1032 2863 1191 2924 sequuntur.
1209 2859 1284 2909 luter
1296 2874 1353 2920 eos,

809 2926 856 2990 qui
874 2928 1018 2977 recentiori
1036 2934 1127 2979 aetate
1145 2929 1175 2978 iu
1188 2929 1255 2979 haec
1266 2929 1353 2994 inqui·

809 2995 943 3058 siverunt,
968 2996 1090 3062 inprimis
1115 2998 1221 3049 consuli
1240 2998 1352 3050 debent:

809 3065 908 3115 Carnus
933 3065 967 3115 ad
992 3066 1107 3117 Aristot.
1134 3069 1209 3119 Hist.
1233 3067 1350 3118 Animal.

808 3135 959 3185 versionem
974 3135 1115 3199 Gallicam,
1130 3141 1203 3188 tomo
1216 3136 1351 3198 secundo,

808 3204 988 3255 Schneiderus
1001 3205 1036 3254 ad
1048 3207 1162 3258 Aristot.
1173 3209 1246 3258 Hist.
1255 3208 1305 3258 An.
1317 3207 1351 3270 V,

808 3275 841 3324 27
861 3279 881 3324 t.
899 3273 948 3324 IV.
967 3290 1031 3340 pag.
1051 3276 1111 3326 415.
1136 3277 1196 3340 4111,
1223 3282 1250 3327 et
1268 3277 1298 3330 iu
1320 3275 1352 3325 li-

806 3343 855 3394 bro
869 3343 980 3394 laudato
992 3344 1122 3395 historiae
1139 3346 1351 3411 amphibiorum

808 3409 950 3478 Gdoffroy:
964 3412 1181 3476 „Observations
1192 3431 1239 3466 sur
1251 3415 1291 3466 les
1304 3415 1351 3466 lra-

807 3481 914 3532 bitudes
927 3481 1076 3534 attribudes
1088 3501 1137 3549 par
1146 3485 1286 3536 Herodoto
1296 3501 1351 3535 aux

808 3552 958 3602 crocodilos
981 3553 1017 3602 du
1034 3553 1109 3616 Nil,“
1132 3555 1161 3604 in
1184 3554 1292 3606 Annall.
1313 3555 1350 3605 du

807 3619 898 3673 musdc
917 3621 1008 3674 d'hist.
1028 3627 1086 3674 nat.
1106 3625 1209 3689 (Paris.
1230 3623 1307 3689 1807)
1328 3629 1350 3677 t.

806 3691 854 3742 IX.
875 3707 902 3756 p.
922 3689 973 3741 373
991 3707 1080 3760 seqq.‚·
1100 3699 1127 3744 ct
1145 3693 1254 3746 Cuvier.
1277 3694 1350 3756 „Sur
1389 3717 1394 3720 ·

805 3760 845 3812 les
854 3759 1007 3812 differentes
1016 3761 1126 3828 espbcas
1138 3762 1171 3813 do
1180 3763 1349 3814 erocodiles“

806 3829 885 3894 (ibid.
905 3831 938 3881 X.
958 3847 1021 3897 pag.
1042 3831 1059 3882 8
1077 3831 1183 3898 seqq.);
1205 3831 1347 3884 Miuntoli:

805 3899 963 3965 Nachtriiqge
974 3917 997 3950 ι.
1012 3902 1093 3953 Reise
1105 3918 1165 3952 aum
1174 3901 1285 3968 Tempel
1295 3907 1349 3954 etc.

805 3985 868 4035 pag.
886 3970 935 4020 154
955 3985 1030 4035 seqq.
1067 3973 1213 4023 Praeterea
1231 3973 1348 4022 maxima

805 4054 865 4088 curn
883 4037 1004 4090 utilitate
1022 4040 1162 4092 adhibebis
1183 4042 1347 4107 peculiarem

805 4107 838 4157 de
854 4107 997 4158 crocodilis
1015 4107 1149 4172 libellum,
1168 4111 1213 4178 qui
1231 4111 1283 4161 boc
1300 4126 1348 4160 no·

804 4178 875 4228 mine
898 4177 988 4228 editus
1018 4184 1074 4230 est:
1101 4180 1348 4246 Naturgescbicbte

804 4247 851 4296 der
865 4247 1024 4310 Ampbibisn
1038 4265 1090 4298 von
1108 4251 1154 4301 Fr.
1170 4251 1347 4312 Tiodemaun,

803 4317 840 4367 M.
862 4315 948 4383 Oppel
966 4317 1021 4370 und
1038 4318 1062 4370 1.
1081 4319 1250 4372 Libosobita.
1274 4321 1347 4370 letes
