3088 4944
6 599 8 672 l

613 324 741 387 OLIO.
763 327 789 386 Ι.
813 334 873 390 189.
1246 324 1308 387 371

173 507 328 597 ποταμῷ,
349 505 410 570 τοῦ
427 504 466 572 αί
478 498 540 589 μὲν
569 501 672 589 πηγαὶ
687 502 724 570 ἐν
740 507 944 590 Ματιηνοῖσι
958 497 1085 590 οὔρεσι,
1109 501 1177 591 ῥέει
1195 499 1233 570 δὲ
1254 497 1310 571 διὰ

174 607 395 696 Δαρδανέων,
415 604 600 674 suesceret
620 607 653 685 ἐς
671 607 787 694 ἕτερον
803 601 951 694 ποταμὸν
977 611 1110 695 Τίγριν,
1130 601 1148 674 ὁ
1168 606 1206 676 δὲ
1219 602 1309 695 παρὰ

168 702 271 779 Ὦπιν
295 709 394 780 πόλιν
414 711 503 800 ῥίον
524 711 557 788 ἐς
570 705 632 798 τὴν
641 704 810 797 Ἐρυθρὴν
827 707 1013 780 θάλασσαν·
1022 713 1167 795 ἐκδιδοῖ,
1189 714 1309 780 τοῦτον

175 820 196 884 δ
199 811 217 902 ὴ
230 811 290 884 τὸν
298 813 436 902 Γύνδην
450 809 599 902 ποταμὸν
612 807 656 892 ὥς
671 817 859 900 διαβαίνειν
874 815 1026 900 ἐπειρᾶτο
1040 809 1057 883 ὁ
1073 819 1195 902 Κῦρος,
1212 813 1309 883 ἐόντα

173 913 430 1010 νηυσιπερητόν,
447 915 597 988 ἐνθαῦτά
612 920 646 987 οί
657 920 726 986 τῶν
739 942 789 998 τις
802 920 885 1005 ίριόν
897 919 1011 986 ἳππων
1024 921 1092 986 τῶν
1102 921 1233 988 λευκῶν
1242 912 1309 987 ὑπὸ

173 1117 289 1170 eundem
301 1119 412 1170 fluvium
423 1119 542 1186 intelligi
550 1121 657 1183 statuit,
671 1120 718 1186 qui
767 1120 834 1182 420,
859 1117 1007 1184 eademque
1024 1123 1135 1184 recepta
1151 1124 1194 1170 est
1216 1135 1233 1170 a
1250 1119 1309 1170 vire

173 1205 245 1240 nunc
272 1194 317 1240 est
340 1189 466 1254 Mendeli,
496 1189 629 1241 Danvillii
652 1205 717 1257 quo·
768 1191 848 1241 docto
866 1189 975 1255 Negris.
1014 1188 1148 1250 Quoniam
1169 1205 1233 1240 vero
1256 1205 1310 1240 nou

172 1273 225 1325 qus
240 1260 361 1310 rationes
382 1259 506 1311 refellere
527 1261 646 1324 studuit,
670 1261 717 1326 qui
768 1260 843 1311 urbis
867 1259 997 1321 alicuius,
1022 1258 1070 1308 sed
1094 1259 1183 1323 gentis
1212 1274 1310 1310 nomen

173 1333 229 1379 tres
248 1329 345 1380 fluvios
359 1329 464 1394 Gyndis
482 1331 589 1382 nomine
602 1335 716 1381 vocatos
768 1329 921 1395 exspectari
931 1329 1036 1392 debeat,
1050 1328 1171 1394 Breiger.
1184 1328 1204 1380 l.
1214 1328 1232 1380 l.
1246 1343 1309 1394 pag.
1330 1377 1332 1382 .

174 1399 306 1464 distingui
338 1399 476 1464 voluerat,
511 1399 582 1450 salsa
612 1399 717 1451 scilicet
768 1403 801 1452 57
820 1399 932 1450 coniicit
950 1390 990 1447 δι’
1005 1389 1164 1462 Ἀρμενίων,
1185 1415 1245 1450 curu
1263 1398 1311 1448 ali-

173 1468 248 1534 apnd
276 1470 403 1520 Tacitum
429 1470 548 1521 lectione
577 1471 716 1535 deceptus.
767 1470 839 1520 nude
851 1473 967 1532 constet,
985 1468 1171 1519 Herodoteam
1188 1467 1310 1534 Gyndem

174 1539 215 1590 llc
232 1539 279 1589 vix
294 1539 402 1604 quidem
419 1541 486 1590 mihi
497 1541 654 1605 persuaderi
672 1555 718 1605 pa-
770 1556 817 1606 per
840 1539 959 1606 aliquam
983 1543 1056 1590 certe
1079 1539 1222 1590 Armeniae
1250 1555 1310 1604 par-

174 1609 243 1670 tiar,
272 1609 362 1674 plures
393 1625 493 1676 eosque
516 1611 638 1662 diversos
664 1611 718 1661 No·
769 1616 823 1661 teru
847 1611 938 1660 fluere.
980 1609 1036 1660 Nos
1058 1609 1086 1659 in
1109 1609 1210 1659 talibus
1235 1608 1311 1675 quid·

173 1683 259 1729 strum
285 1679 451 1731 intellexisse
476 1681 573 1730 fluvios
601 1685 650 1731 aut
679 1684 718 1730 te-
769 1696 864 1746 qnam,
881 1679 975 1734 invitis
989 1679 1079 1742 libris,
1103 1683 1209 1730 mutare
1226 1683 1327 1730 teme-¹

174 1764 246 1799 mers
269 1748 329 1800 illos
358 1750 528 1812 confudisse,
559 1751 717 1816 praesertim
768 1751 868 1802 rarium
891 1749 1056 1810 iudicamns;
1084 1749 1177 1814 itaque
1199 1749 1310 1814 reliqui-

174 1834 249 1880 cum,
272 1835 340 1884 quse
364 1819 470 1886 reliqua
488 1821 521 1870 de
543 1819 622 1871 buius
641 1821 717 1870 duvii
767 1835 827 1872 mus
860 1819 1001 1884 vulgatam
1041 1809 1090 1868 διὰ
1125 1814 1308 1884 Δαρδανίαν.

174 1888 295 1939 lontibus
328 1905 463 1955 cursuque
487 1891 588 1941 Noster
611 1891 716 1951 scribit,
768 1893 845 1954 Quae
874 1889 982 1955 quidem
1008 1903 1075 1955 gens
1105 1889 1128 1938 si
1156 1889 1310 1940 accuratius

174 1958 284 2009 minime
298 1975 315 2009 a
326 1975 390 2011 vero
401 1960 581 2023 abhorreant,
599 1965 631 2012 ut
642 1976 716 2011 mon·
767 1961 845 2012 nobie
864 1975 918 2010 non
937 1960 974 2008 sit
992 1959 1111 2025 cognita,
1129 1973 1192 2008 uum
1208 1974 1309 2026 quaeso

174 2033 244 2079 strat
259 2029 381 2096 Breiger.
391 2030 420 2080 in
436 2031 586 2080 comment.
600 2031 634 2081 de
650 2031 716 2081 Asia
767 2031 822 2081 alia
837 2045 896 2082 sors
914 2033 956 2080 tot
969 2029 1079 2079 orientis
1092 2029 1222 2094 gentium,
1241 2043 1310 2096 qnae

173 2113 268 2163 geogr.
291 2103 344 2150 etc.
363 2115 425 2166 pag.
444 2099 487 2152 56.
524 2100 593 2151 Add.
612 2101 715 2152 liitter:
765 2103 843 2166 ipsae
867 2115 927 2150 curn
951 2099 997 2150 vix
1019 2098 1116 2148 iisdem
1141 2098 1310 2164 aliquamdiu

174 2167 322 2218 Erdlrunde
344 2169 392 2219 Ill.
413 2185 440 2235 p.
460 2171 511 2221 412
534 2185 610 2236 seqq.
635 2171 716 2235 inpri-
767 2171 877 2222 sedibus
908 2173 1050 2230 maneant,
1087 2168 1135 2219 sed
1167 2168 1310 2219 babitandi

174 2237 225 2286 mis
250 2235 311 2300 419,
334 2239 381 2304 qni
404 2240 471 2290 satis
494 2240 614 2290 ostendit
630 2241 716 2291 Hero·
766 2241 828 2292 loca
850 2239 1017 2306 frequentius
1048 2243 1216 2304 permutent,
1244 2239 1310 2304 quid

174 2306 232 2357 doti
251 2307 361 2373 dyadem
378 2309 480 2360 nullum
496 2309 577 2361 alium
595 2311 716 2362 ssseflu-
767 2313 875 2372 mirum,
900 2311 928 2360 in
951 2313 1028 2360 tauto
1049 2309 1178 2374 temporis
1200 2325 1232 2359 ac
1255 2309 1308 2360 loci

173 2377 262 2440 vium,
282 2392 362 2442 quam
380 2379 425 2444 qui
443 2379 514 2446 apud
527 2381 652 2430 Tacitum
669 2397 715 2431 vo·
768 2380 912 2432 intervallo
936 2379 1014 2431 nobis
1031 2395 1085 2429 non
1104 2379 1172 2429 satis
1195 2379 1228 2429 de
1244 2395 1309 2432 una-

173 2451 250 2498 catur
265 2447 352 2512 belae,
371 2449 444 2514 apud
460 2451 626 2501 recentiores
637 2452 716 2501 Dicla
768 2467 875 2518 quaque
892 2467 983 2502 sarum
999 2451 1144 2501 constare?

107 2521 116 2548 ³
171 2533 195 2570 s.
214 2518 338 2585 opalus,
361 2519 439 2570 cuius
462 2536 569 2571 cursum
587 2525 715 2572 accurate
801 2512 867 2572 ὅδὲ
885 2513 964 2584 παρὰ
981 2507 1066 2570 Ὦπιν
1084 2511 1168 2569 πόλιν
1186 2511 1309 2584 ῥέων-

172 2589 344 2653 persequitur
361 2589 451 2640 Ritter
468 2589 487 2640 l.
506 2590 524 2639 l.
560 2591 653 2657 Neque
670 2605 714 2642 res
767 2581 893 2658 ἐνδιδοῖ]
916 2593 958 2642 De
983 2591 1037 2640 situ
1059 2589 1151 2655 oppidi
1170 2587 1231 2652 Opis
1254 2604 1309 2641 non

171 2657 232 2723 ipsa
248 2665 392 2724 repugnet.
428 2661 498 2712 Nam
518 2660 648 2711 Sardibus
672 2677 715 2712 ex·
767 2661 983 2728 prorsusliquet.
1008 2661 1107 2712 Strabo
1117 2659 1203 2726 (xvi.
1217 2675 1244 2725 p.
1257 2660 1309 2712 739

171 2729 300 2793 pugnatis
323 2729 455 2796 leniaque
478 2731 594 2782 subacta
616 2732 716 2797 Cyrum
767 2749 789 2782 s.
810 2749 837 2798 p.
857 2729 935 2797 1014)
962 2731 1051 2781 mcum
1076 2727 1197 2794 appellat
1219 2745 1309 2796 empo-

172 2797 287 2863 legimas
306 2800 335 2849 in
353 2800 446 2850 Asiam
466 2802 631 2865 superiorem
655 2815 715 2852 esse
766 2803 903 2868 rinmque,
939 2801 1011 2866 quod
1045 2805 1137 2850 tamen
1172 2799 1206 2849 ad
1235 2816 1309 2851 mare

171 2868 336 2934 profectam
361 2859 407 2920 cui
425 2869 523 2920 deinde
546 2872 580 2922 ab
598 2871 716 2923 llcbata·
765 2874 853 2938 ipsum
871 2871 917 2920 vix
935 2871 1017 2921 sitam
1035 2885 1095 2920 esse
1113 2867 1230 2918 videtur.
1257 2871 1309 2919 Xe·

174 2940 217 2988 nis
243 2937 307 3004 (quo
331 2955 359 2990 se
378 2945 519 3005 receperat
542 2945 613 2992 teste
629 2942 716 2993 Hero·
765 2943 883 3008 nophon.
902 2941 1022 2992 Arisbas.
1036 2940 1073 3003 11,
1090 2941 1116 3001 4,
1129 2939 1163 2989 25
1177 2937 1235 2998 (ubi
1247 2953 1309 2988 con-

175 3008 239 3058 dcto
257 3008 280 3071 1,
302 3009 361 3075 143)
376 3009 544 3076 Babylonem
562 3027 656 3063 versus
671 3027 716 3063 ex·
766 3013 817 3064 sul.
838 3008 982 3076 Krueger.)
1011 3024 1138 3075 magnam
1160 3011 1242 3058 vocat
1266 3024 1310 3059 ur-

172 3078 337 3144 peditionem
354 3081 510 3130 instituenti
525 3082 634 3146 Gyndes
650 3098 715 3132 sane
765 3083 843 3144 bem,
866 3096 935 3145 quae
953 3095 1007 3131 non
1026 3079 1097 3129 infra
1116 3077 1233 3143 Tigrim,
1260 3077 1309 3130 sed

172 3148 348 3200 traiiciendus
367 3155 440 3212 erat,
459 3155 605 3217 autequam
619 3153 647 3202 in
660 3153 716 3203 lle-
766 3153 879 3202 multum
893 3165 975 3216 supra
985 3151 1036 3200 erit
1049 3147 1218 3200 collocanda.
1253 3149 1309 3202 Uu-

171 3220 351 3282 sopotamiam
368 3219 515 3272 deveniret.
767 3222 800 3273 de
826 3221 995 3272 Herodotum
1022 3220 1055 3270 de
1082 3219 1123 3269 his
1152 3219 1308 3285 regionibus

207 3280 263 3352 ὅέει
287 3283 318 3338 δὲ
345 3282 394 3338 διὰ
417 3287 600 3356 Δαρδανέων]
625 3290 715 3340 Verba
767 3309 820 3343 nou
839 3297 940 3341 certam
954 3291 1079 3341 notitiam
1091 3289 1309 3340 babuissecolli-

171 3353 220 3408 διὰ
239 3355 413 3422 Δαρδανέων
436 3362 529 3424 spuria
553 3359 715 3425 quibusdam
766 3363 807 3428 git
824 3360 970 3412 Renuelius
988 3360 1007 3410 1.
1021 3361 1040 3412 1.
1054 3378 1081 3426 p.
1096 3359 1157 3410 496.
1186 3361 1228 3410 Tu
1246 3377 1309 3412 con·

171 3428 312 3490 videntur,
332 3444 392 3480 eum
410 3429 477 3481 nulli
493 3430 602 3481 omnino
618 3429 671 3480 bac
687 3431 715 3480 in
766 3433 840 3482 seras
859 3435 999 3496 praeterea
1021 3431 1141 3496 Breiger.
1161 3427 1180 3478 l.
1199 3429 1218 3480 l.
1243 3445 1307 3496 pag.

171 3502 245 3550 terra
262 3500 316 3548 siut
331 3501 459 3551 Dardani.
485 3499 621 3566 Quocirca
637 3501 715 3550 Reis-
766 3503 800 3555 53
824 3505 852 3551 et
874 3502 1009 3551 Mannert.
1032 3501 1131 3564 Geogr.
1156 3498 1183 3550 d.
1209 3499 1256 3550 Gr.
1281 3515 1308 3549 u.

170 3567 233 3618 laius
253 3568 387 3620 maluerat
404 3571 487 3621 scribi
505 3561 714 3633 desideriosos,
766 3573 860 3623 Roern.
876 3571 910 3632 V,
928 3572 1036 3636 zpag.
1055 3569 1104 3620 371
1122 3583 1198 3634 seqq.
1214 3569 1310 3619 Forbi-

171 3639 219 3688 nbi
245 3639 356 3704 respicit
385 3641 478 3692 urbem
502 3641 599 3690 Daras.
644 3639 714 3690 Aliis
766 3658 814 3708 ger
835 3640 945 3692 Haudb.
968 3639 995 3691 d.
1020 3639 1069 3692 alt.
1093 3639 1192 3702 Geogr.
1218 3637 1256 3691 11.
1282 3655 1309 3704 p.

170 3707 276 3773 placuit
292 3700 342 3757 διὰ
359 3708 508 3773 Δαρνὲων,
528 3725 589 3760 cum
602 3709 715 3759 barnam
766 3713 818 3764 614
843 3715 871 3762 et
893 3709 1048 3762 Aiuswortb
1074 3707 1187 3758 Travels
1212 3708 1240 3757 in
1264 3708 1309 3760 tbe

170 3778 264 3828 arbem
282 3777 333 3829 hcc
351 3779 407 3830 iere
424 3781 453 3830 in
477 3783 567 3832 tractu
587 3783 716 3830 memoret
765 3781 845 3832 macir
868 3785 922 3832 etc.
946 3798 973 3846 p.
999 3780 1049 3831 115
1074 3793 1132 3844 seq.
1163 3775 1225 3830 coll.
1248 3780 1308 3830 244.

170 3847 344 3899 Ptolemaeus
371 3850 399 3898 iu
421 3851 520 3915 (iacgr.
539 3848 626 3910 VI‚l
652 3848 715 3901 coll.
767 3852 820 3913 Qui
843 3865 928 3915 nuper
949 3850 999 3900 bas
1024 3849 1149 3914 regiones
1173 3847 1309 3912 adierunt,

170 3917 300 3968 Niebuhr.
315 3919 429 3984 voyage
446 3935 480 3970 su
498 3917 581 3969 drab.
594 3918 632 3970 11.
649 3935 713 3984 pag.
766 3919 944 3986 Opinvsitam
973 3920 1059 3970 fuisse
1083 3917 1195 3968 tradunt
1225 3918 1253 3968 in
1277 3935 1309 3970 eo

171 3985 232 4040 299.
258 3988 336 4040 Νννο
349 3987 603 4053 appellaturllerna
615 3988 643 4037 in
657 3989 715 4038 lau·
764 3989 838 4052 loco,
856 3989 903 4039 nbi
922 3989 1002 4040 hodie
1019 4003 1120 4054 parvus
1139 3987 1237 4039 fluvius
1254 3989 1309 4038 Ka-

170 4056 247 4108 cibus
272 4057 339 4118 sita,
367 4058 414 4109 ubi
437 4057 525 4109 adhuc
544 4057 715 4122 conspiciuu·
762 4061 803 4123 fra·
819 4075 904 4124 equas
920 4074 984 4108 suas
1001 4059 1098 4108 miscet
1114 4073 1174 4108 cum
1188 4057 1308 4124 Tigride.

169 4129 215 4175 tur
232 4127 331 4177 rudera
342 4128 484 4193 quaedam,
502 4127 656 4178 Kurdorum
667 4128 713 4192 qui
763 4129 828 4180 Vid.
845 4143 900 4178 vau
918 4127 966 4179 der
977 4127 1050 4194 Chys
1066 4127 1085 4178 l.
1106 4125 1125 4180 l.
1139 4143 1167 4193 p.
1181 4127 1240 4180 119.
1259 4129 1309 4182 120

88 4197 93 4206 '
168 4209 241 4246 nuuc
263 4202 397 4248 vocantur
420 4198 448 4247 in
473 4197 563 4247 terris.
601 4197 640 4248 Ac
657 4197 714 4262 pla·
765 4197 811 4261 (ad
832 4197 940 4249 Arriau.
966 4198 1036 4262 VII,
1058 4197 1096 4264 8).
1115 4225 1150 4236 -
1177 4196 1211 4248 In
1231 4213 1308 4264 seqq.

170 4265 227 4315 cuit
247 4281 333 4331 nuper
349 4267 417 4318 haec
439 4268 597 4318 coniectura
616 4271 643 4316 et
661 4267 714 4316 Ra·
765 4267 931 4318 coniunctim
966 4268 1063 4333 scripsi
1099 4263 1310 4334 νηνσιιιερηιὸν

167 4333 301 4385 wliusouo
320 4334 447 4401 (Journal
465 4337 496 4387 of
511 4335 657 4400 geograph.
672 4351 725 4406 ιοχ
764 4352 813 4401 pro
832 4332 915 4400 νηυσὶ
931 4330 1071 4405 περηιόνς
1091 4338 1127 4390 ci.
1148 4338 1172 4402 1,
1192 4337 1242 4390 193
1259 4339 1310 4390 ibi·

167 4404 242 4474 ciety
258 4405 308 4458 IX.
325 4423 354 4476 p.
374 4405 420 4472 29)
443 4411 472 4460 et
485 4407 591 4458 Rittero
610 4404 628 4456 l.
647 4404 667 4458 l.
686 4421 714 4476 p.
765 4421 818 4476 que
836 4409 906 4466 nott.
