3086 4952
222 310 284 376 262
650 299 918 364 HERODOTI

224 484 288 555 eloi
303 479 447 571 ἄριστοι·
469 475 506 550 ἒν
525 491 612 547 τοῖσι
633 477 690 546 καὶ
707 473 933 565 Ἀχαιμενίδαι
950 473 1013 543 εἰσὶ
1029 469 1178 560 φρήτρη,
1201 474 1304 538 ἔνθεν
1325 471 1358 535 ot

223 588 374 679 βασιλέες
394 586 429 652 ot
445 587 627 671 Περσεῖδαι
647 579 815 669 γεγόνασι.
851 576 945 647 ἄλλοι
968 577 1005 646 δὲ
1024 574 1153 663 Πέρσαι
1176 574 1241 642 εἰσὶ
1263 575 1354 640 οἵδε·

223 695 468 773 Πανθιαλαῖοι,
503 696 741 775 Δηρονσιαῑοι,
776 681 972 770 Γερμάνιοι·
1014 668 1105 748 οὗτοι
1136 675 1199 766 μὲν
1235 673 1357 753 πάντες

225 791 384 884 άρονῆρές
405 795 478 859 εἰσι.
520 793 554 860 οἱ
571 788 607 858 δὲ
629 785 723 857 ἄλλοι
737 785 897 876 νομάδες·
925 782 1028 868 Δάοι,
1052 780 1208 868 Μάρδοι,
1225 789 1355 868 Δροπι-

225 976 306 1013 verso
317 957 444 1022 Aeschyli
455 959 531 1009 Pers.
542 957 602 1018 178,
615 971 693 1020 quem
706 971 767 1020 spo·
819 971 845 1019 p.
871 953 920 1004 120
949 965 1024 1016 seqq.
1057 947 1118 1000 coll.
1143 948 1229 999 XXX.
1255 963 1283 1011 p.
1311 943 1359 996 136

225 1034 295 1082 rium
322 1029 457 1088 iudiceot;
491 1028 533 1077 Tu
556 1026 628 1076 coni.
659 1025 767 1076 Scholia
819 1023 906 1089 seqq.)
930 1021 1007 1086 plura
1032 1017 1137 1069 eddidit
1159 1017 1252 1068 dehis
1270 1015 1360 1081 primi-

226 1102 331 1154 Graecn
350 1097 385 1148 ad
403 1097 430 1148 h.
448 1096 467 1148 l.
488 1103 515 1146 et
529 1095 619 1147 Schol.
638 1094 674 1145 ad
686 1093 766 1145 Iliad.
819 1095 883 1142 tivis
911 1093 1104 1143 Germanorum
1136 1087 1259 1147 sedibus,
1292 1099 1360 1150 quas

226 1166 420 1232 111‚175,ubi
437 1165 660 1230 hioMarephius,
679 1164 767 1230 gentis
818 1163 891 1214 ultra
915 1161 1003 1211 Oxum
1027 1159 1115 1224 ponit,
1140 1163 1221 1223 atque
1246 1154 1277 1205 de
1296 1157 1360 1206 Ger-

226 1238 354 1291 Persicae
371 1239 479 1297 auctor,
502 1235 619 1286 Menelai
645 1239 672 1284 et
689 1233 769 1284 Hele·
820 1247 958 1283 manorum
990 1233 1017 1280 et
1045 1229 1189 1278 Persarum
1226 1225 1361 1275 affinitate

227 1323 279 1358 nae
292 1307 391 1357 dicitur
402 1305 483 1356 filins.
520 1305 651 1356 Referunt
665 1303 769 1353 adMa-
820 1307 861 1353 tor
895 1299 966 1350 mille
998 1298 1111 1349 vocibus
1147 1297 1255 1361 utrique
1287 1295 1362 1361 genti

228 1377 381 1442 taphiorum
399 1374 469 1424 hano
496 1379 605 1440 gentem
621 1373 771 1423 Ptolemaei
821 1368 1147 1433 communibusprobata‚
1166 1366 1287 1432 quamin
1305 1381 1361 1415 rem

228 1447 400 1505 Marruuium,
420 1457 490 1509 quae
508 1443 572 1493 urbs
590 1444 643 1492 site
661 1443 713 1492 fnit
730 1459 771 1492 se·
821 1443 875 1491 iam
885 1439 977 1490 Wahl:
993 1437 1090 1489 Gesch.
1102 1438 1129 1488 d.
1140 1433 1269 1502 morgenl.
1282 1435 1362 1500 Spre-

227 1515 408 1581 ptentrionem
432 1517 459 1562 et
481 1514 611 1562 orientem
634 1526 728 1562 versus
755 1526 772 1561 a
822 1511 870 1561 che
889 1527 914 1574 p.
933 1507 984 1560 312
997 1523 1071 1574 seqq.
1091 1506 1190 1558 multas
1209 1520 1290 1556 voces
1309 1503 1362 1555 col·

228 1582 381 1648 Persepoli;
421 1581 494 1632 conl.
530 1579 642 1632 Rennel.
671 1581 769 1646 Geogr.
822 1581 897 1646 legit.
933 1577 1004 1629 Add.
1022 1575 1250 1628 RitterVorhalle
1269 1589 1297 1639 p.
1311 1575 1362 1626 3115

229 1653 331 1705 llerod.
351 1669 377 1716 p.
399 1651 459 1702 509.
823 1666 898 1715 seqq.
911 1653 938 1699 et
951 1647 1022 1698 conf.
1042 1649 1107 1697 Pott
1118 1645 1237 1711 Etymol.
1249 1643 1362 1694 Forsch.

266 1719 473 1782 Πανθιαλαῖοι,
499 1718 700 1786 Δηρονσιαῑοι]
730 1721 772 1770 De
823 1721 846 1770 1.
866 1735 893 1784 p.
910 1717 1020 1769 XXXV.
1049 1718 1091 1767 De
1104 1717 1297 1766 Germanorum
1312 1714 1364 1764 ori-

229 1792 271 1844 hie
292 1791 418 1858 gentibus
438 1788 505 1840 nihil
523 1791 665 1841 memoriae
683 1790 773 1855 prodi·
824 1789 932 1854 ginibus
950 1787 1029 1854 plura
1047 1786 1170 1836 discendi
1188 1785 1301 1849 cupidos
1319 1784 1362 1834 Gr.

230 1867 288 1914 tum
304 1863 418 1926 reperio.
824 1858 953 1909 amandat
983 1857 1018 1906 ed
1045 1856 1179 1920 Norberg.
1206 1856 1249 1905 De
1276 1854 1363 1920 origg.

265 1922 433 1995 Γερμάνιοι]
456 1927 545 1994 Vulgo
565 1928 646 1978 iidem
663 1942 773 1978 censen·
825 1930 969 1980 Germano.
981 1927 1054 1992 apud
1064 1926 1189 1976 Tacitum
1208 1925 1235 1973 in
1246 1924 1363 1989 Oposcc.

231 2005 276 2051 tur
289 2000 521 2064 atqueCaruram'i,
542 1999 696 2063 quiterram
706 1997 774 2046 Ker-
825 1996 927 2049 Acadd.
952 1996 1004 2046 111.
1030 2012 1071 2045 nr.
1098 1994 1237 2045 XXXVII.
1262 2009 1288 2059 p.
1314 1993 1363 2044 591

231 2085 287 2120 mon
306 2068 428 2118 incolunt
445 2072 527 2132 utque
544 2067 632 2117 adhuc
645 2067 719 2132 agris
732 2082 775 2116 co·
826 2068 879 2128 (ed.
898 2065 984 2118 Lond.
1004 2065 1082 2116 Suec.
1104 2063 1192 2128 1819).
1225 2064 1363 2113 Ηαιιιιιιοι.

231 2137 319 2188 lendis
337 2137 442 2201 operari
456 2135 590 2186 dicuntur.
614 2137 693 2187 Conf.
709 2137 775 2186 Lar·
826 2135 980 2188 Gcsehicht.
995 2135 1021 2185 d.
1035 2134 1287 2184 Redelriinst.l‘ers.
1301 2150 1327 2197 p.
1338 2134 1365 2183 8.

233 2207 305 2258 cher.
324 2206 392 2256 Tnb.
413 2221 505 2269 geogr.
524 2221 547 2258 s.
560 2222 587 2256 v.
606 2222 633 2271 p.
651 2205 702 2256 22³
716 2221 771 2270 seq.
826 2207 884 2257 137.
922 2205 1054 2268 Adelnng.
1078 2204 1105 2252 in
1123 2201 1245 2254 Mithrid.
1268 2209 1295 2252 et
1312 2202 1365 2252 Vu-

233 2275 365 2339 Forbiger
383 2273 492 2324 Hondb.
511 2274 537 2326 d.
556 2275 603 2326 alt.
620 2275 772 2341 Geograph.
825 2281 875 2326 ter.
895 2275 961 2324 ibid.
978 2275 1002 2325 1.
1021 2289 1048 2338 p.
1068 2273 1128 2324 278.
1145 2273 1185 2323 11.
1204 2289 1230 2336 p.
1249 2272 1295 2322 161
1306 2287 1364 2336 seq.

235 2345 275 2396 11.
302 2359 329 2408 p.
354 2345 413 2394 575.
450 2345 623 2408 Humerus,
646 2349 677 2394 ut
694 2344 774 2395 modo
825 2341 1106 2396 Add.1.inkUrwelt
1130 2359 1156 2407 p.
1176 2341 1236 2392 170.
1267 2339 1366 2390 Pfister

233 2413 396 2476 notavimus,
415 2411 450 2462 ad
468 2414 568 2464 tribum
580 2413 686 2476 Koma,
705 2429 774 2480 quae
826 2413 923 2466 Gosch.
949 2413 976 2465 d.
999 2411 1130 2463 Deutsch.
1154 2411 1176 2460 Ι.
1204 2425 1230 2474 p.
1254 2411 1288 2460 24
1306 2423 1363 2472 seq.

234 2499 306 2533 nunc
323 2486 452 2544 vocatur,
470 2498 515 2534 eos
533 2484 626 2536 refert.
658 2482 718 2534 Alio
734 2488 774 2533 ta·
826 2483 877 2535 519
901 2499 958 2548 seq.
990 2487 1017 2532 et
1045 2498 1089 2545 ea,
1120 2495 1189 2546 quae
1214 2478 1248 2528 ad
1275 2477 1364 2527 Taciti

234 2567 295 2603 men
310 2551 370 2601 loco
391 2549 490 2616 (Wien.
509 2553 604 2604 Jahrb.
623 2552 660 2604 11.
681 2569 707 2616 p.
722 2552 773 2605 319
827 2555 952 2605 German.
975 2567 1035 2616 cap.
1056 2554 1072 2602 2
1090 2555 1145 2600 tam
1163 2549 1196 2598 ab
1215 2547 1365 2612 interpreti·

237 2637 295 2686 seq.
316 2619 377 2671 coll.
396 2621 445 2671 IX.
469 2639 496 2688 p.
516 2621 560 2688 39)
585 2638 617 2672 ex
641 2622 778 2672 orientali·
828 2625 878 2673 bus
899 2639 979 2688 qnam
1003 2621 1037 2670 ab
1057 2619 1117 2670 aliis
1135 2619 1201 2668 viris
1221 2617 1309 2668 doctis
1328 2615 1366 2666 al-

237 2693 288 2742 bus
303 2690 474 2754 potissimum
491 2692 669 2757 scriptoribus
682 2692 778 2756 proba·
828 2693 886 2742 late
907 2697 984 2752 sunt,
1005 2691 1053 2755 qni
1075 2690 1108 2740 de
1131 2688 1239 2739 sedibus
1257 2693 1367 2738 nostrae

236 2765 294 2810 tum
313 2759 347 2820 it,
368 2774 465 2810 nomen
484 2763 661 2812 Germanorum
678 2777 700 2812 ε.
716 2761 777 2811 Ser·
829 2763 918 2828 gentis
944 2759 1088 2826 primitivis
1117 2774 1202 2823 ecque
1224 2762 1307 2824 atque
1334 2757 1368 2806 de

236 2843 362 2878 mononem
378 2828 413 2876 ad
432 2843 477 2878 eoa
504 2832 611 2895 proprie
634 2831 777 2896 pertinere,
829 2834 888 2896 ipsa
901 2833 1077 2882 Gmrrororum
1088 2843 1155 2878 voce
1170 2828 1283 2892 eiusque
1301 2826 1369 2878 deri·

237 2899 284 2964 qui
300 2896 430 2948 Buddhae
448 2896 548 2948 cultum
567 2904 729 2965 sequantur,
748 2905 778 2950 ut
828 2903 938 2952 vatione
948 2899 1069 2966 pluribus
1080 2897 1266 2963 disputarunt:
1285 2897 1370 2962 equi·

238 2965 423 3030 intelligamus
448 2981 506 3016 eam
530 2975 636 3031 gentem
661 2970 778 3020 omnium
829 2971 879 3021 bus
904 2969 949 3019 hic
971 2967 1123 3033 appellasse
1143 2967 1263 3018 sufficiat
1285 2969 1369 3017 Zeuss

239 3035 457 3099 antiquissimam
471 3050 503 3084 ac
519 3037 780 3104 primitivam,quae
831 3039 894 3105 (Dic
914 3038 1070 3089 Deutschen
1101 3053 1127 3088 u.
1156 3036 1214 3087 ihre
1231 3037 1370 3088 Nachbar-

239 3122 272 3156 ex
289 3104 425 3185 montibus
444 3103 525 3154 Asiae
548 3107 709 3169 superioria,
734 3108 780 3157 ubi
831 3113 943 3160 stltmme
966 3125 992 3173 p.
1011 3107 1045 3158 95
1069 3103 1177 3172 seqq.)‚
1201 3107 1238 3158 H.
1258 3104 1371 3157 Mueller

239 3188 358 3225 omnium
381 3187 469 3222 rerum
492 3173 669 3223 humanarum
692 3175 781 3226 ferun·
832 3178 936 3242 (Ueber
968 3177 1095 3229 Germani
1130 3175 1186 3226 und
1221 3178 1369 3226 Teutonos.

239 3249 284 3293 tur
296 3240 474 3302 incunabula,
498 3241 525 3290 in
545 3257 654 3306 campos
667 3243 728 3293 dein
742 3245 780 3294 lo·
830 3247 950 3299 Wirneb.
964 3245 1060 3312 leth),
1077 3245 1168 3296 Belou
1185 3247 1325 3311 (Beitrilge
1345 3261 1371 3295 ιι.

240 3325 326 3376 caque
357 3309 486 3360 inferiora
517 3310 701 3374 descenderit,
734 3315 781 3363 ubi
832 3316 929 3369 Gesoh.
955 3315 981 3366 d.
1005 3317 1130 3367 German.
1154 3314 1256 3366 Berlin.
1282 3311 1371 3376 1850),

239 3379 331 3462 Persie
356 3377 468 3444 aliisque
497 3380 623 3444 gentibus
650 3381 781 3446 originem
831 3385 1005 3436 Middendori
1016 3385 1119 3450 (Ueber
1129 3385 1272 3448 Ureprnng
1285 3399 1313 3434 n.
1327 3379 1371 3431 ,41-

241 3451 356 3502 dederit.
398 3448 478 3499 Unde
502 3465 609 3516 quoque
632 3451 780 3501 ocerannu-
831 3459 872 3504 ter
903 3454 930 3505 d.
961 3453 1032 3504 beid.
1065 3452 1292 3504 Nationnlnamen
1319 3455 1370 3499 otc.

240 3523 298 3570 niae
315 3533 425 3582 nomen,
443 3533 496 3584 quo
515 3520 601 3570 omnis
619 3524 709 3570 terrae
726 3525 781 3570 tra·
832 3522 966 3575 Coesield.
978 3523 1079 3585 lest),
1092 3524 1148 3572 Leo
1159 3519 1287 3584 (Haupt's
1301 3518 1372 3567 Zeit-

242 3593 301 3640 ctus
327 3587 399 3637 ultra
416 3587 503 3638 Oxum
528 3589 591 3638 olim
609 3594 780 3654 nuncupatus
831 3592 901 3642 schr.
933 3591 952 3642 1.
978 3591 1109 3641 Deutsch.
1138 3589 1253 3640 Alterth.
1280 3587 1314 3636 V.
1343 3601 1371 3650 p.

241 3659 287 3708 eit.
336 3657 408 3707 Hinc
437 3662 538 3708 terrum
568 3659 681 3720 Ermum,
713 3673 782 3723 quae
833 3661 905 3720 514).

242 3742 313 3776 nunc
341 3726 440 3776 dicitur
460 3727 638 3777 Transoxena
666 3743 689 3778 s.
714 3728 783 3778 Cho·
867 3719 950 3791 Δάοι]
967 3726 1019 3775 δαὶ
1035 3725 1155 3774 tenuisse
1167 3725 1294 3774 dicuntur
1310 3721 1371 3771 loca

242 3809 385 3856 waresem‚
404 3809 452 3859 pro
471 3797 659 3861 antiquissimu
672 3797 782 3847 Germa·
833 3809 948 3847 arenosa
965 3809 997 3844 ac
1017 3794 1123 3843 deserta
1140 3794 1169 3842 in
1186 3791 1310 3842 orientali
1322 3791 1372 3840 Ca-

243 3878 338 3912 norom
356 3865 445 3927 patria
465 3864 560 3916 heberi
577 3865 649 3928 vult,
674 3865 783 3916 Germa·
833 3865 885 3929 spii
911 3865 991 3914 maris
1015 3862 1105 3911 litore.
1148 3861 1215 3911 Com
1243 3861 1372 3912 nomades

243 3946 346 3994 nosque
364 3931 437 3995 ipsos
455 3933 504 3983 sub
523 3935 630 3985 nomine
645 3936 797 4000 primitivo·
834 3934 947 3994 tuerint,
980 3931 1052 3980 haud
1080 3931 1175 3980 mirum
1204 3931 1233 3980 in
1263 3929 1371 3980 sedibus

243 3998 467 4050 ΠεοΙιεινιιιιιοηιαι
478 4003 549 4066 apud
562 4004 706 4054 orientales
720 4005 784 4054 scri·
834 4003 912 4052 huius
931 4001 1020 4066 gentis
1034 4000 1188 4049 accuratius
1207 4001 1373 4050 constituen-

244 4071 335 4132 ptores
359 4073 561 4122 commemorari
584 4078 675 4124 monet
699 4088 785 4138 usque
835 4071 875 4122 dis
906 4075 932 4120 ct
966 4070 995 4119 in
1027 4070 1085 4134 ipso
1116 4069 1235 4119 eiusdem
1265 4069 1373 4118 nomino

245 4133 281 4216 ad
313 4137 450 4187 saeculum
484 4139 617 4191 decimum
649 4147 783 4208 quartum.
834 4139 947 4192 multum
964 4139 1091 4204 antiquos
1109 4138 1225 4188 variare.
1258 4138 1338 4188 Conf.
1357 4153 1373 4186 a

244 4202 306 4255 Vrd.
336 4205 364 4254 irr
386 4205 480 4256 Krusii
503 4209 602 4260 Archiv
626 4215 678 4262 etc.
704 4213 733 4274 1,
757 4214 782 4262 ².
835 4209 931 4261 Oreus.
950 4207 1042 4259 leudd.
1069 4207 1103 4257 ad
1122 4207 1277 4273 Olympiod.
1297 4207 1373 4256 Com·

245 4287 309 4338 pag.
335 4275 384 4325 124
407 4289 482 4341 seqq.
524 4279 563 4329 Αο
587 4285 684 4344 postea
712 4280 784 4330 idem
834 4283 928 4330 mentt.
946 4279 973 4328 in
991 4277 1061 4328 Plat.
1082 4275 1169 4328 Alcib.
1189 4293 1216 4342 p.
1234 4275 1292 4325 148.
1332 4273 1373 4324 Ad

246 4343 406 4398 Hammerus
435 4343 536 4412 (duell.
563 4347 660 4404 Vienn.
684 4349 783 4402 XLVI.
835 4364 894 4400 eom
911 4353 1023 4412 terram,
1042 4361 1196 4414 quaenunc
1210 4345 1308 4396 dicitur
1320 4344 1374 4394 Da-
