3064 4940
622 304 750 366 CLIO.
773 305 798 364 1.
819 312 864 370 67.
1253 307 1313 368 147

170 483 242 564 rol,
265 480 321 548 καὶ
340 483 463 571 σχοίνῳ
485 476 781 568 διαμετρησάμενοι
796 507 834 550 ιο
823 477 1019 550 πεδίον
986 509 1024 550 το
1042 485 1272 572 Τενεητέοιν’
1255 507 1310 568 ιο

173 584 321 671 γάζοντο.
349 585 425 650 alo
404 571 619 652 oiston
575 611 693 668 avrea,
713 588 837 672 lorpes
859 587 1031 672 ἐδεδέατο,
1052 591 1100 654 ἔτι
1123 589 1179 656 καὶ
1201 588 1235 666 ἐς
1254 585 1311 673 ἐμὲ

174 679 263 774 ἦσαν
276 689 359 754 σῶαι
374 687 411 754 ἐν
430 687 550 775 Τεγέη,
569 685 693 776 περὶ
660 714 720 756 τον
732 685 815 775 νηὸν
834 693 892 776 τῆς
908 687 1021 778 Ἀλέης
1036 686 1218 778 Ἀθηναίης
1231 716 1309 780 κρε-

249 815 331 858 εναι.

176 817 348 962 mlier&
365 888 485 980 μὲνδὴ
506 888 566 960 τὸν
580 890 744 981 πρότερον
763 891 909 981 πόλεμον
928 897 1093 983 συνεχέως
1113 896 1179 964 αἰεὶ
1200 897 1358 974 annecti

174 1093 240 1144 Mox
265 1081 431 1156 ἐργάζεσθαι
461 1091 585 1158 intelligo
611 1092 724 1158 potissi·
772 1098 872 1146 statuis
901 1110 1034 1160 opereque
1067 1095 1182 1146 caelato.
1227 1095 1313 1145 Deam

175 1178 248 1212 mum
266 1162 299 1212 de
314 1162 524 1226 opererustico,
544 1161 617 1227 quod
633 1161 722 1227 captis
773 1167 861 1232 ipsam
885 1163 947 1214 olim
971 1165 1099 1228 Hippiam
1125 1169 1251 1214 vocatam
1275 1181 1314 1214 re-

175 1232 334 1298 Spartanis,
369 1237 400 1280 ut
430 1233 530 1296 servis,
565 1233 721 1298 impositum
773 1238 840 1297 fert·
867 1233 1010 1316 postmodo
1035 1233 1119 1284 Aleae
1144 1233 1316 1298 cognomina·

176 1307 243 1352 erat.
274 1301 378 1352 Eodem
397 1316 478 1352 sensu
496 1297 597 1366 ἔργον,
621 1302 720 1368 dequo
772 1307 875 1356 tionem
890 1305 978 1369 magis
994 1304 1137 1368 magisque
1156 1302 1315 1362 invaluisse

175 1388 258 1437 supra
278 1371 348 1436 adl,
360 1371 403 1422 30.
427 1371 505 1422 Conl'
526 1372 608 1422 etiam
624 1371 662 1434 11,
679 1375 719 1422 14.
772 1376 850 1426 ouius
869 1377 896 1424 in
915 1374 1044 1424 bonorem
1063 1373 1141 1424 ludos
1154 1372 1287 1438 Tegeae
1280 1387 1318 1420 111-

175 1443 247 1492 Hine
258 1441 390 1491 Libanius
404 1441 554 1506 Prospbon.
570 1442 605 1491 ad
618 1441 718 1492 Iulian.

176 1529 202 1578 p.
215 1511 308 1563 17911.
327 1509 461 1562 Herodoti
479 1513 660 1562 narrationem
680 1527 719 1561 re-

176 1583 306 1648 spiciens.
342 1571 437 1646 οἷσπερ
469 1577 522 1646 γὰρ
552 1571 589 1646 ἣν
619 1577 719 1658 ἔτεμον

177 1649 353 1728 Σπαρτιᾶται
383 1649 438 1716 γῆν
462 1649 622 1735 Τεηεαιῶν,
651 1643 719 1700 scri-

176 1736 229 1786 ιην
244 1711 455 1786 εἰργάζοντο
469 1724 531 1777 τοίς
547 1713 719 1785 νενικηκόσι,

177 1789 306 1856 χοίνικας
327 1784 448 1855 ἔχοντες.
489 1789 531 1841 sd
554 1789 658 1860 σχοίνῳ
682 1789 719 1840 ef.

178 1860 344 1911 Baehmann.
364 1859 485 1912 Aneedd.
505 1861 528 1910 I.
544 1877 571 1926 p.
592 1839 655 1938 379,
674 1859 722 1910 ubi

177 1929 328 1996 explicatur
334 1925 439 1995 μέτρον
447 1945 644 1996 ηεωμειριιιον
650 1929 720 1980 ssd.

178 2001 327 2051 Herodiani
347 2001 452 2068 scripta
480 2001 535 2051 tria
559 1999 602 2051 ed.
624 2000 722 2050 Lehrs.

180 2073 244 2136 p.,d
264 2059 721 2136 15.-Ιιινο11ιίεένιησιέδε

181 2139 265 2188 δέοιτο
283 2145 349 2190 nota
366 2155 443 2192 usum
461 2139 722 2207 praepositioniev
692 2129 722 2188 ίν

184 2208 217 2258 de
234 2213 402 2268 ιἰιιινιινιειιιοι
419 2211 453 2261 de
471 2225 538 2276 quo,
557 2215 589 2260 ut
606 2211 650 2261 01.
667 2225 723 2259 mo-

771 1433 1297 1508 11111101,Αίαιαε1’Λ1ωτια,11οιο
1290 1457 1318 1490 111

771 1515 926 1566 memoriam
944 1515 1141 1580 Spartanorum
1159 1529 1176 1562 n
1187 1512 1317 1577 Tegeatis

771 1586 835 1636 olim
848 1590 998 1649 captorum.
1017 1583 1110 1648 Ipsum
1125 1599 1221 1632 nornen
1233 1581 1317 1631 Aleae

771 1671 819 1706 eur
837 1655 904 1704 deae
923 1653 1048 1716 inditum,
1067 1653 1143 1704 varie
1162 1653 1313 1736 disputant.

771 1726 810 1776 Ut
827 1726 896 1775 enim
915 1729 1021 1774 taceam
1040 1691 1100 1774 'Ater
1117 1725 1189 1788 regis
1207 1738 1314 1782 nomen,

773 1795 819 1860 qui
841 1795 950 1859 Tegeae
973 1793 1046 1842 istud
1069 1793 1213 1870 templum
1226 1791 1317 1840 condi-

774 1865 848 1914 disse
869 1863 966 1926 fertur,
993 1866 1056 1912 sunt
1074 1863 1122 1926 qui
1145 1862 1179 1910 ab
1197 1849 1264 1923 ἀλέη
1286 1859 1316 1922 (i.

774 1929 944 1994 (1.,ίιιιιλιοις
959 1901 1106 1993 ὑπάλυξις,
1126 1932 1162 1981 ci.
1175 1929 1217 1980 Ili.
1228 1929 1317 1990 XXII,

774 2002 836 2068 301)
854 2001 1004 2064 deducunt,
1023 2005 1055 2050 ut
1072 2001 1123 2050 dea
1141 1999 1317 2064 intelligatur,

774 2088 844 2140 qnae
862 2071 1030 2137 fugientibus
1046 2070 1160 2120 salutem
1179 2070 1317 2135 praebeat,

774 2157 844 2210 quae
866 2145 1020 2224 pugnantes
1044 2144 1135 2191 servet
1159 2139 1316 2190 incolumes.

774 2212 827 2265 Sed
845 2211 917 2261 haud
942 2211 998 2261 seio
1023 2225 1058 2260 an
1077 2210 1158 2260 altius
1180 2209 1245 2276 quid
1263 2225 1318 2258 ma-

184 2283 243 2341 net,
272 2279 412 2333 Heindorf.
436 2281 471 2331 ad
497 2279 600 2346 Cratyl.
627 2296 653 2344 p.
676 2281 720 2329 71.

182 2350 295 2400 Persou.
314 2349 349 2399 ad
362 2351 500 2416 Aristopb.
519 2353 589 2417 qu.
607 2349 683 2400 1018.
696 2365 723 2414 p.

184 2419 241 2470 100.
278 2420 355 2470 Infra
372 2421 395 2484 I,
413 2421 457 2473 80.
476 2421 524 2484 VI,
539 2423 581 2471 75.

215 2519 255 2573 ἔτι
274 2519 322 2572 sol
343 2514 370 2581 ἐς
388 2513 434 2587 ἐμὲ
451 2509 525 2588 ἦσαν
541 2521 611 2572 σιόοιι
629 2515 660 2571 ἐν
674 2521 724 2572 Τε-

180 2591 243 2661 rip]
260 2595 322 2645 Non
334 2593 421 2644 solum
440 2594 474 2643 ad
487 2593 621 2644 Herodoti
639 2607 725 2657 usque

180 2669 299 2714 aetatem
313 2669 439 2713 servatae
450 2663 561 2713 luerunt
572 2663 725 2727 compedes,

181 2735 229 2784 sed
238 2733 402 2795 Pausaniae,
413 2733 431 2782 i.
443 2749 466 2784 e.
474 2734 671 2784 Antoninorum
682 2747 726 2782 ae-

180 2810 253 2866 tate,
278 2803 365 2854 altero
389 2808 452 2868 post
470 2803 533 2854 Chr.
553 2819 580 2854 ιι.
606 2801 725 2864 saeculo,

181 2873 340 2939 compedum
365 2873 478 2923 istarum
495 2889 559 2938 pars
582 2875 610 2922 in
627 2873 726 2922 Miner·

182 2959 232 2994 rae
256 2943 340 2994 Aleae
370 2944 470 3008 templo
498 2943 725 3020 conspiciebatur.

181 3013 244 3065 Vid.
263 3013 529 3076 Pausnn.V111,li.
549 3039 581 3048 -
600 3013 643 3062 De
657 3009 726 3061 σῶαι

182 3083 255 3134 coni.
276 3083 476 3146 inira11,181.
504 3081 633 3148 Reliquos
652 3082 727 3132 locos

183 3153 261 3204 dabit
278 3153 396 3204 Bredor.
413 3170 440 3220 p.
457 3153 500 3204 49.

218 3249 327 3320 περὶ
300 3272 351 3306 ιον
372 3249 446 3336 νηὸν
463 3255 514 3321 τῆς
535 3247 625 3322 Ἀλέης
646 3248 727 3321 Ἀθη-

184 3325 268 3390 ναίης
294 3319 477 3393 κρεμάμεναι]
507 3327 648 3377 Invenitur
677 3327 727 3378 Mi·
779 3332 846 3382 baec
868 3330 921 3381 dea
948 3345 1090 3412 rerumque
1116 3329 1216 3391 ordini,
1243 3329 1323 3394 quie

183 3411 270 3446 nerra
295 3397 363 3448 Alea
393 3397 515 3462 pluribus
546 3397 727 3462 Peloponnesi
779 3402 869 3451 luce
863 3415 924 3464 ipsa
946 3401 1024 3466 quusi
1051 3400 1155 3448 oriatur
1178 3403 1225 3446 ant
1250 3401 1323 3448 certe

183 3467 265 3530 loeis,
289 3467 442 3530 Mantinea,
468 3468 575 3532 Tegea,
602 3467 728 3532 11111111]-
780 3469 944 3521 efficiatur'
938 3485 965 3518 m
992 3469 1071 3518 rebus
1091 3467 1264 3516 terrestribus
1291 3481 1323 3515 ac

184 3538 245 3598 red,
270 3535 337 3586 Ales
360 3537 434 3598 vico,
463 3537 491 3586 in
514 3537 612 3602 quibus
636 3542 728 3587 tamen
780 3538 933 3590 mundanis.
975 3539 1027 3600 Qui
1051 3537 1116 3586 ordo
1138 3551 1171 3584 ne
1197 3533 1324 3597 intereat,

184 3623 219 3656 ea
233 3607 357 3656 Minerva
366 3606 443 3670 Alea,
458 3621 528 3672 quse
538 3608 646 3672 Tegeae
661 3613 727 3657 tem·
780 3624 849 3660 nere
878 3607 932 3658 ullo
964 3606 1042 3656 modo
1071 3604 1209 3666 turbetur,
1243 3605 1324 3654 huius

183 3675 258 3742 plum
278 3675 410 3738 babebat,
433 3679 548 3742 primum
567 3677 656 3727 locum
683 3677 728 3728 ob·
781 3679 848 3729 (leae
861 3682 903 3728 est
917 3691 1024 3726 murina.
1054 3675 1124 3726 Sunt
1135 3673 1243 3725 classici
1255 3677 1326 3726 Pau-

184 3746 302 3796 tinuisse
330 3745 449 3798 videtur.
489 3747 559 3798 Ham
588 3747 729 3813 antiquum
781 3748 876 3799 suniae
893 3746 1038 3806 looiVIll,
1057 3745 1101 3797 40.
1117 3746 1149 3795 47
1165 3744 1227 3795 coll.
1245 3747 1279 3796 45
1298 3749 1325 3795 et

184 3815 242 3865 illie
267 3815 320 3866 luit
337 3818 478 3867 Minervae
501 3818 622 3882 signum,
647 3815 729 3867 Endii
780 3817 912 3869 Herodot.
934 3817 988 3878 IX,
1009 3818 1055 3877 703
1075 3815 1235 3882 quibuscum
1251 3815 1324 3866 coni.

185 3899 269 3950 opus,
288 3901 319 3936 ex
335 3887 416 3938 ebore
431 3887 598 3948 coniectum,
615 3887 729 3937 Romam
782 3903 851 3953 quae
869 3887 991 3954 pluribus
1009 3886 1134 3952 exposuit
1153 3885 1304 3938 Oreunerff
1297 3903 1326 3937 111

185 3955 328 4020 postmodo
359 3955 501 4007 advectum
534 3957 568 4006 ab
596 3957 730 4022 Augusto,
783 3957 903 4023 Symbol.
929 3957 981 4008 111.
1013 3973 1076 4023 pap.
1105 3955 1153 4008 431
1181 3973 1257 4023 seqq.
1283 3957 1325 4008 ed.

186 4039 247 4075 eum
263 4026 410 4076 Antonium
423 4026 544 4076 vicisset.
575 4025 730 4076 Cuinsloeo
782 4031 845 4077 tert.
869 4027 1012 4078 Caeterum
1041 4027 1092 4078 hoe
1113 4022 1243 4092 templum
1262 4027 1327 4078 olim

185 4093 260 4144 aliud
276 4095 415 4145 Minervae
433 4095 541 4160 signum
559 4112 591 4145 ex
605 4095 731 4160 Mantby·
782 4095 1028 4162 splendidissimum
1046 4113 1118 4147 nune
1140 4097 1181 4146 its
1206 4095 1325 4148 dirutum

185 4179 234 4214 rea
242 4165 361 4230 Tegeam
374 4165 487 4216 allatum
504 4171 559 4228 est,
579 4165 731 4232 quodPau-
783 4171 838 4230 est,
861 4173 892 4218 ut
919 4172 1025 4218 tanturn
1053 4166 1238 4216 columnarum
1262 4180 1326 4231 qua-

185 4235 279 4284 sanias
301 4235 381 4285 vidit.
424 4235 478 4298 Qui
506 4233 577 4284 idem
600 4234 730 4300 templum
783 4236 896 4288 rundam
908 4238 1007 4288 rudera
1023 4235 1122 4300 locum,
1137 4251 1190 4300 quo
1203 4235 1270 4286 illud
1283 4249 1327 4283 ex·

186 4304 275 4368 ipsum
293 4303 424 4354 describit
440 4301 684 4355 luculentissimum
704 4309 731 4352 et
782 4311 915 4358 structum
932 4307 994 4368 fnit,
1013 4305 1173 4362 οε1οιιιΙιιιι1,
1198 4303 1226 4351 in
1250 4303 1327 4353 cuins

185 4372 731 4439 splendidissimumaseopoexornatum
782 4375 868 4441 ipsius
900 4377 989 4426 locum
1024 4389 1096 4424 nune
1128 4371 1244 4422 ecclesis
1273 4365 1328 4416 vici

1053 4451 1118 4519 10*

775 2285 870 2350 gisque
886 2281 1080 2332 reconditum'
1073 2297 1099 2331 m
1118 2281 1169 2331 hoe
1191 2280 1258 2330 deae
1274 2295 1318 2329 co-

775 2353 901 2418 gnomine
925 2352 1076 2416 spectarint
1103 2355 1210 2401 veteres
1237 2351 1317 2416 idque

776 2423 863 2488 ipstrm
883 2421 966 2472 etiam
982 2421 1100 2472 sensisse
1118 2422 1226 2472 videtur
1238 2419 1270 2471 C.
1282 2419 1316 2470 Ο.

775 2491 889 2544 Mueller
913 2492 1068 2559 (Deutecbe
1086 2491 1209 2556 Sebrilt.)
1228 2489 1266 2540 ΙΙ.
1290 2505 1317 2556 p.

778 2563 836 2624 175,
855 2561 902 2612 uhi
915 2562 948 2612 de
960 2561 1012 2612 boc
1021 2561 1144 2612 Minerva
1163 2561 1317 2626 disputans,

776 2647 846 2697 quae
868 2632 976 2696 Tegeae
1002 2632 1114 2682 eundem
1145 2632 1203 2682 iere
1229 2630 1320 2680 locum

776 2701 903 2764 obtinuit,
916 2717 995 2767 quem
1005 2703 1118 2752 Athenis
1131 2702 1255 2751 Minerva
1268 2701 1319 2750 Po·

775 2772 841 2834 lias,
862 2787 960 2823 nomen
979 2771 1077 2832 Aleae,
1095 2787 1148 2838 quo
1161 2771 1320 2850 insignitur,

777 2841 921 2892 deductum
940 2842 999 2892 vult
1011 2841 1044 2892 ab
1057 2839 1124 2891 ἁλία
1144 2831 1247 2906 (dla'n):
1266 2855 1320 2906 qua

777 2925 845 2962 voce
864 2915 984 2976 teporem
1003 2911 1148 2961 salutarem
1168 2915 1195 2960 et
1213 2915 1320 2974 gratum

777 2982 895 3032 indicari
913 2981 998 3032 addit.
1030 2981 1153 3030 Pertinet
1169 2980 1239 3028 enim
1254 2979 1321 3029 haec

778 3053 901 3102 Minerva
918 3051 954 3101 ad
972 3066 1005 3100 ea
1017 3051 1142 3111 numina,
1163 3049 1261 3114 quibus
1276 3063 1322 3098 na·

779 3129 857 3172 turae
873 3123 945 3172 vires
961 3136 1061 3185 eaeque
1079 3119 1222 3169 interiores
1240 3119 1323 3186 signi·

779 3192 905 3254 licentur,
930 3191 1033 3242 solares
1050 3190 1173 3256 inprimis
1191 3190 1321 3250 rationes,

779 3279 840 3312 curn
871 3262 980 3312 omnino
1006 3259 1060 3310 luci
1095 3261 1187 3310 favere
1215 3259 1323 3310 dicatur
