3008 4924
503 263 752 326 EUTERPE.
775 261 817 322 11.
842 271 902 325 145.
1215 255 1272 320 761

215 437 271 510 Ἐν
280 435 418 527 Ἕλλησι
438 440 500 526 μέν
520 465 585 507 ννν
609 436 771 508 νεώτατοι
785 441 853 506 τ’ὦν
866 440 961 506 θεαῖν
979 439 1168 523 νομίζονται
1189 429 1346 501 ελναι145

139 541 320 634 Ἡρακλέης
334 570 370 612 τε
384 543 440 612 καὶ
454 540 622 623 Διόνυσος
635 543 692 611 καὶ
706 539 800 626 Πὰν,
821 536 900 628 παρ’
917 544 1134 625 Αἰγυπτίοισι
1149 535 1186 605 δὲ
1202 532 1280 606 Πὰν

143 649 207 739 μὲν
220 645 436 736 ἀρχαιότατος
456 647 594 714 καὶτῶν
613 642 701 716 ὀκτώ
714 649 783 714 τῶν
796 643 940 733 πριόνων
961 643 1153 729 λεγομένων
1174 645 1278 726 θεῶν,

139 749 321 841 Ἡρακλέης
341 750 379 820 δὲ
397 754 466 820 ταῖν
483 751 668 838 δευτέρων,
697 754 766 818 τῶν
789 747 946 818 dodorus
966 746 1159 833 λεγομένων
1181 742 1279 831 εἶναι,

143 855 313 936 Διόνυσος
334 855 371 924 dl
385 858 455 923 τῶν
474 861 614 942 τρίτων,
639 860 673 922 οἳ
687 855 723 922 ἐκ
737 856 806 921 τῶν
820 850 976 922 δυώδεκα
999 851 1093 919 θεαῖν
1113 847 1279 934 ἐγένοντο.

138 956 297 1050 Ἡρακλέι·
313 959 376 1047 μὲν
391 954 433 1046 δὴ
450 952 512 1026 ὅσα
527 940 622 1028 aizoi
637 955 821 1044 Αἰγύπτιοί
836 976 919 1042 φασι
940 952 1027 1023 εἶναι
1046 958 1122 1022 ἔτεα
1135 954 1168 1032 ἐς
1181 948 1278 1040 Ἄμα-

143 1084 199 1134 σιν
225 1065 384 1152 βασιλέα,
418 1060 609 1151 δεδήλωταί
630 1087 686 1149 μοι
714 1057 861 1148 πρόσθε·
890 1059 980 1127 Πανὶ
1009 1055 1046 1126 δὲ
1074 1060 1122 1124 ἔτι
1150 1054 1280 1126 τούτων

143 1267 196 1332 Qui
213 1268 272 1332 ipse
289 1265 341 1316 hoc
359 1281 456 1315 nomen
475 1279 528 1315 non
548 1266 686 1330 proprium
734 1264 821 1314 versis
838 1261 968 1328 gradibus
988 1257 1151 1325 procedente
1174 1257 1279 1312 ordine.

143 1337 191 1390 sed
208 1335 403 1402 appellativum
422 1349 496 1396 esse,
515 1336 685 1400 quodetiam
734 1335 796 1384 Hoc
813 1335 895 1398 pacto
914 1329 961 1393 fit,
981 1333 1013 1380 ut
1031 1344 1163 1379 summum
1182 1345 1280 1380 numen

142 1407 204 1458 eliis
222 1407 274 1458 diis
291 1407 421 1456 tributum
437 1404 534 1466 suerit,
558 1405 686 1455 observet
736 1408 764 1454 ct
786 1407 916 1468 tanquam
945 1401 1007 1466 ipse
1031 1399 1161 1449 divinitas
1184 1415 1279 1465 propa-

138 1493 293 1543 poenamque
316 1475 479 1526 retribuentis
500 1475 636 1526 notionem
654 1491 685 1526 eo
736 1474 800 1539 gine
818 1488 869 1524 sua
886 1471 996 1522 deorum
1015 1485 1063 1534 per
1085 1468 1210 1520 lubentes
1235 1485 1279 1520 se-

143 1546 277 1598 declarari
294 1546 384 1596 addit:
409 1544 480 1610 quod
499 1560 559 1594 cum
576 1545 626 1596 deo
646 1547 685 1595 in·
736 1535 808 1594 tetes
828 1558 889 1594 sese
907 1539 1038 1605 explicet,
1058 1543 1099 1602 et,
1116 1538 1182 1589 licet
1192 1555 1239 1603 per
1249 1555 1278 1592 se

142 1618 260 1668 ferorum
278 1615 403 1682 praeside
415 1631 448 1665 ac
461 1613 551 1665 iudice
561 1631 685 1680 supremo

143 1687 287 1737 convenire
306 1701 384 1735 nemo
398 1701 451 1735 non
466 1684 550 1734 videt.
587 1686 619 1735 In
632 1685 687 1736 alia

141 1755 223 1819 plane
248 1755 306 1804 abit
331 1753 479 1819 Seyd'arth:
509 1754 637 1820 Beitriige
661 1772 686 1806 n.

143 1826 264 1886 Kenntn.
289 1824 315 1873 d.
341 1824 390 1875 alt.
415 1825 532 1888 Aegypt,
557 1823 595 1876 11.
621 1839 685 1889 pag.

145 1894 194 1946 113
204 1910 291 1960 seqq„
306 1893 340 1944 ad
351 1893 441 1944 sidera
452 1899 479 1943 et
488 1891 687 1958 planetas'Osi·

143 1964 227 2015 ridem
245 1979 386 2015 revocans.

317 2171 383 2222 Gur.
405 2170 510 2222 CXLV.

174 2301 346 2373 ἘνἛλλησι
357 2303 409 2373 μέν
419 2324 472 2358 ννν
482 2299 617 2358 νεώτατοι
629 2307 686 2359 τῶν

144 2378 223 2430 θεῶν
243 2377 406 2444 νομίζονται
424 2394 450 2428 κ.
475 2395 498 2429 r.
517 2377 553 2446 λ.]
572 2379 686 2445 Compa-

143 2451 230 2500 rnnda
247 2454 323 2511 suut,
348 2465 416 2516 quae
440 2449 475 2499 ed
493 2449 534 2510 11,
554 2448 588 2499 43
606 2455 634 2500 et
652 2449 686 2500 46

143 2521 336 2585 adscripsimus
366 2519 500 2584 simulque
522 2519 685 2582 adiicienda,

142 2607 212 2657 quae
229 2591 263 2641 de
278 2589 385 2656 triplice
402 2590 497 2640 ordine
515 2590 625 2640 deorum
635 2592 685 2642 Ae·

143 2661 313 2728 gyptiorum,
338 2661 484 2725 primorum
504 2659 599 2725 (octo),
618 2660 687 2711 altc-

142 2747 232 2780 rorum
260 2728 438 2796 (duodecim),
467 2730 623 2794 tertiorum,
656 2731 684 2780 in

142 2800 240 2864 quibus
268 2801 327 2862 ipse
350 2798 437 2848 Osiris
462 2797 601 2863 Dionysus
633 2804 684 2861 est,

142 2867 272 2918 disseruit
287 2868 434 2918 Creuzerus
450 2867 551 2917 Oomm.
562 2869 642 2918 Herr.
657 2885 683 2934 p.

141 2937 193 2988 205
211 2953 285 3002 seqq.
324 2937 434 2996 „Habet
451 2936 576 2986 nimirum
594 2937 685 2988 huius·

142 3006 215 3056 modi
242 3005 367 3056 doctriua
390 3006 442 3056 hoc
464 3005 618 3070 singulare,
644 3011 684 3068 ut,

141 3091 211 3141 quoe
221 3075 354 3139 hodieque
360 3076 395 3126 ed
403 3074 612 3140 metaphysicas,
620 3075 686 3141 phy·

142 3147 229 3208 sicas,
248 3145 445 3196 astronomicas
461 3144 584 3209 inprimis
602 3146 686 3196 ratio·

142 3231 190 3266 nes
210 3215 383 3280 rediguntur,
402 3231 434 3266 es
451 3213 631 3266 sacerdotalis
642 3231 686 3265 ra-

143 3285 181 3336 tio
200 3284 235 3334 ad
253 3283 384 3334 historiae
408 3283 544 3350 quandum
568 3285 685 3350 speciem

143 3353 265 3420 effingat.
293 3354 467 3404 Hincomnin
484 3353 540 3418 illa,
559 3355 686 3420 quaeho-

142 3426 244 3476 minum
262 3424 416 3474 memoriam
434 3423 582 3486 excedunt,
599 3424 687 3490 dispe-

144 3499 257 3547 scuntur
267 3509 313 3560 per
326 3508 406 3559 repon
418 3495 519 3544 deorum
532 3491 687 3561 (βασιλείας

144 3562 244 3630 θεῶν),
280 3563 415 3614 Videlicet
429 3569 533 3629 ponunt
545 3565 629 3629 prisci
643 3580 685 3615 sa·

143 3635 267 3686 cerdotes
284 3633 389 3699 copiam
399 3633 535 3698 quandem
553 3639 684 3697 aetatum,

142 3721 212 3772 quae
230 3719 277 3769 per
294 3709 444 3768 temporum
458 3702 599 3754 decursum
617 3705 684 3754 inri-

142 3791 200 3826 cem
219 3789 249 3824 se
268 3774 415 3838 excipiunt.
450 3773 483 3823 ln
505 3774 639 3839 principio
657 3779 685 3825 et

142 3846 221 3910 quasi
239 3845 267 3893 in
285 3859 373 3894 rernm
385 3844 502 3893 omnium
517 3843 633 3894 culmine
643 3844 684 3894 lo-

142 3919 206 3965 cant
224 3913 268 3964 vel
288 3929 370 3964 unum
388 3912 431 3964 vel
449 3913 539 3978 plures
558 3914 623 3964 deos
641 3929 685 3964 su-

141 3985 227 4048 premi
245 3982 347 4034 ordinis
367 3988 394 4034 et
416 3983 476 4034 solu
497 3985 595 4034 mentis
612 3983 684 4049 cogi-

142 4054 247 4103 tatione
265 4053 460 4105 iniormaudos.
497 4054 555 4104 Hos
569 4069 684 4119 sequun-

143 4126 187 4172 tur
205 4122 244 4172 dii
267 4121 363 4184 alteri,
388 4123 530 4173 inferiores
552 4123 607 4172 illis
632 4123 684 4187 pri-

141 4191 205 4252 mis,
225 4191 274 4241 sed
293 4194 320 4240 in
339 4193 436 4256 quibus
459 4197 550 4242 tarneu
571 4192 683 4256 stipsis

737 1629 855 1674 summa,
873 1611 908 1662 ad
920 1610 1013 1662 infima
1025 1613 1116 1660 tamen
1129 1610 1219 1660 omnia
1229 1626 1279 1662 nec

738 1684 825 1734 miuus
843 1682 989 1748 pertineat.
1024 1680 1057 1730 Iu
1073 1683 1220 1730 extremum
1233 1697 1279 1731 su-

737 1758 791 1806 tem
804 1753 918 1818 gradum
938 1765 1084 1816 progressa
1108 1749 1223 1816 quedam
1237 1752 1279 1802 sui

737 1828 815 1889 perte
838 1821 992 1887 implicatur
1013 1820 1171 1870 infertorum
1190 1835 1278 1871 rerum

737 1893 939 1950 vicissitudine,
963 1906 1051 1941 rerum
1069 1890 1200 1940 fluxarum
1217 1907 1279 1954 gnr-

737 1964 794 2029 gite
811 1962 992 2028 immergitur,
1013 1965 1039 2011 et
1056 1959 1181 2011 mortalia
1199 1961 1279 2010 redeo-

738 2049 790 2099 que
809 2037 920 2084 mortem
938 2031 1026 2094 subit,
1050 2031 1091 2080 ite
1109 2034 1214 2093 temen,
1237 2035 1277 2094 ut,

736 2104 801 2168 quia
818 2117 955 2169 uunquam
973 2105 1066 2165 potest
1082 2115 1099 2149 a
1115 2115 1144 2150 se
1161 2100 1222 2164 ipse
1233 2100 1278 2150 de-

736 2175 867 2234 sciscere,
886 2172 914 2222 vi
932 2171 1057 2235 perennis
1071 2185 1136 2220 suae
1150 2169 1278 2220 divinita-

735 2244 771 2293 tis
789 2242 936 2293 reviviscat
945 2245 972 2291 et
985 2239 1175 2305 perpetuitatis
1189 2255 1278 2290 rerum

735 2312 898 2363 naturalium
922 2315 1017 2362 auctor
1039 2309 1106 2360 sit.“
1141 2310 1184 2360 De
1210 2310 1277 2361 Her-

736 2384 790 2434 cule
808 2382 876 2432 satis
894 2396 977 2446 supra
991 2381 1122 2431 monitum
1137 2379 1224 2430 estad
1237 2380 1277 2444 II,

736 2453 779 2514 43,
800 2453 833 2502 de
854 2453 925 2502 Parte
947 2450 983 2500 ad
1006 2450 1043 2512 ll,
1068 2450 1114 2512 463
1142 2451 1278 2514 Dionysum

737 2539 810 2584 vero,
828 2522 846 2572 i.
867 2520 1027 2573 morchidum
1043 2520 1112 2586 (vid.
1125 2520 1160 2570 ed
1175 2521 1211 2583 II,
1227 2522 1276 2572 itt

737 2589 831 2655 nott),
850 2590 922 2656 quod
939 2591 973 2642 ad
986 2591 1096 2641 tertium
1113 2591 1222 2640 deorum
1236 2607 1278 2640 or·

736 2663 825 2714 dinem
849 2663 948 2712 Noster
973 2660 1111 2722 retulerit,
1134 2660 1161 2709 id
1187 2676 1220 2711 ex
1237 2677 1277 2710 er·

735 2748 797 2782 rore
822 2731 923 2782 iactum
952 2745 1011 2781 esse
1034 2729 1138 2780 iudicat
1161 2730 1276 2794 Lepsius

735 2800 911 2864 (chronolog.
925 2800 951 2850 d.
966 2799 1083 2864 Aegypt.
1103 2801 1126 2849 I.
1138 2813 1201 2862 pag.
1214 2797 1275 2848 253.

735 2869 924 2921 Denlrschriit.
943 2870 970 2920 d.
989 2868 1077 2919 Alrad.
1097 2868 1123 2919 d.
1138 2866 1220 2920 Wiss.
1242 2883 1277 2918 uu

734 2939 836 2990 Berlin.
859 2941 934 2992 1851.
956 2953 1019 3004 pag.
1042 2935 1112 3002 174),
1131 2935 1202 3002 quod
1221 2937 1277 2986 Ho-

735 3025 795 3070 rus,
816 3008 932 3058 Osiridis
950 3007 1035 3068 filius,
1056 3007 1100 3072 qui
1119 3005 1276 3070 Typhonem

734 3079 802 3128 vicit
819 3079 960 3143 petrisque
978 3075 1077 3126 vindex
1096 3075 1213 3137 exstitit,
1236 3075 1276 3126 ul-

734 3150 816 3198 timus
833 3147 941 3200 deorum
958 3149 1078 3196 serente
1089 3147 1204 3206 Meuem,
1224 3146 1277 3210 pri·

736 3233 806 3268 mnnr
818 3217 956 3268 hominum
966 3231 1066 3282 regem,
1076 3215 1275 3280 perhiberetur:

735 3289 827 3352 itaque
845 3287 880 3336 ab
892 3286 1033 3336 Herodoto
1048 3301 1155 3352 quoque
1172 3286 1277 3336 Horum

736 3363 763 3408 et
773 3357 923 3416 Osiridem,
942 3372 1019 3423 quern
1035 3361 1178 3421 utrumque
1191 3357 1276 3422 primo

736 3428 847 3478 deorum
870 3426 958 3477 ordlni
973 3419 1022 3489 (ad
1042 3441 1120 3493 quem
1147 3441 1161 3474 e
1183 3425 1277 3491 Lepsii
1363 3446 1365 3450 ¹

735 3497 874 3548 sententie
889 3495 1046 3562 pertinent),
1058 3495 1214 3546 adscribere
1232 3496 1277 3546 de-

735 3567 837 3630 buerit,
863 3567 898 3617 ad
915 3567 1041 3628 tertium,
1065 3565 1084 3615 i.
1108 3581 1133 3616 e.
1152 3564 1275 3616 ultimum

735 3637 844 3688 deornm
855 3637 985 3698 ordinem,
1005 3649 1072 3700 quos
1081 3633 1217 3685 hominnm
1230 3635 1277 3684 irn-

734 3707 837 3772 perium
859 3708 888 3756 in
912 3707 1037 3771 Aegypto
1061 3705 1211 3770 exceperit,
1236 3719 1276 3754 re-

734 3777 808 3827 ferri.
843 3777 938 3842 Neque
952 3776 1022 3826 enim
1034 3775 1128 3825 horum
1142 3774 1222 3824 trium
1236 3789 1277 3823 or-

735 3847 828 3898 dinum
846 3846 961 3896 alterurn
979 3861 1011 3895 ex
1031 3844 1116 3894 altero
1128 3848 1216 3894 ortum
1229 3859 1277 3908 pu-

734 3921 776 3966 tet
794 3917 910 3980 Lepsius
929 3914 958 3980 (1.
971 3914 990 3966 l.
1009 3930 1071 3980 psg.
1086 3915 1135 3964 177
1148 3914 1219 3979 seq.)
1232 3929 1277 3978 ge·

735 3986 849 4037 uerendi
874 3985 948 4050 lege,
976 3983 1025 4034 sed
1049 3998 1193 4050 regnorum
1218 3997 1278 4034 suc·

735 4055 871 4106 cessiones
889 4059 1040 4119 temporum
1055 4053 1170 4104 decursu
1188 4053 1277 4104 iactas

736 4123 869 4176 declarari
889 4127 992 4174 censet.

770 4189 932 4254 δεδήλωταί
943 4206 992 4254 μοι
1011 4180 1135 4254 πρόσθε]
1154 4188 1278 4240 Vid..au·

140 4274 208 4308 vera
224 4260 267 4309 vis
284 4259 451 4323 divinitatis,
471 4277 526 4326 quo
545 4261 586 4310 illi
604 4261 683 4325 primi
735 4279 785 4326 pra
797 4263 835 4324 11,
847 4260 890 4312 43.
918 4263 971 4312 Pro
984 4251 1135 4324 Ἡρακλῆς,
1150 4263 1181 4308 ut
1192 4258 1276 4324 vulgo

141 4333 297 4394 censentur,
322 4330 401 4392 iusit;
427 4335 454 4382 et
475 4332 515 4382 sic
540 4346 620 4398 porro
646 4330 686 4382 di·
735 4331 892 4400 legebatur,
912 4331 1021 4398 reposui
1032 4320 1202 4394 Ἡρακλέης,
1222 4343 1277 4382 mo·
