3020 4930
607 276 876 338 EXOURSUS
899 278 978 340 XIV

560 699 883 776 EXOURSUS
918 701 1013 776 XIV

436 867 522 932 ΑΙ)
566 867 922 935 aaaooou.
968 869 1021 954 11,
1068 871 1139 934 148.

642 1203 690 1259 De
717 1202 930 1276 labyrintho.

263 1353 268 1358 ’
303 1355 428 1408 Veterem
454 1355 637 1423 labyrinthum
660 1359 771 1424 praeter
794 1353 965 1406 Herodotum
991 1351 1115 1422 inprimis
1141 1351 1353 1422 descripserunt

219 1441 357 1494 Diodorus
372 1439 482 1491 Siculus
504 1440 526 1505 l,
542 1445 585 1508 61.
603 1443 647 1499 89.
674 1439 773 1491 Strabo
789 1437 877 1491 xvss.
894 1457 922 1508 p.
937 1444 989 1499 811
1004 1454 1027 1489 s.
1046 1455 1073 1506 p.
1093 1443 1160 1496 1155
1176 1437 1237 1489 coll.
1253 1437 1349 1506 Pomp.
1405 1463 1409 1470 ·

220 1527 284 1580 Mel.
300 1526 329 1592 1,
350 1529 414 1598 9·et
427 1523 498 1575 Plin.
518 1523 554 1576 Η.
570 1523 607 1577 Ν.
623 1523 750 1590 XXXVI,
774 1528 822 1590 13,
846 1523 893 1593 qui
911 1528 1027 1592 uterque
1051 1539 1084 1574 ex
1102 1521 1236 1574 Herodoti
1253 1539 1351 1574 narra-

218 1611 294 1663 tione
312 1603 482 1678 potissimum
503 1608 613 1677 pendet.
652 1607 712 1660 Alia
731 1607 920 1677 suppeditabit
936 1607 1030 1674 Zoiga
1049 1606 1083 1659 de
1099 1605 1226 1659 obelisco.
1243 1623 1270 1674 p.
1286 1609 1350 1666 418.

220 1701 277 1747 not.
294 1701 341 1758 10,
365 1693 411 1744 ubi
426 1692 594 1745 recentiores
615 1709 725 1763 quoque
742 1691 879 1759 laudavit,
905 1691 953 1760 qui
970 1691 1004 1743 de
1020 1689 1176 1758 labyrintho
1192 1690 1350 1756 retulerint,

219 1787 247 1832 et
261 1779 392 1829 Gatterer
404 1777 431 1829 in
449 1777 610 1829 Commentt.
627 1775 751 1828 societat.
768 1793 826 1844 reg.
843 1775 970 1843 Gotting.
985 1773 1047 1827 Vol.
1063 1773 1110 1827 lx.
1128 1793 1155 1844 p.
1171 1779 1220 1842 54,
1236 1775 1285 1844 qui
1300 1792 1350 1843 po-

218 1863 351 1915 tissimum
372 1861 506 1914 Herodoti
528 1860 614 1912 locum
635 1860 805 1912 tractandum
826 1867 855 1912 et
874 1857 1061 1928 explicandum
1084 1859 1138 1911 sibi
1157 1859 1264 1912 sumsit.
1303 1859 1349 1910 Tu

219 1947 274 2000 vid.
296 1945 419 2016 inprimis
440 1945 523 1998 Beck.
540 1944 639 1997 Anleit.
659 1963 684 1998 z.
700 1943 869 2012 Weltgeach.
885 1944 909 1995 1.
924 1962 951 2013 p.
968 1946 1029 2009 ihi,
1052 1951 1080 1996 et
1100 1943 1170 1996 adde
1192 1960 1264 2014 quse
1285 1951 1351 2012 post

217 2032 382 2084 Larcherum
398 2029 425 2080 in
442 2037 499 2082 not.
515 2029 690 2082 adHerodoti
704 2028 790 2081 locum
806 2029 985 2097 disputarunt
998 2027 1071 2080 docti
1086 2027 1159 2080 Galli
1171 2027 1350 2096 iaDescript.

218 2117 252 2167 de
267 2114 339 2181 rag.
364 2113 468 2182 antiqq.
487 2113 592 2165 livrais.
608 2113 660 2165 111.
680 2117 743 2165 tom.
760 2113 797 2166 ll.
813 2113 890 2182 chop.
913 2109 1000 2164 xvfl.
1018 2119 1085 2165 sect.
1102 2111 1153 2164 lil.
1171 2129 1198 2182 p.
1213 2116 1248 2170 32
1270 2129 1351 2182 seqq.

218 2199 357 2251 Mannert.
374 2199 477 2265 Geogr.
494 2197 520 2250 d.
537 2197 732 2251 Gr.·u.Roem.
749 2197 782 2264 X,
799 2205 813 2256 1
829 2215 856 2266 p.
872 2202 924 2257 430
942 2199 970 2247 et
983 2195 1139 2249 Letoonne:
1154 2197 1239 2249 Essai
1259 2213 1310 2248 sur
1326 2196 1352 2249 le

218 2284 281 2353 plan
304 2289 332 2334 et
354 2283 380 2334 la
401 2281 566 2350 disposition
584 2281 714 2349 generale
733 2281 769 2333 du
788 2280 944 2349 labyrinthe
960 2285 1012 2332 etc.
1031 2281 1060 2333 in
1077 2279 1219 2334 nouvelles
1235 2280 1351 2333 annales

218 2369 267 2419 des
290 2382 412 2434 voyages
433 2382 483 2434 par
497 2365 599 2432 Eyriha
617 2373 645 2416 et
660 2365 816 2418 Maltebrua
833 2371 854 2416 t.
871 2365 919 2415 Vl.
936 2383 963 2433 p.
979 2369 1031 2425 133
1046 2383 1122 2435 seq.,
1144 2365 1192 2417 ubi
1208 2366 1289 2417 etiam
1306 2371 1350 2416 ta-

217 2451 282 2502 bula
296 2451 353 2502 aeri
370 2449 458 2502 incisa
473 2448 578 2500 adiecta
594 2455 646 2501 est.
679 2449 731 2501 His
746 2450 852 2502 accedit
865 2447 999 2518 Lepsios,
1017 2449 1051 2502 de
1067 2467 1121 2520 quo
1136 2467 1197 2503 mox
1212 2449 1301 2520 plura,
1322 2457 1351 2502 et

219 2535 345 2586 Bunsen:
367 2533 477 2601 Egypts
499 2532 596 2598 Place,
618 2531 645 2584 in
663 2533 809 2586 Universal
824 2533 942 2600 History
964 2537 1017 2585 etc.
1039 2533 1076 2586 li.
1101 2553 1128 2603 p.
1144 2537 1196 2594 305
1213 2552 1291 2604 seqq.
1317 2551 1350 2586 ec

217 2617 364 2687 praecipue
378 2633 406 2684 p.
421 2620 473 2675 313
488 2634 565 2685 seqq.
583 2616 626 2668 ed.
643 2618 756 2669 secund.
773 2617 849 2688 (coll.
863 2617 899 2670 ll.
914 2621 1001 2684 {adli
1013 2635 1091 2688 seqq.
1108 2618 1151 2670 ed.
1167 2618 1349 2688 priorisGer-

217 2700 337 2768 menie),
353 2699 401 2770 qui
417 2707 444 2752 et
459 2699 607 2767 labyrinthi
625 2700 843 2768 delineationem,
859 2701 1008 2771 pyramidis
1023 2701 1166 2770 imaginem
1181 2719 1214 2754 ac
1228 2703 1349 2771 deniqne

217 2785 354 2854 regionis,
381 2785 409 2836 ia
433 2801 487 2854 qua
510 2783 684 2852 labyrinthus
707 2791 865 2839 exstructus
886 2784 957 2853 luit,
982 2801 1103 2856 mappam
1126 2787 1237 2840 adiecit.
1275 2787 1347 2839 Add.

218 2869 361 2922 Wheeler=
381 2868 441 2920 'l'he
455 2869 613 2938 geography
630 2871 662 2922 oi
675 2869 809 2923 Herodot.
826 2889 853 2940 p.
869 2873 921 2927 tat
934 2887 993 2940 seq.

276 3033 283 3045 ,
301 2987 344 3039 De
357 2996 487 3058 tempore,
510 3003 564 3056 quo
597 2987 770 3056 labyrinthus
785 2987 823 3039 sit
837 2991 1009 3053 exstructus,
1031 2987 1137 3041 minime
1150 2993 1274 3056 constat3
1296 2987 1348 3040 sed

217 3055 296 3125 valde¹
316 3071 457 3140 probabile
472 3072 518 3138 lit,
543 3070 595 3124 iam
614 3077 678 3126 ante
696 3071 898 3124 dodecarchiam
917 3070 991 3124 illam
1006 3071 1095 3124 luisse
1115 3079 1283 3126 exstructum
1304 3072 1347 3124 in-

217 3157 306 3226 deque
325 3155 360 3208 ad
378 3155 534 3225 antiquiora
550 3155 669 3225 Aegypti
685 3164 872 3220 monumenta,
897 3161 929 3208 ut
943 3155 1113 3224 pyramides,
1136 3156 1188 3208 alia
1201 3156 1229 3208 id
1245 3173 1346 3226 genus,

217 3258 280 3293 esse
295 3239 476 3292 referendum.
506 3239 588 3291 Haud
603 3245 731 3310 repetam,
749 3257 818 3310 quas
833 3240 918 3293 Beck.
934 3238 952 3290 l.
972 3239 989 3290 l.
1006 3240 1123 3308 protulit
1136 3241 1263 3294 diversas
1280 3259 1346 3294 sen·

217 3323 320 3376 tentiae
342 3323 376 3376 de
397 3323 547 3392 labyrinthi
567 3323 770 3391 conditoribua3
799 3324 866 3376 illud
888 3323 967 3376 modo
989 3323 1098 3393 addam,
1124 3324 1212 3378 Gallis
1233 3341 1347 3394 quoque

218 3408 306 3460 doctis
323 3407 355 3478 (l.
371 3407 389 3460 l.
406 3411 433 3473 ς.
445 3413 472 3468 4.
488 3426 515 3476 p.
530 3407 580 3474 40)
597 3407 637 3460 ita
651 3409 826 3462 statuendum
841 3408 944 3474 videri,
968 3413 999 3459 ut
1017 3407 1192 3476 labyrinthus
1213 3409 1347 3462 dodecar-

217 3492 293 3544 chiae
308 3497 428 3562 tempore
442 3491 547 3545 minime
560 3491 741 3559 adscribatur,
763 3492 885 3562 quamvis
900 3499 1004 3561 partem
1018 3491 1093 3546 illius
1105 3495 1225 3546 iortasse
1239 3495 1346 3546 resece-

217 3577 255 3628 rit
265 3575 480 3644 Psammitiohas,
497 3592 555 3628 cum
568 3575 663 3644 plures
677 3577 785 3630 omnino
796 3595 876 3646 reges
890 3583 1041 3646 temporum
1052 3577 1169 3630 decursu
1182 3577 1346 3630 aedificasse

217 3660 380 3726 videantur;
408 3660 480 3713 unde
502 3657 580 3711 simul
603 3661 791 3730 perspicuum,
819 3678 869 3713 cur
889 3660 991 3713 diversi
1013 3659 1169 3714 conditores
1193 3661 1345 3729 labyrinthi

216 3762 296 3812 reges
311 3749 559 3798 commemorentur.
591 3743 650 3795 Nec
666 3744 719 3796 alia
734 3747 792 3798 lere
807 3745 841 3799 de
852 3745 1000 3812 labyrinthi
1014 3745 1202 3798 conditoribus
1214 3746 1269 3798 luit
1279 3763 1345 3797 sen·

217 3829 307 3880 sentia
322 3827 488 3896 lahlonskii,
510 3827 593 3880 Vocc.
608 3828 695 3897 hegg.
712 3848 740 3899 p.
758 3833 810 3888 124
825 3847 883 3899 seq.
914 3827 969 3882 Sed
986 3829 1161 3886 Mannertum
1175 3829 1193 3882 l.
1209 3830 1227 3881 l.
1243 3847 1271 3898 p.
1289 3833 1345 3888 438

216 3913 241 3963 si
257 3912 368 3980 audias,
386 3911 580 3965 dodeoarchiae
594 3919 684 3965 aetate
700 3919 841 3966 exstructa
855 3919 899 3966 est
915 3912 1065 3980 labyrinthi
1079 3913 1178 3981 moles,
1200 3913 1279 3966 ouius
1295 3912 1343 3965 de-

216 3995 334 4063 signatio
356 3996 390 4048 ad
411 3995 550 4049 duodecim
572 3996 683 4064 regulos
705 3997 855 4066 pertineat,
875 3997 1009 4066 perfectio
1030 3997 1064 4049 ad
1087 4014 1168 4050 arnum
1189 3997 1344 4050 Psammiti-

215 4079 293 4130 chum
310 4079 433 4150 adeoque
449 4080 528 4133 etiam
546 4080 579 4132 ad
598 4096 680 4133 annm
699 4098 732 4134 ex
752 4081 826 4135 illius
847 4082 1066 4134 successoribus.
1102 4081 1251 4150 asportes
1271 4081 1344 4133 idem

214 4161 379 4217 Mannertus
394 4164 412 4216 l.
427 4165 444 4216 l.
462 4182 490 4233 p.
506 4168 556 4224 441
578 4164 647 4217 hanc
662 4165 792 4234 proponit
805 4167 1003 4218 coniecturamr
1026 4164 1141 4218 eundem
1159 4165 1342 4230 Memnonem,

214 4245 263 4315 qui
279 4244 462 4301 Memnonium
482 4253 509 4301 et
524 4247 628 4300 Thebis
645 4255 672 4301 et
687 4249 776 4316 Abydi
793 4251 975 4316 exstruxerit,
997 4249 1211 4319 prolabyrinthi
1227 4255 1343 4300 auctore

213 4337 296 4400 atque
311 4330 451 4384 conditore
470 4351 532 4385 esse
548 4333 708 4388 habendam.
740 4334 819 4396 Quae
838 4349 917 4404 quam
933 4334 1038 4387 incerta
1053 4333 1127 4402 sint,
1147 4333 1278 4386 neminem
1295 4333 1341 4384 t'u·
