3032 4916
242 285 307 347 592
675 275 941 338 HERODO'I'I

246 459 326 528 τάδε
340 461 571 547 μηχανᾶσθαι·
594 457 662 520 τῶν
676 458 786 520 λίθων
800 447 1121 538 παρασκευάσασθαι
1135 449 1195 516 ἕνα
1209 441 1367 532 ἐξαιρετὸν

248 562 334 632 εἶναι
349 565 385 630 ἐκ
398 564 459 627 τοῦ
473 564 586 645 τοίχου
600 557 738 642 ῥηϊδίως
751 556 807 622 καὶ
820 548 887 621 ὑπὸ
903 552 966 620 δύο
986 548 1122 638 ἀνδρῶν
1141 549 1196 617 καὶ
1209 544 1274 617 ὑπὸ
1290 547 1367 628 ἑνός.
1458 593 1460 602 =

247 662 291 744 ὦς
306 665 342 733 δὲ
358 661 561 747 ἐπετελέσθη
581 655 618 726 τδ
633 668 773 746 οἴκημα,
793 655 853 725 τὸν
873 656 935 744 μὲν
948 653 1088 742 βασιλέα
1109 660 1312 742 θησαυρίσαι
1332 648 1368 718 τά

246 767 396 858 χρήματα
410 768 448 835 ἐν
462 761 563 856 αὐτῷ.
603 761 726 851 χρόνον
746 761 783 828 δὲ
804 759 991 848 περιϊόντος
1009 755 1276 844 τδνοίκοδόμου,
1299 755 1371 840 περὶ

246 867 406 958 τελευτὴν
420 873 481 937 τοῦ
497 874 574 956 βίου
588 863 701 948 ἐόντα,
727 861 1001 933 ἀνακαλέσασθαι
1020 857 1098 940 τοδς
1119 865 1241 939 παῖδας
1275 857 1372 940 (εἶναι

247 974 311 1063 γάρ
325 971 417 1064 αὐτῷ
439 970 532 1056 δυό),
553 968 699 1037 τούτοισι
714 968 751 1036 δὲ
776 965 1031 1056 ἀπηγήσασθαι,
1055 959 1098 1044 σός
1120 969 1261 1034 ἐκείνων
1276 987 1371 1050 προο-

248 1079 355 1168 ρὲων,
376 1071 461 1154 ὅκως
477 1082 553 1162 βίον
572 1070 729 1160 ἄφθονον
745 1075 860 1160 ἔχωσί,
881 1069 1074 1158 τεχνάσαιτο
1094 1065 1300 1155 οἰκοδομέων
1320 1061 1375 1132 τὸν

246 1177 424 1269 θησαυρόν
437 1183 498 1246 τοῦ
512 1179 676 1264 βασιλέος.
704 1178 837 1263 σαφέως
852 1174 889 1243 δὲ
904 1171 1033 1242 αὐτοῖσι
1050 1171 1158 1241 πάντα
1175 1167 1374 1258 ἐξηγησάμε-

248 1311 310 1354 νον
323 1282 364 1351 τά
384 1283 460 1368 περὶ
481 1276 542 1368 τὴν
562 1281 727 1368 ἐξαίρεσιν
748 1283 808 1346 τοῦ
823 1285 925 1346 λίθου
950 1281 1068 1344 δοῦναι
1083 1274 1124 1344 τά
1142 1277 1246 1364 μέτρα
1264 1268 1377 1354 αὐτοῦ,

249 1380 455 1474 tironensis
468 1387 573 1452 ταῦτα
588 1381 874 1470 διαφυλάσσοντες
883 1387 996 1468 ταμίαι
1011 1385 1079 1448 τῶν
1088 1381 1244 1468 βασιλέος
1254 1375 1376 1465 χρημά-

248 1517 317 1560 των
332 1494 475 1557 ἐσονται.
504 1487 559 1554 καὶ
577 1483 637 1553 τὸν
652 1485 714 1573 μὲν
728 1490 921 1573 τελευτῆσαι
935 1481 995 1552 τόν
1008 1489 1100 1572 βίον,
1114 1480 1193 1562 τοὺς
1207 1480 1246 1550 δὲ
1261 1484 1381 1556 παῖδας

248 1590 353 1661 αὐτοῦ
368 1588 430 1660 οὐκ
441 1593 474 1670 ἐς
487 1586 618 1677 μακρὴν
632 1594 733 1676 ἔρχου
746 1595 899 1675 ἔχεσθαι·
927 1586 1132 1667 ἐπελθόντας
1147 1587 1184 1655 δὲ
1199 1585 1256 1654 ἐπὶ
1266 1581 1308 1651 τὰ
1322 1590 1378 1670 βα-

249 1695 360 1785 σιληία
385 1690 506 1772 νυκτός
534 1689 670 1760 καὶτὸν
695 1699 796 1760 λίθον
817 1693 871 1760 ἐπὶ
893 1695 939 1782 τῷ
959 1689 1197 1779 οἰκοδομήματι
1215 1685 1380 1776 ἀνευρόν-

248 1827 306 1878 τας
337 1801 475 1886 ῥηίδίως
499 1803 795 1885 μεταχειρίσασθαι
815 1795 871 1862 καὶ
898 1798 966 1863 τῶν
984 1793 1161 1882 χρημάτων
1181 1788 1293 1862 πολλά
1315 1793 1381 1872 ἐξε-

224 1910 441 1970 ννείκασθαι.
485 1894 542 1978 Ὡς
562 1898 599 1966 δὲ
618 1915 732 1986 τυχεῖν
749 1896 809 1966 τόν
827 1899 966 1986 βασιλέα
989 1895 1166 1979 ἀνοίξαντα
1187 1894 1227 1964 τὸ
1250 1905 1384 1982 οἴκημα,

248 2003 430 2092 θωυμάσαι
445 2001 560 2070 ίδόυτα
574 2001 830 2090 πολυχρημάτων
845 2004 991 2068 καταδεᾶ
1004 1997 1043 2069 τά
1053 1997 1185 2089 άνγηία,
1200 1995 1267 2068 οὐκ
1279 2005 1368 2087 ἔχειν
1380 2007 1421 2064 lit

249 2108 305 2193 δὲ,
329 2103 369 2175 ὅν
384 2134 459 2175 τινα
474 2107 675 2188 ἐπαιτιᾶται,
700 2110 769 2172 τῶν
790 2131 826 2173 τε
839 2103 1041 2192 σημάντρων
1056 2103 1181 2172 ἐόντων
1199 2103 1308 2173 σοι’ων
1331 2101 1386 2171 καὶ

248 2313 294 2362 des
311 2327 378 2362 murs
400 2313 462 2362 έλοίλ
478 2310 539 2360 dors
559 2309 591 2358 de
608 2311 738 2360 l'cnceinte
758 2309 791 2358 du
842 2327 912 2361 mam
922 2309 1054 2361 declarari
1062 2313 1213 2376 admonuit,
1226 2313 1293 2362 aliis
1304 2326 1390 2362 exem-

244 2379 365 2444 palais;“
382 2379 537 2430 adsensum
549 2378 710 2429 haudmaie.
740 2380 791 2429 Re·
841 2381 893 2446 plis
911 2380 1012 2432 allatis.

249 2451 353 2500 ceutior
380 2449 474 2500 Gallus
498 2449 644 2512 interpres,
672 2448 699 2496 in
729 2448 790 2498 eliis
875 2443 926 2499 τὸν
943 2443 1094 2514 θησαυρὸν
1110 2447 1162 2499 τοῦ
1175 2447 1323 2517 βασιλέος]
1345 2446 1362 2515 β
1381 2476 1393 2487 -

249 2519 412 2581 accuratior,
430 2517 501 2568 huuc
515 2517 603 2568 locum
620 2533 730 2582 prorsus
746 2533 791 2568 ue·
840 2517 931 2575 σιλέος
941 2535 1002 2568 cum
1013 2520 1150 2571 Geisiord.
1161 2521 1287 2585 reposui.
1302 2520 1392 2585 Vulgo

248 2589 342 2654 giexit.
382 2589 442 2649 Quo
460 2587 556 2638 melius
569 2586 655 2638 Italus
670 2589 736 2638 haec
751 2589 790 2636 iu·
840 2585 987 2655 βασιλῆος,
1007 2595 1038 2638 ut
1055 2588 1165 2652 inirs§.
1183 2591 1210 2642 5.
1242 2590 1290 2641 Ad
1307 2590 1395 2640 verbs

249 2661 414 2722 terpretetus
439 2663 495 2708 est=
527 2688 585 2722 „-
607 2658 643 2722 [τ’
671 2658 790 2720 edificare
840 2653 905 2721 περὶ
922 2650 975 2721 τὴν
992 2648 1133 2723 ἐξαίρεσιν
1154 2658 1206 2708 τοῦ
1225 2659 1323 2709 λίθου
1344 2661 1393 2710 Cr.

247 2743 299 2777 uno
321 2743 421 2778 camera
444 2728 471 2776 di
494 2729 591 2790 pietro,
624 2728 691 2777 delta
716 2729 789 2792 quate
839 2728 954 2778 confert.
978 2727 1066 2794 Ilgen.
1090 2729 1126 2779 ad
1153 2729 1249 2793 hymn.
1277 2731 1394 2780 Homer.

249 2813 297 2847 ααο
325 2798 364 2847 dc'
395 2801 460 2846 nturi
492 2797 601 2859 riser-iou
616 2799 682 2854 ,cilo
710 2803 789 2860 parca
839 2813 875 2862 pa
896 2833 903 2847 .
923 2797 984 2848 304.

249 2875 350 2918 esterno
367 2867 434 2916 dedu
450 2866 542 2918 (τινα)ι
563 2893 594 2902 -
613 2859 687 2931 ἐχειν
705 2861 746 2922 είς
763 2880 789 2913 τι
874 2813 976 2915 δοῦναι
993 2857 1027 2915 τά
1049 2865 1136 2931 μέτρα
1153 2856 1261 2934 αὐτοῦ]
1294 2859 1332 2916 τά
1350 2862 1397 2932 με’-

249 2938 401 2986 iuvenimus
423 2936 452 2998 Ι,
482 2934 540 2986 180.
563 2935 625 3000 191,
652 2935 699 2985 ubi
717 2935 787 2995 vid.;

248 2998 300 3055 τὸν
318 2999 349 3055 δὲ
367 2996 551 3068 ἐργαζόμενον
569 3006 597 3054 in
616 3020 691 3070 seqq.
711 3005 788 3054 iutel-

247 3075 310 3140 ligit
328 3075 466 3140 opificem,
484 3074 528 3124 cui
546 3089 640 3124 munus
652 3079 789 3124 exstruen-

249 3147 300 3195 dae
317 3159 441 3196 camerae
458 3159 475 3192 a
493 3158 556 3208 rege
573 3144 625 3193 fuit
644 3143 789 3194 demenda·

248 3218 315 3264 tum.
342 3213 463 3264 Eundem
481 3213 561 3277 paulo
575 3213 647 3264 inira
661 3215 728 3264 dicit
739 3209 788 3262 οί-

249 3274 419 3347 κοδόμον,
449 3283 622 3347 architectum,
656 3282 789 3334 vocabulo

248 3351 332 3416 probo
357 3357 384 3402 et
401 3367 541 3416 perperam
564 3369 580 3402 ιι
599 3353 789 3403 Grammaticis

248 3420 387 3472 damnato.
418 3422 480 3472 Vid.
498 3423 622 3472 Creuzer.
638 3423 674 3472 ad
687 3423 786 3473 Plotiu.

247 3507 274 3556 p.
296 3491 354 3554 185,
375 3491 422 3556 qui
439 3507 510 3542 nuuc
527 3491 604 3540 addit
615 3493 735 3542 Lobcck.
753 3491 789 3542 ad

247 3561 394 3626 Phrynich.
411 3577 437 3625 p.
455 3561 504 3612 487
523 3575 579 3625 seq.
594 3562 622 3610 in
638 3567 695 3611 not.
731 3563 790 3612 Hu-

246 3631 289 3680 ius
308 3630 451 3680 architecti
471 3629 542 3694 quod
562 3631 588 3679 h.
611 3631 630 3681 1.
648 3631 789 3682 exhibetur

247 3699 394 3766 singulare,
413 3699 486 3764 quod
504 3700 710 3765 excogitaverit,
724 3701 790 3750 urti-

246 3769 351 3832 ficium,
371 3769 399 3818 id
417 3770 452 3819 ad
468 3784 635 3819 communem
654 3770 788 3835 quendam

246 3839 429 3891 aedificiorum
439 3838 626 3888 struendorum
636 3855 735 3890 morem
747 3855 789 3889 re-

246 3907 316 3959 ferre
343 3909 460 3974 indeque
487 3907 595 3958 fabulae
616 3909 788 3960 Herodoteee

246 3991 353 4027 sensum
372 3983 494 4043 repetere
511 3977 569 4027 vult
586 3979 725 4030 Hamilton
737 3981 789 4030 Re·

248 4045 352 4096 search.
371 4049 400 4096 in
417 4049 485 4097 Asia
504 4047 568 4096 min.
588 4047 625 4098 11.
644 4065 669 4114 p.
690 4052 734 4099 44.
753 4077 787 4084 -

247 4113 290 4164 Ad
322 4112 474 4165 verbasci
504 4105 561 4164 int
587 4109 641 4166 δόο
671 4109 787 4182 ἀνδρῶν

246 4177 294 4231 καλ
322 4173 380 4232 ὑπὸ
414 4175 477 4242 ε’νός
506 4186 632 4234 conseres
663 4187 785 4238 Nitssch.

246 4251 281 4300 ad
299 4251 337 4314 11,
358 4253 408 4304 120
425 4253 580 4316 leudetum,
599 4256 645 4318 qui
664 4255 715 4306 hec
734 4257 786 4304 ior-

245 4318 317 4370 mula
336 4319 441 4372 dicendi
460 4323 626 4387 paucitatem
649 4323 693 4374 vel
716 4339 786 4374 sum-

839 2951 903 3001 τρα,
932 2951 1073 2998 mensuras,
1105 2935 1230 2986 consulto
1260 2939 1398 2990 Nostrum

839 3007 982 3070 scripsisse
1000 3010 1080 3070 putet
1097 3005 1400 3072 Schweighaeuserus,

839 3075 898 3126 scil.
918 3091 971 3126 uon
987 3075 1073 3126 solum
1092 3076 1177 3139 ipsius
1195 3075 1307 3141 lepidis
1324 3093 1401 3127 men·

840 3161 939 3208 euram,
958 3145 1006 3196 sed
1021 3161 1172 3196 mensurum
1191 3145 1402 3198 distantiarum
1486 3193 1487 3198 ,

840 3216 875 3266 αλ)
892 3217 946 3265 imo
964 3214 1088 3266 aedificio
1108 3221 1135 3266 et
1158 3217 1192 3266 ab
1209 3221 1343 3284 utroque
1365 3217 1404 3267 la-

839 3291 906 3336 tere.

874 3345 927 3403 οόκ
956 3345 984 3410 ἐς
1005 3344 1119 3418 μακρὴν
1142 3345 1226 3418 ἔργον
1258 3348 1404 3420 ἔχεσθαι]

839 3413 852 3472 ἐ
859 3439 872 3480 ς
884 3415 1016 3487 μακρὴν
1026 3423 1084 3472 iure
1094 3423 1405 3490 praetulitSchweigb.

839 3493 964 3558 vulgato:
984 3485 1011 3548 ἐς
1027 3483 1151 3555 μακρόν;
1171 3492 1205 3542 sd
1219 3493 1299 3546 iilud
1314 3495 1406 3560 vulgo

839 3561 966 3628 supplent
977 3551 1064 3624 ιδραν.
1090 3561 1152 3611 Vid.
1164 3563 1320 3616 Lambert.
1334 3567 1407 3616 Boe.

840 3633 874 3682 de
892 3631 979 3696 ellips.
992 3646 1055 3696 pag.
1069 3631 1120 3682 5111
1136 3647 1193 3696 seq.
1213 3633 1285 3684 coll.
1301 3636 1407 3700 Viger.

840 3701 873 3752 dc
890 3702 1020 3752 idiotism.
1039 3715 1101 3765 pag.
1120 3701 1172 3751 etto
1196 3707 1223 3751 et
1242 3704 1289 3754 ct.
1311 3706 1408 3754 Hero·

840 3771 896 3822 dot.
915 3771 947 3834 V,
968 3770 1026 3822 108.
1063 3771 1135 3820 Hinc
1153 3761 1206 3820 οάκ
1224 3762 1256 3828 ἐς
1277 3767 1411 3839 μακρὴν

840 3841 909 3891 verti
942 3841 1042 3906 poterit
1071 3842 1149 3902 panio
1182 3848 1253 3902 post.
1313 3839 1410 3908 ἔρχου

839 3905 972 3975 ἔχεσθαι,
991 3912 1122 3960 admovere
1139 3925 1239 3969 κιααιιε,
1264 3915 1412 3964 accedere

838 3980 875 4029 ad
891 3981 994 4044 aliquid,
1012 3995 1065 4029 non
1081 3979 1139 4029 sine
1156 3979 1247 4029 studio
1264 3997 1306 4033 ac
1325 3985 1413 4034 festi-

838 4048 964 4109 natione,
984 4049 1051 4098 satis
1069 4047 1235 4100 illustratum
1260 4051 1305 4102 ab
1325 4054 1412 4103 Hoc-

838 4117 968 4181 geveenio
982 4118 1017 4167 ad
1029 4119 1120 4184 Viger.
1131 4136 1156 4184 p.
1170 4120 1221 4170 255
1236 4133 1312 4188 seq.
1335 4123 1413 4174 Vid.

837 4186 938 4236 Herod.
951 4187 1027 4250 VIH,
1042 4189 1083 4238 11.
1096 4189 1143 4248 ΙΧ,
1159 4190 1216 4240 102.
1261 4191 1304 4241 In
1321 4208 1412 4258 seqq.

836 4253 934 4319 reliqui
958 4254 1094 4319 καταδεᾶ;
1121 4259 1157 4310 cf.
1175 4263 1244 4310 nott.
1283 4262 1328 4312 ad
1351 4263 1414 4312 He-

836 4323 925 4376 rodot.
944 4339 1062 4391 prooem.
