3088 4922
555 303 805 364 EUTERPE.
827 303 869 362 11.
894 315 937 366 15.

179 478 252 554 σέος
267 475 470 561 καλεομένης
484 480 624 563 σκοπιῆς
637 478 790 563 λέγοντες
806 474 843 545 τὸ
858 473 947 564 παρὰ
961 473 1136 544 θάλασσαν
1151 472 1237 544 εἶναι
1252 470 1313 542 οὐ·

178 584 235 666 τῆς
254 581 349 666 μέχρι
373 582 648 666 Ταριχη1·ο5ντῶν
668 584 932 667 Πηλουσιακῶν,
954 583 995 666 τῇ
1014 575 1056 668 δὴ
1073 575 1316 668 τεσσεράκοντά

180 759 279 795 saxoso
303 744 407 808 Canopi
430 746 615 809 promontorio
641 745 724 811 (Abu-
775 745 932 796 Herodotus
946 749 1009 811 post
1019 745 1129 808 refellit,
1148 745 1272 812 quamvis
1291 743 1315 794 ei

180 815 247 880 hir),
266 814 312 864 ubi
333 815 366 863 ab
385 815 543 864 recentioris
562 818 662 866 aetatis
679 832 724 881 pe·
775 815 938 880 adstipulari
955 814 1081 866 videatur
1099 816 1147 878 1V,
1167 819 1210 878 45,
1228 829 1315 880 neque

179 885 347 950 regriuatore
368 898 417 934 arx
434 883 543 935 detecta
561 886 661 949 fertur,
687 885 723 934 ad
774 900 846 934 vana
864 889 906 935 est
920 885 1039 948 suspicio
1052 885 1315 946 Klausenii(adl1e-

179 953 245 1003 illud
265 954 321 1004 Nili
339 954 454 1018 ostium,
478 971 525 1018 per
550 955 622 1020 qnod
640 971 722 1005 unum
775 955 865 1004 cataei
878 955 1002 1018 fragmm.
1018 970 1044 1018 p.
1059 952 1134 1017 128),
1145 955 1215 1004 hanc
1228 955 1315 1019 ipsam

135 1074 138 1080 ,
179 1024 279 1073 exteris
302 1025 405 1073 intrare
429 1024 538 1074 licuerit
559 1026 722 1090 Aegyptum,
775 1025 871 1074 Ionum
895 1023 1059 1074 sententiam
1090 1025 1124 1074 ad
1147 1025 1315 1074 Hecataeum

179 1092 263 1143 multo
276 1095 371 1158 utique
380 1094 513 1158 aptiorem
525 1094 652 1158 speculae
661 1109 722 1144 esse
773 1094 944 1159 potissimum
960 1093 1095 1158 pertinere
1107 1094 1274 1158 eundemque
1287 1094 1316 1142 in

179 1162 268 1213 locum
285 1163 358 1213 idem
376 1168 470 1213 censet
487 1164 600 1215 Rennel.
633 1165 723 1226 Quare
774 1165 823 1226 iis,
842 1179 912 1229 quae
925 1161 1048 1212 derebus
1061 1163 1248 1228 geographicis
1262 1169 1316 1212 sta-

178 1249 239 1282 cum
263 1232 399 1282 Larchero
429 1238 456 1282 ct
482 1229 645 1297 Latronnio,
678 1235 724 1300 qui
774 1239 856 1284 tnunt
880 1233 975 1295 Iones,
999 1232 1170 1298 potissimum
1189 1231 1315 1296 intelligi.

178 1302 249 1352 huuc
268 1301 356 1352 locum
375 1306 402 1352 et
427 1317 567 1354 mensuras
585 1305 613 1353 in
633 1319 664 1354 eo
683 1305 723 1354 in·
775 1303 854 1365 Quod
872 1303 908 1352 ad
925 1302 1041 1368 Libyam
1064 1305 1176 1364 attinet,
1202 1317 1271 1367 quae
1290 1305 1316 1350 et

178 1372 284 1422 dicatas
307 1373 439 1422 tractavit
468 1371 649 1436 (Recherehes
676 1389 723 1424 sur
773 1373 824 1423 hoc
842 1372 903 1423 loco
920 1373 1038 1422 Arabiae
1056 1369 1315 1437 opponitureteliis

177 1441 217 1492 les
242 1441 340 1507 fragm.
364 1441 485 1492 d'IIeron
506 1459 523 1507 p
554 1442 721 1510 lue-leo),
773 1442 868 1494 Nostri
889 1442 956 1493 locis
980 1442 1016 1492 ab
1039 1443 1165 1507 Aegypto
1189 1441 1316 1491 discerni-

178 1509 311 1562 mslnmns
336 1511 379 1561 hic
404 1511 543 1576 speculam
569 1513 721 1579 intelligere
772 1517 829 1576 tur,
857 1527 927 1579 quae
954 1513 1016 1577 ipss
1038 1513 1073 1562 ab
1097 1511 1236 1562 Herodoto
1259 1510 1316 1577 qui-

178 1582 206 1630 in
219 1582 403 1646 promontorio
418 1587 546 1645 erectam,
566 1583 638 1648 qnod
649 1599 721 1633 nunc
771 1582 889 1632 busdam
910 1582 939 1632 in
959 1581 1028 1632 locis
1046 1582 1151 1646 Libyae
1175 1581 1315 1631 accenseri

179 1657 292 1700 vocatur
315 1651 429 1715 Alalis,
458 1651 536 1702 clads
563 1653 611 1702 illa
635 1653 721 1704 Gallis
772 1652 892 1713 videtum
909 1653 1102 1716 mcnetlleyse
1116 1654 1241 1715 Quacstt.
1259 1653 1315 1701 Hc-

178 1735 307 1786 perquam
327 1721 406 1770 fatali
424 1721 540 1786 insigne.
578 1721 721 1773 Strabonis
771 1721 850 1773 rodd.
868 1722 891 1772 1.
911 1737 938 1787 p.
963 1723 1012 1774 107
1032 1721 1135 1787 duplici
1161 1737 1243 1770 sensu
1260 1721 1315 1770 He-

178 1792 369 1841 auctoritstem
402 1792 522 1856 praefert
556 1793 720 1856 Danvillius,
772 1792 898 1842 rodotum
912 1792 1017 1857 Libyae
1036 1807 1130 1842 vocem
1148 1790 1314 1853 adhibuisse,

178 1861 315 1925 speculam
333 1861 455 1912 scribens
480 1860 560 1912 hodie
579 1877 721 1926 superesse
773 1867 831 1910 tum
854 1860 959 1924 latiori,
986 1876 1039 1926 quo
1060 1862 1093 1911 de
1118 1861 1190 1910 omni
1211 1860 1314 1923 Africa,

178 1931 286 1980 nomine
304 1931 441 1998 Mepuizsl.
485 1929 563 1982 Cous.
588 1931 722 1982 Schlicht·
773 1946 853 1997 qusm
862 1945 912 1981 nos
926 1931 1049 1995 dicimus,
1062 1931 1241 1995 intelligatur,
1257 1935 1315 1980 turn

178 1999 264 2052 horst.
283 2000 301 2051 l.
320 2001 339 2053 l.
357 2015 422 2066 pag.
441 2001 484 2052 67.
771 2000 897 2062 arctiori,
916 2016 969 2066 quo
994 2001 1027 2050 de
1051 2015 1084 2051 ea
1101 2001 1211 2051 Africae
1237 2005 1315 2064 parte

212 2066 340 2134 λέγοντες
351 2063 383 2120 τὸ
397 2061 475 2135 παρὰ
486 2059 635 2117 θάλασσαν
646 2060 720 2118 εἶναι
771 2070 934 2135 accipiatur,
954 2085 1024 2135 quae
1044 2071 1126 2120 etiam
1142 2070 1257 2134 posthac
1269 2071 1315 2120 Li-

176 2131 266 2204 αὔτῆς
289 2137 369 2204 μέχρι
390 2135 554 2205 Ταριχηϊοίν
577 2135 634 2186 τῶν
660 2136 720 2202 11η-
771 2140 841 2206 hyac
858 2141 965 2189 nornine
982 2139 1065 2206 vulgo
1083 2140 1205 2190 indicata
1222 2140 1313 2204 inerit,

178 2207 337 2259 luculensis
359 2223 385 2259 κ.
412 2225 435 2258 τ.
462 2208 499 2273 l.)
528 2207 633 2273 Scripsi
657 2223 719 2258 cum
771 2208 882 2260 exclusa
892 2209 1025 2274 Aegypto.
1062 2211 1104 2260 De
1120 2211 1259 2261 Carcasum
1276 2211 1313 2260 cf.

177 2283 292 2329 recentt.
313 2278 375 2328 edd.
395 2277 563 2329 aflancroiti
580 2276 649 2328 libro
663 2277 718 2326 Τα-
770 2284 839 2330 nott.
855 2277 890 2328 ad
907 2279 944 2340 11,
967 2281 1009 2330 17.

177 2345 299 2466 psyptuiv
316 2363 365 2412 pro
382 2344 548 2412 ταοιχηϊῶκ,
566 2352 593 2397 ct
610 2347 672 2398 dein
685 2344 720 2413 τῇ
804 2346 884 2413 μέχρι
913 2347 1079 2414 Ταριχηϊῶν
1111 2347 1169 2399 cciv
1202 2348 1314 2414 Πηλου-

196 2413 280 2483 iypro
304 2417 380 2482 vulg.
399 2413 476 2483 τῇδε.
513 2417 629 2469 Bredas.
654 2431 719 2482 pag.
769 2415 886 2484 σιακώκ]
914 2419 1093 2469 Tarichearum
1116 2435 1214 2470 nomen
1232 2419 1314 2484 pluri-

182 2486 311 2540 181οο11.
331 2487 382 2538 218
406 2487 488 2537 scribi
506 2486 566 2536 vult
586 2487 720 2552 Ταριχηϊ-
769 2489 820 2538 bus
838 2486 907 2538 locis
924 2489 1043 2554 Aegypti
1056 2489 1192 2540 adiectum
1211 2490 1314 2539 inveni·
1342 2546 1348 2556 ,

178 2556 232 2607 itus
260 2553 489 2619 Πελουοιακέων,
518 2557 590 2622 quod
618 2556 720 2621 recepit
769 2563 822 2608 tur.
854 2558 1006 2608 Occurrunt
1019 2560 1160 2622 Oenopione
1177 2559 1314 2610 Taricheae

177 2626 301 2677 Dietsch.
338 2627 440 2676 Contra
464 2626 589 2677 Dindcri.
627 2625 719 2677 Praef.
769 2628 842 2676 inira
860 2627 897 2691 11,
917 2628 975 2690 113,
995 2629 1146 2680 Mendesius
1160 2635 1241 2694 atque
1254 2627 1314 2678 Sce-

177 2713 205 2761 p.
224 2695 293 2746 XIII
311 2695 344 2746 ob
361 2696 527 2760 Stephanum
538 2697 720 2760 Byzantinuns
769 2699 843 2747 nicae
861 2696 933 2762 apud
952 2697 1082 2762 Stephsn.
1102 2699 1218 2762 Byzant.
1242 2715 1265 2750 s.
1285 2714 1312 2748 v.

179 2765 350 2830 (apudquem
364 2765 502 2815 invenitur
517 2760 648 2829 Ταριχέα,
665 2765 720 2812 Τα-
770 2767 803 2816 In
824 2781 888 2816 oras
906 2766 1028 2830 Libycae
1047 2767 1313 2833 Carthaginiensium

178 2831 282 2899 ριχέαι)
301 2835 410 2899 scripsit
428 2827 587 2898 Ταριχεέων
604 2840 632 2884 et
650 2834 723 2883 infra
772 2835 876 2885 ditione
893 2835 987 2886 itidem
1002 2842 1246 2886 commemorantur
1262 2836 1313 2886 Το-

178 2905 222 2966 11,
244 2905 293 2955 113
314 2902 460 2970 Ταριχέας,
479 2918 527 2967 pro
541 2902 615 2968 vulg.
637 2902 722 2967 Tups-
772 2905 873 2956 aeteae
908 2905 980 2969 apud
1006 2905 1134 2956 strabon.
1168 2905 1257 2956 XVII.
1286 2921 1312 2969 p.

1253 301 1309 361 461
1398 307 1402 318 “

180 3042 283 3106 Ταριχε
297 3057 331 3100 ας
343 3042 501 3093 mutandum
516 3057 576 3092 esse
586 3043 650 3092 mihi
663 3057 723 3108 per-

179 3113 268 3162 suasit
291 3113 407 3163 Bredov.
427 3112 447 3162 l.
466 3111 485 3162 l.
512 3110 600 3177 Vulgo
625 3112 721 3162 scribi-

177 3187 223 3231 tur
244 3179 391 3245 Ταριχεῑαι
409 3182 456 3242 [cl.
473 3182 563 3232 Strab.
583 3182 673 3232 XVII.
693 3197 720 3245 p.

178 3249 229 3301 834
248 3249 268 3300 O
294 3251 357 3300 οοΙΙ.
379 3251 455 3301 XVI.
481 3267 508 3316 p.
531 3250 583 3300 764
600 3249 653 3314 D);
673 3250 721 3301 sed

177 3323 208 3373 εἶ
223 3319 295 3384 apud
312 3319 482 3370 Herodotum
504 3321 532 3370 in
557 3326 590 3382 ηϊ
606 3321 721 3370 transire

178 3390 246 3442 satis
265 3393 384 3440 constat.
420 3391 472 3439 Est
493 3405 559 3440 vero
582 3389 649 3440 haec
666 3391 721 3440 Ho-

178 3459 268 3511 rodoti
276 3459 529 3522 sententia:„10nes
537 3459 639 3522 dicunt,
647 3475 722 3510 oram

178 3529 342 3580 maritimam
362 3530 420 3579 eius
435 3527 564 3594 (Aegypti
582 3543 631 3592 sc.,
652 3545 722 3595 quac

178 3615 233 3650 uno
246 3603 355 3648 constet
369 3596 461 3663 Delta)
474 3613 534 3648 esse
546 3613 568 3648 s.
587 3599 721 3663 pertinere

180 3686 197 3720 a
220 3668 314 3718 Persei
337 3667 448 3733 specula
472 3683 558 3732 usquc
582 3669 618 3718 ad
643 3669 722 3718 Tari-

180 3737 261 3789 cheas
289 3738 461 3800 Pelusiacas,
498 3753 553 3801 qua
579 3737 634 3788 sint
661 3738 721 3787 XL.

180 3806 304 3867 schoeni3
327 3824 344 3858 a
367 3809 435 3856 mari
459 3821 521 3856 vero
544 3807 580 3856 ad
598 3807 723 3856 mediter-

179 3891 263 3927 ranea
284 3876 346 3927 loca
369 3877 503 3942 pertinere
525 3875 599 3925 illam
624 3874 723 3941 (Aegy-

180 3949 254 4010 ptum
268 3945 326 3996 scil.
339 3947 399 3995 sive
409 3945 502 4010 Delta)
518 3961 605 4010 usque
617 3946 651 3995 ad
661 3945 723 3995 Cer-

180 4029 304 4064 casorum
330 4016 437 4080 urbem3
465 4015 583 4079 reliquas
603 4015 723 4080 Aegypti

179 4087 272 4148 partes
291 4083 328 4149 (s.
348 4099 418 4148 quae
440 4084 495 4134 alia
516 4083 551 4133 ad
569 4084 723 4149 Aegyptum

180 4152 314 4218 pertinere
333 4153 414 4218 vulgo
437 4151 594 4216 censentur)
613 4159 670 4202 tum
688 4153 723 4202 ad

179 4222 311 4287 Libyam,
339 4227 396 4271 tum
424 4222 459 4272 ad
483 4222 613 4273 Arabiam
641 4223 723 4288 perti-

180 4293 274 4340 nere.“
311 4291 401 4355 Atque
418 4289 489 4341 hanc
500 4291 597 4342 Ionum
617 4296 723 4342 senteu-

179 4359 246 4409 tiam
270 4373 320 4408 sns
346 4361 436 4409 aetate
463 4361 559 4424 opinor
582 4359 723 4427 vulgatam

177 2971 264 3038 χείας,
284 2973 395 3092 guodin
409 2971 593 3024 Herodoteam
608 2973 722 3022 formam
773 2973 834 3025 834.
878 2973 1017 3025 Taricheas
1044 2975 1193 3025 Pelusiacas
1219 2978 1314 3024 nostra

772 3047 864 3093 aetate
881 3044 974 3092 vocari
990 3045 1133 3095 Al-Farmu
1148 3060 1169 3094 s.
1190 3042 1314 3093 Furumeb

774 3128 806 3162 ex
824 3111 963 3162 Dsnvillio
980 3115 1074 3180 (Mem.
1094 3129 1121 3180 p.
1140 3114 1185 3176 tu)
1200 3117 1314 3164 annotat

773 3180 981 3234 Schlichthorst.
1008 3183 1027 3234 l.
1050 3183 1069 3234 l.
1092 3201 1119 3249 p.
1142 3185 1185 3236 78.
1220 3183 1314 3249 Ipsum

772 3267 870 3301 nomen
889 3267 922 3301 ex
943 3255 1079 3318 congestis
1101 3254 1238 3304 hominum
1257 3255 1314 3304 ani-

772 3321 916 3371 maliumve
925 3322 1102 3374 cadaveribus
1110 3324 1313 3390 singularicura

772 3391 904 3454 conditis,
934 3396 965 3441 nt
987 3393 1093 3443 ferebat
1117 3394 1313 3458 Aegyptiorum

772 3477 844 3524 mos,
863 3462 963 3526 repetit
980 3463 1191 3528 Wcsselingius,
1212 3463 1246 3511 ad
1264 3464 1314 3512 Ac-

771 3530 872 3580 lianum
892 3546 1043 3596 provocans
1067 3533 1101 3582 N.
1122 3533 1154 3582 A.
1178 3533 1213 3594 X,
1234 3529 1268 3581 29
1287 3535 1314 3580 et

771 3599 922 3650 Diodorum
937 3600 1057 3652 Siculum
1075 3602 1097 3662 I,
1115 3600 1163 3662 91;
1182 3599 1315 3650 Cellsrius

773 3683 806 3718 ex
823 3669 938 3734 piscium
957 3675 1122 3731 mercatura,
1147 3671 1193 3735 qui
1212 3670 1266 3720 illis
1286 3669 1314 3718 in

772 3738 839 3788 locis
858 3739 959 3788 suerint
970 3741 1082 3790 conditi.
1117 3741 1225 3789 Tnvid.
1240 3739 1315 3789 Stra-

772 3808 836 3857 bon.
856 3809 932 3859 XVI.
950 3826 977 3874 p.
998 3809 1064 3860 1109
1082 3825 1105 3860 s.
1119 3809 1180 3872 764,
1199 3813 1226 3858 et
1244 3823 1314 3872 quae

774 3876 808 3926 ad
817 3877 845 3926 h.
855 3877 873 3928 l.
886 3877 1180 3942 adscripsitlablonslr.
1195 3877 1313 3942 Opnscc.

773 3946 796 3995 1.
814 3961 841 4010 p.
868 3945 928 3997 302.
964 3949 987 3996 s
1006 3947 1140 4012 piscihus,
1164 3948 1254 4013 quiin
1271 3947 1314 3996 his

773 4015 928 4079 regionibus
941 4031 1040 4081 magna
1049 4017 1126 4081 copia
1139 4017 1240 4082 capiet
1253 4033 1314 4068 con-

774 4083 825 4132 diri
843 4084 981 4144 solebant,
1001 4085 1061 4136 loco
1075 4101 1172 4137 nomen
1190 4103 1250 4138 esse
1268 4086 1314 4136 da·

773 4156 830 4202 tum
849 4153 895 4202 vix
916 4155 1036 4205 dubium.
1073 4156 1182 4206 Etenim
1198 4157 1314 4221 piscium

773 4221 916 4272 maximam
946 4225 1051 4290 copiam
1082 4241 1130 4289 per
1160 4225 1314 4292 Aegyptum

773 4291 858 4342 fuisse
885 4292 945 4357 ipsa
968 4298 1142 4347 monumenta
1164 4294 1314 4358 declarant,

773 4362 941 4426 quassaris
966 4361 1128 4428 piscationis
1153 4377 1254 4427 genera
1271 4379 1315 4415 ex·
