3096 4930
556 336 805 397 EU'I'ERPE.
832 337 874 396 Ila
899 347 941 399 10.

1258 336 1320 398 449

258 505 385 596 Ταύτης
405 499 453 576 ὦν
469 512 526 596 τῆς
541 507 651 597 χύρης
670 515 727 598 τῆς
749 513 925 598 εἰρημένης
944 502 963 597 ἡ
979 505 1100 603 πολλὴ,
1117 507 1265 598 κατάπερ
1281 514 1317 578 oi
1325 517 1363 578 10

180 611 266 696 ἱρέες
285 617 420 698 ἔλεγον,
444 608 558 680 ἐδόκεε
581 612 618 680 di
640 613 696 680 nol
712 608 804 705 αύτῷ
823 641 879 700 μοι
901 611 988 680 εἶναι
1009 608 1183 702 ἐπίκτητος
1205 619 1313 700 Αἰγυ-

180 719 315 781 πτίοισι.
353 719 422 784 τῶν
442 711 505 804 γὰρ
525 711 655 804 οὐρέων
677 719 746 783 ταῖν
770 717 956 804 εἰρημένων
977 720 1045 784 τῶν
1064 703 1151 804 ὑπὲρ
1172 719 1316 806 Μέμφιν

180 815 280 886 πόλιν
300 820 465 906 κειμένων
483 816 521 886 τὸ
539 814 663 906 μεταξύ
678 813 834 905 ἐφαίνετό
847 845 904 906 μοι
919 816 1009 886 εἷναί
1022 845 1097 889 κοτε
1112 818 1235 900 κόλπος
1247 831 1313 889 θα-

178 987 265 1032 totum
282 983 353 1034 hunc
371 984 461 1035 locum
478 989 605 1035 accurate
621 988 724 1034 tractat
774 983 810 1033 ad
829 985 868 1046 11,
887 985 904 1034 4
923 989 951 1034 et
969 986 985 1036 5
1004 985 1135 1035 adnotata
1154 990 1227 1037 sunt.
1258 985 1316 1036 Ma-

178 1067 205 1117 p.
226 1053 378 1118 146-150,
403 1055 444 1104 ita
461 1055 611 1120 explicata,
637 1059 679 1116 ut,
699 1054 723 1102 si
773 1053 844 1103 xime
868 1067 934 1103 vero
960 1053 1013 1104 hnc
1036 1055 1140 1104 iaciant
1165 1069 1213 1118 ea,
1246 1065 1320 1120 quae¹

178 1121 247 1172 talin
268 1124 358 1174 stadia
379 1124 581 1190 intelligantur,
609 1139 722 1190 quorum
773 1123 871 1174 Ritter.
901 1123 1030 1174 disseruit
1059 1124 1088 1172 in
1116 1123 1264 1174 Erdkuude
1290 1125 1313 1174 1.

178 1193 293 1256 triginta
326 1193 452 1258 expleant
488 1194 633 1246 seboeuum
670 1193 721 1260 (ct.
773 1207 835 1258 pag.
860 1192 920 1243 852.
965 1193 1064 1244 Rerum
1084 1193 1249 1244 naturalium
1270 1208 1315 1258 pe·

178 1267 248 1312 nott.
272 1264 307 1312 ad
330 1265 372 1327 11,
399 1265 440 1329 b),
465 1264 532 1314 haec
555 1262 636 1314 lectio
660 1278 721 1314 cum

178 1333 250 1381 veris
269 1334 418 1397 mensuris,
438 1350 506 1399 quas
525 1334 644 1399 profert,
666 1349 721 1384 ma·

178 1401 248 1450 xime
270 1419 419 1469 congruere
442 1404 624 1469 perhibeatur.
668 1405 721 1455 Ne·

179 1487 230 1536 que
241 1487 305 1522 vero
321 1473 355 1523 ab
367 1473 409 1523 his
426 1475 559 1524 mensuris
576 1473 720 1524 admodum

178 1542 305 1592 recedent
322 1544 414 1594 stadia
435 1543 515 1606 1800,
541 1559 611 1609 quac
629 1545 721 1594 melio-

178 1627 235 1660 rum
254 1613 309 1661 lcra
325 1611 455 1663 librorum
470 1629 618 1664 consensus
632 1613 720 1676 affert,

178 1681 257 1730 modo
270 1681 336 1732 talia
348 1682 536 1749 intelligantur
546 1683 645 1746 stadia,
656 1699 720 1748 quo-

178 1765 235 1800 rum
249 1753 392 1818 sexaginta
405 1752 552 1804 conficiant
564 1753 720 1805 sclroenum.

387 1924 454 1976 Cas.
473 1925 508 1975 X.

215 2018 327 2090 Ταύτης
350 2013 391 2076 ὦν
416 2023 467 2091 τῆς
488 2019 582 2091 χύρης
604 2025 655 2093 τῆς
682 2021 720 2076 ai-

179 2087 302 2160 ρημένης
327 2086 345 2161 ἡ
372 2087 471 2162 πολλὴ]
507 2097 601 2147 secuti
628 2111 720 2148 sumus

178 2163 330 2230 Schweigh.
357 2169 384 2216 et
408 2165 495 2217 Gaisl.
538 2165 627 2232 Vulgo
651 2165 720 2216 male

178 2233 307 2284 omittunt
324 2232 375 2299 τῆς
393 2227 489 2300 χύρης
506 2239 534 2286 et
555 2250 617 2286 mox
635 2236 718 2302 parti-

178 2301 267 2353 culam
285 2297 316 2354 di
334 2309 396 2370 post
414 2295 520 2368 ἐδόκεε,
547 2321 627 2370 quam
644 2310 718 2356 recte

177 2377 269 2424 tuetur
285 2373 348 2424 Eltn
365 2374 477 2436 Quaest.
496 2374 617 2426 Hercdd.
634 2391 661 2440 p.
677 2373 717 2437 11),

177 2443 244 2494 baec
262 2443 406 2495 adiiciens:
435 2444 485 2506 „Si
499 2444 655 2495 Herodotus
673 2459 718 2495 ac-

176 2518 271 2564 curate
288 2513 376 2565 dicere
394 2513 486 2575 vellet,
504 2513 622 2564 scribere
639 2515 719 2564 debe-

176 2583 223 2632 bat
246 2575 351 2648 ταύτης
373 2582 423 2648 τῆς
450 2578 544 2649 χώρης
573 2573 591 2648 ἡ
617 2575 717 2646 πολλὴ,

176 2643 300 2716 κατάπερ
325 2647 356 2702 oi
383 2645 456 2716 ἱρέες
484 2648 593 2716 ἔλεγον,
625 2644 720 2702 ἐδόκεε

176 2713 208 2769 dl
224 2712 368 2788 καὶάύτρῑ
385 2735 449 2785 μοι,
476 2712 625 2784 έπίκτητύς
651 2711 717 2770 ἐστι.

176 2790 230 2840 Sed
245 2790 291 2841 ille
309 2806 356 2852 eo,
374 2791 445 2856 quod
459 2791 546 2840 libera
558 2792 644 2840 utitur
658 2805 718 2840 ora-

175 2859 265 2922 tione,
290 2864 378 2909 mutat
395 2864 561 2910 structuram
580 2865 662 2925 atque
679 2858 719 2908 ul·

174 2928 243 2978 tima
258 2929 343 2978 verba
360 2944 392 2978 ex
404 2928 448 2991 iis,
468 2943 539 2993 quae
553 2929 719 2978 antecedunt

177 2987 284 3058 (ἐδόκεε
303 2992 335 3046 dt
353 2992 402 3046 aul
420 2987 496 3062 αύτῷ
512 2999 586 3061 μοι),
609 3012 720 3062 suspen·

85 3105 88 3110 .
176 3064 245 3116 dit.“
277 3065 354 3126 Quae
372 3069 510 3116 structura
530 3081 585 3116 non
604 3064 720 3116 discedit

176 3133 212 3184 ab
231 3150 277 3197 ea,
297 3149 377 3200 quam
396 3133 478 3199 paulo
497 3140 561 3184 ante
580 3132 626 3197 (ad
639 3135 718 3198 11,8)

177 3204 328 3270 attigimus.
364 3204 406 3255 De
424 3217 454 3254 re
472 3205 531 3268 ipsa
550 3204 585 3253 ci.
600 3209 670 3255 nott.
684 3205 719 3254 nd

177 3273 217 3336 Il,
238 3277 263 3325 5.
299 3274 332 3324 In
350 3289 426 3339 seqq.
445 3273 536 3324 verbis
554 3264 627 3338 ύπὲρ
639 3271 718 3337 Μέμ-

176 3357 229 3407 φιν
248 3335 333 3392 πύλιν
355 3343 542 3394 accusativum
565 3359 596 3394 eo
618 3343 719 3408 signifi-

176 3417 251 3476 catu,
280 3427 333 3478 quo
352 3411 434 3479 vulgo
453 3412 589 3478 genitivus
606 3429 718 3479 praepo·

175 3483 302 3532 altionem
315 3473 387 3546 ὑπὲρ
401 3483 478 3547 sequi
489 3482 567 3547 solat,
579 3483 648 3534 bene
662 3489 719 3533 tuc-

176 3551 402 3632 1υτιΒτεᾱοτἎμ.
422 3553 473 3638 ²⁶3
529 3612 535 3631 ν

173 3636 241 3740 αἶὲ
265 3617 374 3748 titii
401 3612 722 3756 ittztttl‘lrtil‘

174 3761 337 3821 sententias,
365 3775 435 3824 quae
456 3775 488 3810 ex
506 3760 558 3810 hoe
577 3762 637 3825 ipso
655 3761 716 3810 loeo

173 3830 322 3891 linxerunt,
346 3829 401 3879 iam
421 3829 529 3879 notavit
551 3829 715 3895 Wesseling·

172 3899 224 3948 Est
243 3899 407 3963 praecipuus
425 3897 507 3947 Plinii
528 3898 606 3948 locus
624 3899 661 3950 Η.
679 3900 713 3949 N.

173 3967 218 4030 11,
236 3969 285 4029 85,
310 3968 356 4032 qui
376 3967 510 4018 Herodoti
532 3968 616 4017 verba
640 3982 715 4034 repe-

173 4037 220 4097 tit,
239 4035 301 4086 coll.
317 4037 425 4087 Arrian.
440 4037 545 4100 Exped.
561 4036 638 4087 Alex.
651 4039 685 4096 V,
698 4035 715 4086 6

173 4108 200 4152 et
219 4105 346 4155 Strabon.
366 4105 447 4156 XIII.
472 4121 499 4170 p.
521 4105 587 4156 1018
611 4121 633 4154 a.
653 4105 713 4167 691,

173 4173 219 4236 qui
236 4174 309 4224 idem
325 4174 494 4225 Herodotum
518 4173 614 4224 laudat
632 4179 715 4239 atque

172 4241 335 4294 Nearchum.
371 4243 518 4309 Impugnat
535 4243 644 4308 quidem
661 4244 716 4293 No·

173 4311 224 4358 stri
243 4313 406 4362 seutentiam
418 4313 554 4362 Manaert.
572 4311 673 4374 l.1.x,
690 4312 714 4362 1.

173 4393 200 4442 p.
219 4379 270 4429 245
288 4394 374 4445 seqq,
396 4380 439 4431 cui
457 4381 627 4446 opponimus,
647 4395 717 4445 quae

214 4477 382 4523 ΗΕΒΟὩΟΤ.
407 4481 429 4522 1.

773 1263 840 1312 ritus
856 1263 903 1312 ille
917 1263 1024 1325 scribit,
1044 1261 1253 1328 quiAegyptum
1262 1262 1315 1313 huc

772 1347 858 1398 usque
881 1333 1039 1394 inviserint,
1066 1346 1125 1382 eam
1151 1332 1179 1380 in
1208 1337 1316 1382 senten·

772 1402 838 1452 tiam
864 1402 998 1452 adductos
1025 1401 1124 1464 luisse,
1157 1407 1187 1450 ut
1210 1415 1315 1451 omnem

772 1471 829 1523 Nili
852 1471 1003 1523 convallem
1030 1471 1113 1521 maris
1140 1471 1228 1522 sinum
1251 1469 1315 1521 olim

772 1541 859 1592 fuisse
885 1541 1000 1606 (pariter
1020 1545 1104 1606 atque
1131 1555 1203 1590 nunc
1227 1541 1316 1590 sinum

771 1610 928 1676 Arabicum)
949 1611 1165 1676 suspicerentur,
1190 1610 1218 1659 in
1236 1625 1316 1675 quem

772 1697 844 1730 mare
872 1696 921 1746 per
946 1696 1006 1731 eam
1031 1679 1142 1729 intrarit
1167 1679 1314 1744 regionem,

772 1766 842 1815 qnae
859 1765 932 1800 nunc
954 1749 1037 1800 Delta
1059 1749 1249 1814 perhibeatur,
1279 1749 1314 1799 ab

770 1819 936 1870 Alexandria
950 1833 1037 1884 usque
1052 1819 1088 1868 ad
1100 1819 1239 1870 Pelusium
1254 1834 1314 1884 por-

770 1894 847 1940 recta
872 1889 946 1939 intra
972 1889 1125 1939 Mokattam
1155 1892 1183 1938 et
1209 1889 1314 1954 Libyae

771 1963 878 2017 montes
902 1959 1094 2024 prominentes.
1138 1958 1228 2022 Atque
1245 1958 1317 2022 ipsis

771 2029 800 2077 in
821 2028 1016 2094 praecipitibus
1041 2027 1116 2076 saxis
1135 2029 1235 2077 montis
1256 2028 1315 2076 llo-

771 2098 876 2148 kattam
899 2099 996 2163 (supra
1018 2096 1168 2160 Memphin)
1196 2097 1314 2162 vestigia

772 2173 847 2217 certa
864 2167 997 2233 quaedam
1021 2165 1156 2216 undarum
1173 2166 1255 2215 maris
1273 2181 1315 2216 ree

768 2237 860 2302 periri.
902 2236 956 2288 Sed
978 2235 1092 2286 multum
1116 2236 1212 2300 utique
1235 2235 1315 2285 elliu-

768 2308 842 2357 xisse
860 2305 1003 2371 temporis,
1027 2305 1075 2354 vix
1099 2304 1255 2356 accuratius
1274 2305 1316 2354 in-

769 2375 926 2438 dicandum,
946 2375 1009 2426 dnm
1021 2374 1104 2425 Delta
1117 2391 1150 2425 ex
1165 2374 1245 2424 undis
1259 2389 1315 2424 ma-

769 2445 806 2494 ris
820 2446 983 2510 provenerit.
1003 2444 1121 2494 Faciunt
1131 2459 1239 2510 qnoque
1250 2443 1313 2505 hnc,

769 2529 839 2580 quae
857 2515 928 2564 idem
946 2513 1161 2578 proiertRitter.
1179 2512 1197 2564 l.
1211 2513 1230 2563 l.
1249 2528 1314 2578 ρας.

769 2585 821 2634 858
840 2598 897 2648 seq.
917 2584 969 2634 8110
984 2597 1042 2648 seq.
1062 2598 1095 2633 ex
1112 2581 1250 2634 Gallorum
1267 2583 1315 2632 do-

770 2657 875 2703 ctorum
885 2652 1155 2716 investigationibus.
1167 2652 1232 2701 Veri
1242 2652 1313 2702 enim

769 2720 857 2771 simile
869 2721 966 2784 videri,
978 2721 1083 2783 Nilum,
1095 2725 1241 2785 autequam
1250 2720 1314 2770 Del-

769 2797 799 2841 ta
817 2791 881 2842 limo
900 2797 928 2841 et
948 2806 1031 2840 arena
1048 2790 1238 2854 compleverit,
1257 2789 1313 2839 alis

769 2861 816 2910 via
828 2877 875 2926 per
885 2861 991 2926 Libyae
1008 2859 1117 2910 deserta
1133 2859 1162 2907 in
1180 2871 1254 2906 mare
1265 2873 1313 2907 un-

770 2929 819 2980 das
845 2945 909 2980 suas
937 2929 1057 2979 volvisse
1082 2933 1110 2978 et
1134 2927 1242 2991 quidem
1264 2941 1313 2990 per

770 3015 828 3049 eam
842 2997 1002 3060 convallem,
1021 3011 1091 3063 quae
1109 3011 1182 3046 nuuc
1199 2999 1313 3044 vocetur

773 3069 838 3118 Tlal
865 3070 914 3118 der
937 3067 1097 3118 Natronseen
1122 3070 1150 3116 et
1174 3064 1241 3114 ΤΙιαὶ
1268 3065 1314 3114 der

771 3135 1003 3188 Bubr·beld-md
1027 3135 1057 3201 (i.
1082 3151 1107 3187 e.
1132 3135 1213 3184 vallis
1236 3134 1312 3184 fluvii

770 3223 900 3272 aquarum
919 3202 1021 3270 inopis)
1044 3221 1067 3256 s.
1086 3204 1161 3256 ectr
1179 3212 1203 3255 et
1217 3204 1312 3269 Faripll

770 3279 800 3339 (i.
819 3293 843 3327 e.
861 3275 936 3326 fluvii
953 3273 1062 3338 vacui),
1083 3274 1118 3324 ab
1132 3279 1262 3324 euronoto
1275 3272 1312 3324 ad

770 3345 981 3411 septentrionem
1004 3348 1031 3394 et
1055 3343 1223 3394 occidentem
1249 3359 1311 3393 cou-

768 3431 862 3477 versa,
881 3415 921 3464 ita
932 3418 963 3463 ut
974 3429 991 3463 a
1005 3413 1117 3464 meridie
1127 3412 1226 3462 vallem
1237 3413 1311 3472 Moe-

769 3484 834 3534 ridis
856 3483 1016 3534 continuare
1032 3482 1167 3532 videntum
1202 3480 1234 3530 Iu
1257 3495 1311 3544 qna

768 3555 829 3619 ipsa
854 3559 911 3602 tum
936 3551 992 3600 alia
1018 3565 1079 3600 esse
1104 3550 1229 3609 inventa,
1253 3553 1311 3597 tum

768 3625 923 3687 fragmenta
945 3620 1015 3685 ligni
1042 3617 1198 3683 petrificata
1225 3615 1310 3680 ipsos-

770 3708 822 3758 que
846 3697 957 3740 truucoe
979 3687 1148 3753 potrilicatos
1167 3685 1234 3734 satis
1250 3684 1310 3734 lcu-

770 3777 835 3827 gos,
859 3759 974 3824 piscium
998 3771 1063 3808 ossa
1085 3753 1253 3820 petrilicata,
1283 3756 1311 3802 et

768 3843 838 3894 quae
855 3828 898 3877 bis
916 3831 980 3877 suut
997 3825 1106 3876 similia.
1142 3821 1220 3872 Cous.
1238 3825 1309 3870 nottd

768 3899 802 3948 ad
816 3899 854 3960 ΙΙ,
870 3897 902 3946 la
919 3895 980 3944 init.
1000 3893 1076 3954 etII,
1089 3891 1132 3942 aa.
1170 3892 1238 3941 Eam
1251 3904 1310 3940 sen-

766 3967 881 4016 teutiam
892 3963 990 4028 probat
1002 3960 1130 4013 Minutoll
1146 3959 1227 4011 Reice
1239 3957 1310 4008 nach

766 4035 827 4085 dem
839 4031 951 4096 Tempel
966 4031 991 4081 d.
1003 4029 1163 4094 Jupnmm.
1179 4043 1243 4092 pag.
1258 4026 1308 4077 190

766 4120 824 4170 scq.
860 4104 897 4152 Et
915 4097 1126 4150 communicavit
1144 4111 1247 4146 mecum
1264 4095 1307 4146 Cr.

767 4171 950 4236 scriptionem,
970 4169 1004 4218 ab
1014 4167 1240 4236 Ritteroqnoque
1252 4162 1310 4214 lau-

768 4243 875 4302 datam,
894 4239 941 4288 ubi
951 4237 1018 4288 haec
1030 4252 1073 4287 res
1089 4235 1243 4287 accuratius
1255 4237 1310 4282 tra-

767 4315 843 4362 ctata
866 4313 920 4358 est:
950 4305 1080 4358 liemoire
1103 4320 1149 4356 auur
1168 4302 1197 4352 la
1221 4298 1310 4350 valide

768 4380 816 4432 des
837 4379 908 4429 Lacs
935 4376 968 4427 de
991 4376 1097 4427 Natron
1121 4378 1149 4424 et
1175 4369 1244 4422 celle
1273 4369 1310 4420 du

1056 4454 1096 4518 29
