<?xml version="1.0" encoding="UTF-8"?>
<!DOCTYPE html PUBLIC "-//W3C//DTD XHTML 1.0 Transitional//EN"
    "http://www.w3.org/TR/xhtml1/DTD/xhtml1-transitional.dtd">
<html xmlns="http://www.w3.org/1999/xhtml" xml:lang="en" lang="en">
 <head>
  <title>
</title>
<meta http-equiv="Content-Type" content="text/html;charset=utf-8" />
  <meta name='ocr-system' content='tesseract 3.04.00' />
  <meta name='ocr-capabilities' content='ocr_page ocr_carea ocr_par ocr_line ocrx_word'/>
</head>
<body>
  <div class='ocr_page' id='page_1' title='image "./herodotihalicar00bhgoog_0785.png"; bbox 0 0 3008 4924; ppageno 0'>
   <div class='ocr_carea' id='block_1_1' title="bbox 223 307 930 373">
    <p class='ocr_par' dir='ltr' id='par_1_1' title="bbox 223 307 930 373">
     <span class='ocr_line' id='line_1_1' title="bbox 223 307 930 373; baseline -0.004 -1"><span class='ocrx_word' id='word_1_1' title='bbox 223 307 284 373; x_wconf 85' lang='grc'>758</span> <span class='ocrx_word' id='word_1_2' title='bbox 658 307 930 371; x_wconf 82' lang='lat' dir='ltr'>HERODO&#39;PI</span> 
     </span>
    </p>
   </div>
   <div class='ocr_carea' id='block_1_2' title="bbox 156 475 1364 990">
    <p class='ocr_par' dir='ltr' id='par_1_2' title="bbox 156 475 1364 990">
     <span class='ocr_line' id='line_1_2' title="bbox 221 475 1360 574; baseline -0.006 -21"><span class='ocrx_word' id='word_1_3' title='bbox 221 481 315 574; x_wconf 78' lang='grc' dir='ltr'><strong><em>ἥρωα</em></strong></span> <span class='ocrx_word' id='word_1_4' title='bbox 335 479 503 570; x_wconf 75' lang='grc' dir='ltr'><strong><em>ἀνέδησαν</em></strong></span> <span class='ocrx_word' id='word_1_5' title='bbox 524 479 657 574; x_wconf 69' lang='grc' dir='ltr'>αὐτούς.</span> <span class='ocrx_word' id='word_1_6' title='bbox 689 489 841 572; x_wconf 85' lang='grc' dir='ltr'>Πίρωμις</span> <span class='ocrx_word' id='word_1_7' title='bbox 857 483 897 552; x_wconf 79' lang='grc' dir='ltr'>δέ</span> <span class='ocrx_word' id='word_1_8' title='bbox 915 484 983 552; x_wconf 79' lang='grc' dir='ltr'>ἐστι</span> <span class='ocrx_word' id='word_1_9' title='bbox 1001 476 1074 550; x_wconf 83' lang='grc' dir='ltr'><strong><em>κατ’</em></strong></span> <span class='ocrx_word' id='word_1_10' title='bbox 1094 475 1236 548; x_wconf 71' lang='lat' dir='ltr'>‘ntideo</span> <span class='ocrx_word' id='word_1_11' title='bbox 1250 483 1360 566; x_wconf 79' lang='grc' dir='ltr'><strong><em>νλῶσ-</em></strong></span> 
     </span>
     <span class='ocr_line' id='line_1_3' title="bbox 156 573 1364 675; baseline -0.012 -12"><span class='ocrx_word' id='word_1_12' title='bbox 156 601 287 662; x_wconf 89' lang='grc' dir='ltr'>144σαν</span> <span class='ocrx_word' id='word_1_13' title='bbox 300 583 400 666; x_wconf 81' lang='grc' dir='ltr'><strong><em>καλὸς</em></strong></span> <span class='ocrx_word' id='word_1_14' title='bbox 414 582 573 674; x_wconf 77' lang='grc' dir='ltr'>κάγαθός.</span> <span class='ocrx_word' id='word_1_15' title='bbox 600 583 686 675; x_wconf 80' lang='lat' dir='ltr'>”qu</span> <span class='ocrx_word' id='word_1_16' title='bbox 701 577 766 671; x_wconf 76' lang='grc' dir='ltr'>ὦν,</span> <span class='ocrx_word' id='word_1_17' title='bbox 789 591 858 655; x_wconf 74' lang='grc' dir='ltr'>τῶν</span> <span class='ocrx_word' id='word_1_18' title='bbox 875 591 913 655; x_wconf 79' lang='grc' dir='ltr'>αἱ</span> <span class='ocrx_word' id='word_1_19' title='bbox 927 583 1054 666; x_wconf 78' lang='grc' dir='ltr'><strong><em>εἰκόνες</em></strong></span> <span class='ocrx_word' id='word_1_20' title='bbox 1068 573 1173 674; x_wconf 82' lang='grc' dir='ltr'><strong><em>ἦσαν,</em></strong></span> <span class='ocrx_word' id='word_1_21' title='bbox 1189 581 1364 661; x_wconf 81' lang='grc' dir='ltr'><strong><em>τοιούτους</em></strong></span> 
     </span>
     <span class='ocr_line' id='line_1_4' title="bbox 223 682 1362 778; baseline -0.008 -16"><span class='ocrx_word' id='word_1_22' title='bbox 223 689 474 762; x_wconf 68' lang='grc' dir='ltr'><strong><em>ἀπεδείκνυσαν</em></strong></span> <span class='ocrx_word' id='word_1_23' title='bbox 489 708 594 778; x_wconf 83' lang='grc' dir='ltr'><strong><em>σφεας</em></strong></span> <span class='ocrx_word' id='word_1_24' title='bbox 610 690 737 770; x_wconf 79' lang='grc' dir='ltr'><strong><em>πάντας</em></strong></span> <span class='ocrx_word' id='word_1_25' title='bbox 753 688 885 774; x_wconf 79' lang='grc' dir='ltr'><strong><em>ἐόντας,</em></strong></span> <span class='ocrx_word' id='word_1_26' title='bbox 908 693 1002 758; x_wconf 78' lang='grc' dir='ltr'>θεῶν</span> <span class='ocrx_word' id='word_1_27' title='bbox 1017 689 1054 757; x_wconf 76' lang='grc' dir='ltr'>δὲ</span> <span class='ocrx_word' id='word_1_28' title='bbox 1069 683 1195 756; x_wconf 76' lang='grc' dir='ltr'><strong><em>πολλὸν</em></strong></span> <span class='ocrx_word' id='word_1_29' title='bbox 1208 682 1362 774; x_wconf 72' lang='grc' dir='ltr'><strong><em>ἀπηλλα-</em></strong></span> 
     </span>
     <span class='ocr_line' id='line_1_5' title="bbox 224 785 1363 884; baseline -0.006 -20"><span class='ocrx_word' id='word_1_30' title='bbox 224 796 378 884; x_wconf 78' lang='grc' dir='ltr'>γμένους.</span> <span class='ocrx_word' id='word_1_31' title='bbox 406 790 444 861; x_wconf 83' lang='grc' dir='ltr'>τὸ</span> <span class='ocrx_word' id='word_1_32' title='bbox 460 792 498 861; x_wconf 75' lang='grc' dir='ltr'>δὲ</span> <span class='ocrx_word' id='word_1_33' title='bbox 512 791 676 884; x_wconf 85' lang='grc' dir='ltr'>πρότερον</span> <span class='ocrx_word' id='word_1_34' title='bbox 691 799 760 864; x_wconf 76' lang='grc' dir='ltr'>τῶν</span> <span class='ocrx_word' id='word_1_35' title='bbox 773 790 909 882; x_wconf 73' lang='grc' dir='ltr'><strong><em>ἀνδρῶν</em></strong></span> <span class='ocrx_word' id='word_1_36' title='bbox 923 791 1053 862; x_wconf 80' lang='grc' dir='ltr'><strong><em>τούτων</em></strong></span> <span class='ocrx_word' id='word_1_37' title='bbox 1061 789 1165 870; x_wconf 78' lang='grc' dir='ltr'><strong><em>θεοὺς</em></strong></span> <span class='ocrx_word' id='word_1_38' title='bbox 1179 788 1266 859; x_wconf 78' lang='grc' dir='ltr'><strong><em>εἶναι</em></strong></span> <span class='ocrx_word' id='word_1_39' title='bbox 1280 785 1363 867; x_wconf 75' lang='grc' dir='ltr'><strong><em>τοὺς</em></strong></span> 
     </span>
     <span class='ocr_line' id='line_1_6' title="bbox 224 892 1363 990; baseline -0.009 -20"><span class='ocrx_word' id='word_1_40' title='bbox 224 901 263 970; x_wconf 79' lang='grc' dir='ltr'>ἐν</span> <span class='ocrx_word' id='word_1_41' title='bbox 276 896 439 990; x_wconf 73' lang='grc' dir='ltr'>Αἰγύπτῳ</span> <span class='ocrx_word' id='word_1_42' title='bbox 459 892 638 986; x_wconf 75' lang='grc' dir='ltr'>ἄρχοντας,</span> <span class='ocrx_word' id='word_1_43' title='bbox 657 899 829 977; x_wconf 79' lang='grc' dir='ltr'><strong><em>οἰκέοντας</em></strong></span> <span class='ocrx_word' id='word_1_44' title='bbox 849 893 917 984; x_wconf 81' lang='grc' dir='ltr'>ἅμα</span> <span class='ocrx_word' id='word_1_45' title='bbox 938 911 1024 966; x_wconf 80' lang='grc' dir='ltr'><strong><em>τοῖσι</em></strong></span> <span class='ocrx_word' id='word_1_46' title='bbox 1044 892 1273 983; x_wconf 72' lang='grc' dir='ltr'>ἀνθρώποισι·</span> <span class='ocrx_word' id='word_1_47' title='bbox 1303 893 1363 962; x_wconf 80' lang='grc' dir='ltr'>καὶ</span> 
     </span>
    </p>
   </div>
   <div class='ocr_carea' id='block_1_3' title="bbox 178 1095 1365 2066">
    <p class='ocr_par' dir='ltr' id='par_1_3' title="bbox 178 1095 1365 2066">
     <span class='ocr_line' id='line_1_7' title="bbox 223 1095 1365 1163; baseline -0.004 -13"><span class='ocrx_word' id='word_1_48' title='bbox 223 1099 332 1150; x_wconf 89' lang='lat' dir='ltr'>minime</span> <span class='ocrx_word' id='word_1_49' title='bbox 353 1097 388 1148; x_wconf 88' lang='lat' dir='ltr'>ad</span> <span class='ocrx_word' id='word_1_50' title='bbox 407 1112 511 1146; x_wconf 90' lang='lat' dir='ltr'>morum</span> <span class='ocrx_word' id='word_1_51' title='bbox 534 1096 700 1162; x_wconf 77' lang='lat' dir='ltr'><strong>probitatem</strong></span> <span class='ocrx_word' id='word_1_52' title='bbox 723 1102 763 1148; x_wconf 81' lang='lat' dir='ltr'>at·</span> <span class='ocrx_word' id='word_1_53' title='bbox 815 1097 875 1147; x_wconf 91' lang='lat' dir='ltr'>dem</span> <span class='ocrx_word' id='word_1_54' title='bbox 888 1099 1067 1148; x_wconf 83' lang='lat' dir='ltr'>secutuseum</span> <span class='ocrx_word' id='word_1_55' title='bbox 1083 1095 1204 1147; x_wconf 93' lang='lat' dir='ltr'>insimili</span> <span class='ocrx_word' id='word_1_56' title='bbox 1221 1095 1365 1163; x_wconf 77' lang='lat' dir='ltr'>augmenti</span> 
     </span>
     <span class='ocr_line' id='line_1_8' title="bbox 222 1165 1233 1234; baseline -0.004 -14"><span class='ocrx_word' id='word_1_57' title='bbox 222 1185 276 1234; x_wconf 90' lang='lat' dir='ltr'>que</span> <span class='ocrx_word' id='word_1_58' title='bbox 300 1167 487 1232; x_wconf 84' lang='lat' dir='ltr'>integritatem</span> <span class='ocrx_word' id='word_1_59' title='bbox 513 1165 670 1216; x_wconf 84' lang='lat' dir='ltr'>referendas</span> <span class='ocrx_word' id='word_1_60' title='bbox 693 1181 763 1230; x_wconf 81' lang='lat' dir='ltr'>esse,</span> <span class='ocrx_word' id='word_1_61' title='bbox 814 1166 989 1217; x_wconf 77' lang='lat' dir='ltr'>restitutione</span> <span class='ocrx_word' id='word_1_62' title='bbox 1007 1165 1045 1229; x_wconf 90' lang='lat'>11,</span> <span class='ocrx_word' id='word_1_63' title='bbox 1063 1165 1110 1216; x_wconf 78' lang='grc'>152</span> <span class='ocrx_word' id='word_1_64' title='bbox 1130 1171 1157 1217; x_wconf 87' lang='lat' dir='ltr'>et</span> <span class='ocrx_word' id='word_1_65' title='bbox 1174 1165 1233 1218; x_wconf 79' lang='lat'>167.</span> 
     </span>
     <span class='ocr_line' id='line_1_9' title="bbox 221 1225 1362 1301; baseline -0.004 -15"><span class='ocrx_word' id='word_1_66' title='bbox 221 1253 315 1288; x_wconf 85' lang='lat' dir='ltr'>verum</span> <span class='ocrx_word' id='word_1_67' title='bbox 343 1236 379 1286; x_wconf 90' lang='lat' dir='ltr'>ad</span> <span class='ocrx_word' id='word_1_68' title='bbox 409 1236 504 1301; x_wconf 78' lang='lat' dir='ltr'>stirpis</span> <span class='ocrx_word' id='word_1_69' title='bbox 534 1235 704 1286; x_wconf 81' lang='lat' dir='ltr'>nobilitatem</span> <span class='ocrx_word' id='word_1_70' title='bbox 731 1252 764 1286; x_wconf 90' lang='lat' dir='ltr'>ac</span> <span class='ocrx_word' id='word_1_71' title='bbox 850 1230 997 1292; x_wconf 80' lang='grc' dir='ltr'><strong><em>οἰκέοντας</em></strong></span> <span class='ocrx_word' id='word_1_72' title='bbox 1010 1225 1068 1298; x_wconf 75' lang='grc' dir='ltr'>ἅμα</span> <span class='ocrx_word' id='word_1_73' title='bbox 1080 1227 1362 1301; x_wconf 77' lang='grc' dir='ltr'>τοῖσιάνθρώποισι]</span> 
     </span>
     <span class='ocr_line' id='line_1_10' title="bbox 222 1300 1363 1373; baseline -0.003 -17"><span class='ocrx_word' id='word_1_74' title='bbox 222 1306 428 1373; x_wconf 76' lang='lat' dir='ltr'>praestantiam.</span> <span class='ocrx_word' id='word_1_75' title='bbox 466 1305 542 1354; x_wconf 91' lang='lat' dir='ltr'>Idem</span> <span class='ocrx_word' id='word_1_76' title='bbox 570 1321 676 1370; x_wconf 89' lang='lat' dir='ltr'>quoque</span> <span class='ocrx_word' id='word_1_77' title='bbox 708 1309 763 1355; x_wconf 90' lang='lat' dir='ltr'>sta·</span> <span class='ocrx_word' id='word_1_78' title='bbox 816 1305 967 1370; x_wconf 84' lang='lat' dir='ltr'>„Reposuit</span> <span class='ocrx_word' id='word_1_79' title='bbox 994 1300 1140 1362; x_wconf 75' lang='grc' dir='ltr'><strong><em>οἰκέοντας</em></strong></span> <span class='ocrx_word' id='word_1_80' title='bbox 1161 1321 1195 1355; x_wconf 85' lang='lat' dir='ltr'>ex</span> <span class='ocrx_word' id='word_1_81' title='bbox 1218 1303 1363 1356; x_wconf 79' lang='lat' dir='ltr'>codicibus</span> 
     </span>
     <span class='ocr_line' id='line_1_11' title="bbox 222 1373 1363 1443; baseline -0.004 -17"><span class='ocrx_word' id='word_1_82' title='bbox 222 1375 507 1441; x_wconf 84' lang='lat' dir='ltr'>tuitHeugsteuberg:</span> <span class='ocrx_word' id='word_1_83' title='bbox 521 1374 574 1424; x_wconf 93' lang='lat' dir='ltr'>Die</span> <span class='ocrx_word' id='word_1_84' title='bbox 587 1375 763 1425; x_wconf 85' lang='lat' dir='ltr'>BiiclrerMo·</span> <span class='ocrx_word' id='word_1_85' title='bbox 815 1374 921 1439; x_wconf 84' lang='lat' dir='ltr'>aliquot</span> <span class='ocrx_word' id='word_1_86' title='bbox 943 1380 1006 1443; x_wconf 83' lang='lat' dir='ltr'>poet</span> <span class='ocrx_word' id='word_1_87' title='bbox 1027 1373 1202 1426; x_wconf 78' lang='lat' dir='ltr'>Sebaet&#39;erum</span> <span class='ocrx_word' id='word_1_88' title='bbox 1224 1374 1363 1440; x_wconf 81' lang='lat' dir='ltr'>Schweig-</span> 
     </span>
     <span class='ocr_line' id='line_1_12' title="bbox 221 1443 1363 1510; baseline -0.002 -14"><span class='ocrx_word' id='word_1_89' title='bbox 221 1448 260 1497; x_wconf 88' lang='lat' dir='ltr'>sis</span> <span class='ocrx_word' id='word_1_90' title='bbox 287 1462 314 1496; x_wconf 93' lang='lat' dir='ltr'>u.</span> <span class='ocrx_word' id='word_1_91' title='bbox 338 1447 457 1510; x_wconf 79' lang='lat' dir='ltr'>Aegypt.</span> <span class='ocrx_word' id='word_1_92' title='bbox 486 1461 512 1508; x_wconf 93' lang='lat' dir='ltr'>p.</span> <span class='ocrx_word' id='word_1_93' title='bbox 541 1443 584 1494; x_wconf 87' lang='lat'>31.</span> <span class='ocrx_word' id='word_1_94' title='bbox 621 1443 701 1507; x_wconf 82' lang='lat' dir='ltr'>Quod</span> <span class='ocrx_word' id='word_1_95' title='bbox 728 1443 763 1494; x_wconf 88' lang='lat' dir='ltr'>ad</span> <span class='ocrx_word' id='word_1_96' title='bbox 814 1443 963 1494; x_wconf 84' lang='lat' dir='ltr'>beeuserue</span> <span class='ocrx_word' id='word_1_97' title='bbox 983 1443 1023 1510; x_wconf 88' lang='lat' dir='ltr'>[et</span> <span class='ocrx_word' id='word_1_98' title='bbox 1041 1443 1195 1505; x_wconf 81' lang='lat' dir='ltr'>Guistord,</span> <span class='ocrx_word' id='word_1_99' title='bbox 1219 1459 1298 1510; x_wconf 89' lang='lat' dir='ltr'>quem</span> <span class='ocrx_word' id='word_1_100' title='bbox 1318 1459 1363 1494; x_wconf 85' lang='lat' dir='ltr'>se-</span> 
     </span>
     <span class='ocr_line' id='line_1_13' title="bbox 220 1511 1362 1580; baseline -0.002 -14"><span class='ocrx_word' id='word_1_101' title='bbox 220 1515 386 1580; x_wconf 83' lang='lat' dir='ltr'>Aegyptium</span> <span class='ocrx_word' id='word_1_102' title='bbox 403 1529 500 1564; x_wconf 88' lang='lat' dir='ltr'>nomeu</span> <span class='ocrx_word' id='word_1_103' title='bbox 512 1513 621 1575; x_wconf 88' lang='lat' dir='ltr'>attinet,</span> <span class='ocrx_word' id='word_1_104' title='bbox 641 1513 765 1580; x_wconf 85' lang='lat' dir='ltr'>plerique</span> <span class='ocrx_word' id='word_1_105' title='bbox 817 1514 873 1564; x_wconf 91' lang='lat' dir='ltr'>cuti</span> <span class='ocrx_word' id='word_1_106' title='bbox 894 1511 1007 1579; x_wconf 77' lang='lat' dir='ltr'>eumusj.</span> <span class='ocrx_word' id='word_1_107' title='bbox 1049 1514 1109 1578; x_wconf 84' lang='lat' dir='ltr'>Ego</span> <span class='ocrx_word' id='word_1_108' title='bbox 1131 1515 1197 1564; x_wconf 91' lang='lat' dir='ltr'>mihi</span> <span class='ocrx_word' id='word_1_109' title='bbox 1220 1514 1270 1564; x_wconf 88' lang='lat' dir='ltr'>boc</span> <span class='ocrx_word' id='word_1_110' title='bbox 1296 1513 1362 1564; x_wconf 91' lang='lat' dir='ltr'>loco</span> 
     </span>
     <span class='ocr_line' id='line_1_14' title="bbox 220 1581 1361 1649; baseline -0.003 -14"><span class='ocrx_word' id='word_1_111' title='bbox 220 1599 292 1635; x_wconf 87' lang='lat' dir='ltr'>nuno</span> <span class='ocrx_word' id='word_1_112' title='bbox 314 1584 506 1644; x_wconf 88' lang='lat' dir='ltr'>consentiunt,</span> <span class='ocrx_word' id='word_1_113' title='bbox 534 1581 602 1632; x_wconf 93' lang='lat' dir='ltr'>nihil</span> <span class='ocrx_word' id='word_1_114' title='bbox 630 1581 705 1633; x_wconf 86' lang='lat' dir='ltr'>aliud</span> <span class='ocrx_word' id='word_1_115' title='bbox 732 1599 764 1634; x_wconf 88' lang='lat' dir='ltr'>eo</span> <span class='ocrx_word' id='word_1_116' title='bbox 815 1582 897 1633; x_wconf 82' lang='lat' dir='ltr'>laudo</span> <span class='ocrx_word' id='word_1_117' title='bbox 916 1583 1075 1634; x_wconf 86' lang='lat' dir='ltr'>modestiam</span> <span class='ocrx_word' id='word_1_118' title='bbox 1096 1582 1282 1648; x_wconf 83' lang='lat' dir='ltr'>Wesaelingii‚</span> <span class='ocrx_word' id='word_1_119' title='bbox 1300 1583 1361 1649; x_wconf 82' lang='lat' dir='ltr'>qui,</span> 
     </span>
     <span class='ocr_line' id='line_1_15' title="bbox 220 1652 1362 1718; baseline -0.002 -14"><span class='ocrx_word' id='word_1_120' title='bbox 220 1653 355 1704; x_wconf 88' lang='lat' dir='ltr'>declarari</span> <span class='ocrx_word' id='word_1_121' title='bbox 377 1652 432 1702; x_wconf 88' lang='lat' dir='ltr'>uisi</span> <span class='ocrx_word' id='word_1_122' title='bbox 455 1652 585 1712; x_wconf 80' lang='lat' dir='ltr'>bominem,</span> <span class='ocrx_word' id='word_1_123' title='bbox 615 1669 677 1703; x_wconf 90' lang='lat' dir='ltr'>cum</span> <span class='ocrx_word' id='word_1_124' title='bbox 695 1653 766 1705; x_wconf 66' lang='lat' dir='ltr'>unns</span> <span class='ocrx_word' id='word_1_125' title='bbox 816 1667 875 1702; x_wconf 89' lang='lat' dir='ltr'>cum</span> <span class='ocrx_word' id='word_1_126' title='bbox 893 1659 921 1703; x_wconf 91' lang='lat' dir='ltr'>et</span> <span class='ocrx_word' id='word_1_127' title='bbox 939 1655 998 1718; x_wconf 87' lang='lat' dir='ltr'>ipse</span> <span class='ocrx_word' id='word_1_128' title='bbox 1014 1653 1119 1702; x_wconf 79' lang='lat' dir='ltr'>faveret</span> <span class='ocrx_word' id='word_1_129' title='bbox 1135 1654 1160 1703; x_wconf 90' lang='lat' dir='ltr'>ei</span> <span class='ocrx_word' id='word_1_130' title='bbox 1178 1653 1304 1716; x_wconf 83' lang='lat' dir='ltr'>lectioni,</span> <span class='ocrx_word' id='word_1_131' title='bbox 1330 1653 1362 1703; x_wconf 90' lang='lat' dir='ltr'>iu</span> 
     </span>
     <span class='ocr_line' id='line_1_16' title="bbox 221 1713 1362 1788; baseline -0.001 -15"><span class='ocrx_word' id='word_1_132' title='bbox 221 1722 359 1788; x_wconf 83' lang='lat' dir='ltr'>significet</span> <span class='ocrx_word' id='word_1_133' title='bbox 381 1721 497 1772; x_wconf 68' lang='lat' dir='ltr'>tenuium</span> <span class='ocrx_word' id='word_1_134' title='bbox 523 1727 550 1771; x_wconf 93' lang='lat' dir='ltr'>et</span> <span class='ocrx_word' id='word_1_135' title='bbox 572 1723 605 1772; x_wconf 84' lang='lat' dir='ltr'>Pi</span> <span class='ocrx_word' id='word_1_136' title='bbox 631 1722 763 1773; x_wconf 85' lang='lat' dir='ltr'>articulus</span> <span class='ocrx_word' id='word_1_137' title='bbox 816 1727 892 1772; x_wconf 86' lang='lat' dir='ltr'>textu</span> <span class='ocrx_word' id='word_1_138' title='bbox 904 1727 994 1772; x_wconf 90' lang='lat' dir='ltr'>tamen</span> <span class='ocrx_word' id='word_1_139' title='bbox 1010 1721 1153 1787; x_wconf 87' lang='lat' dir='ltr'>pristinam</span> <span class='ocrx_word' id='word_1_140' title='bbox 1170 1723 1292 1773; x_wconf 81' lang='lat' dir='ltr'>exhibuit</span> <span class='ocrx_word' id='word_1_141' title='bbox 1304 1713 1362 1772; x_wconf 73' lang='lat' dir='ltr'>oda</span> 
     </span>
     <span class='ocr_line' id='line_1_17' title="bbox 221 1782 1361 1858; baseline 0 -16"><span class='ocrx_word' id='word_1_142' title='bbox 221 1795 258 1842; x_wconf 92' lang='lat' dir='ltr'>sit</span> <span class='ocrx_word' id='word_1_143' title='bbox 277 1793 488 1858; x_wconf 69' lang='lat' dir='ltr'>Aegyptiorum</span> <span class='ocrx_word' id='word_1_144' title='bbox 512 1790 569 1841; x_wconf 88' lang='lat' dir='ltr'>vid.</span> <span class='ocrx_word' id='word_1_145' title='bbox 589 1790 763 1842; x_wconf 74' lang='lat' dir='ltr'>seint-Mar·</span> <span class='ocrx_word' id='word_1_146' title='bbox 815 1782 928 1854; x_wconf 78' lang='grc' dir='ltr'>ἐόντας,</span> <span class='ocrx_word' id='word_1_147' title='bbox 954 1807 1034 1856; x_wconf 82' lang='lat' dir='ltr'>quam</span> <span class='ocrx_word' id='word_1_148' title='bbox 1052 1791 1242 1858; x_wconf 80' lang='lat' dir='ltr'>Athenagoras</span> <span class='ocrx_word' id='word_1_149' title='bbox 1260 1794 1288 1841; x_wconf 93' lang='lat' dir='ltr'>in</span> <span class='ocrx_word' id='word_1_150' title='bbox 1307 1807 1361 1843; x_wconf 86' lang='lat' dir='ltr'>suo</span> 
     </span>
     <span class='ocr_line' id='line_1_18' title="bbox 220 1859 1362 1927; baseline 0 -15"><span class='ocrx_word' id='word_1_151' title='bbox 220 1863 262 1912; x_wconf 90' lang='lat' dir='ltr'>tiu</span> <span class='ocrx_word' id='word_1_152' title='bbox 278 1861 339 1912; x_wconf 92' lang='lat' dir='ltr'>loco</span> <span class='ocrx_word' id='word_1_153' title='bbox 358 1877 442 1927; x_wconf 90' lang='lat' dir='ltr'>supra</span> <span class='ocrx_word' id='word_1_154' title='bbox 461 1861 478 1912; x_wconf 92' lang='lat' dir='ltr'>l.</span> <span class='ocrx_word' id='word_1_155' title='bbox 497 1876 561 1926; x_wconf 67' lang='lat' dir='ltr'>pege</span> <span class='ocrx_word' id='word_1_156' title='bbox 580 1862 627 1922; x_wconf 75' lang='lat'>72,</span> <span class='ocrx_word' id='word_1_157' title='bbox 645 1861 762 1912; x_wconf 89' lang='lat' dir='ltr'>Willrin-</span> <span class='ocrx_word' id='word_1_158' title='bbox 814 1861 876 1913; x_wconf 91' lang='lat' dir='ltr'>cod.</span> <span class='ocrx_word' id='word_1_159' title='bbox 896 1860 941 1926; x_wconf 88' lang='lat' dir='ltr'>(de</span> <span class='ocrx_word' id='word_1_160' title='bbox 956 1861 1038 1926; x_wconf 84' lang='lat' dir='ltr'>legat.</span> <span class='ocrx_word' id='word_1_161' title='bbox 1058 1877 1117 1926; x_wconf 87' lang='lat' dir='ltr'>cap.</span> <span class='ocrx_word' id='word_1_162' title='bbox 1133 1859 1181 1924; x_wconf 77' lang='lat'>24)</span> <span class='ocrx_word' id='word_1_163' title='bbox 1197 1862 1310 1927; x_wconf 84' lang='lat' dir='ltr'>legeret,</span> <span class='ocrx_word' id='word_1_164' title='bbox 1330 1867 1362 1912; x_wconf 88' lang='lat' dir='ltr'>et</span> 
     </span>
     <span class='ocr_line' id='line_1_19' title="bbox 220 1929 1363 1996; baseline 0 -14"><span class='ocrx_word' id='word_1_165' title='bbox 220 1948 269 1982; x_wconf 90' lang='lat' dir='ltr'>son</span> <span class='ocrx_word' id='word_1_166' title='bbox 288 1933 416 1981; x_wconf 85' lang='lat' dir='ltr'>Manners</span> <span class='ocrx_word' id='word_1_167' title='bbox 435 1937 488 1980; x_wconf 90' lang='lat' dir='ltr'>etc.</span> <span class='ocrx_word' id='word_1_168' title='bbox 512 1932 535 1981; x_wconf 90' lang='lat'>1.</span> <span class='ocrx_word' id='word_1_169' title='bbox 554 1947 582 1996; x_wconf 92' lang='lat' dir='ltr'>p.</span> <span class='ocrx_word' id='word_1_170' title='bbox 603 1932 650 1994; x_wconf 87' lang='grc'>17,</span> <span class='ocrx_word' id='word_1_171' title='bbox 670 1931 763 1982; x_wconf 85' lang='lat' dir='ltr'>Rosci·</span> <span class='ocrx_word' id='word_1_172' title='bbox 815 1931 887 1982; x_wconf 89' lang='lat' dir='ltr'>Med.</span> <span class='ocrx_word' id='word_1_173' title='bbox 908 1930 1069 1982; x_wconf 83' lang='lat' dir='ltr'>Schellerslr.</span> <span class='ocrx_word' id='word_1_174' title='bbox 1090 1930 1134 1995; x_wconf 69' lang='grc' dir='ltr'>(Ρ)</span> <span class='ocrx_word' id='word_1_175' title='bbox 1159 1929 1261 1996; x_wconf 84' lang='lat' dir='ltr'>aliique</span> <span class='ocrx_word' id='word_1_176' title='bbox 1281 1937 1363 1982; x_wconf 85' lang='lat' dir='ltr'>tuen-</span> 
     </span>
     <span class='ocr_line' id='line_1_20' title="bbox 178 1995 1362 2066; baseline 0 -16"><span class='ocrx_word' id='word_1_177' title='bbox 178 1995 180 2002; x_wconf 73' lang='grc'>’</span> <span class='ocrx_word' id='word_1_178' title='bbox 219 2001 269 2051; x_wconf 89' lang='lat' dir='ltr'>lini</span> <span class='ocrx_word' id='word_1_179' title='bbox 289 2001 362 2050; x_wconf 88' lang='lat' dir='ltr'>Mon.</span> <span class='ocrx_word' id='word_1_180' title='bbox 379 2005 445 2051; x_wconf 81' lang='lat' dir='ltr'>utor.</span> <span class='ocrx_word' id='word_1_181' title='bbox 465 2001 504 2050; x_wconf 93' lang='lat'>11.</span> <span class='ocrx_word' id='word_1_182' title='bbox 523 2017 551 2064; x_wconf 93' lang='lat' dir='ltr'>p.</span> <span class='ocrx_word' id='word_1_183' title='bbox 570 2002 604 2050; x_wconf 76' lang='lat'>55</span> <span class='ocrx_word' id='word_1_184' title='bbox 623 2015 690 2066; x_wconf 78' lang='lat' dir='ltr'>seq,</span> <span class='ocrx_word' id='word_1_185' title='bbox 716 2001 763 2066; x_wconf 89' lang='lat' dir='ltr'>qui</span> <span class='ocrx_word' id='word_1_186' title='bbox 815 2005 868 2052; x_wconf 91' lang='lat' dir='ltr'>tur.</span> <span class='ocrx_word' id='word_1_187' title='bbox 905 2001 962 2052; x_wconf 85' lang='lat' dir='ltr'>Nec</span> <span class='ocrx_word' id='word_1_188' title='bbox 977 2000 1174 2052; x_wconf 87' lang='lat' dir='ltr'>Valckenarius</span> <span class='ocrx_word' id='word_1_189' title='bbox 1193 2002 1293 2052; x_wconf 85' lang='lat' dir='ltr'>diserte</span> <span class='ocrx_word' id='word_1_190' title='bbox 1311 2017 1362 2066; x_wconf 89' lang='lat' dir='ltr'>po·</span> 
     </span>
    </p>
   </div>
   <div class='ocr_carea' id='block_1_4' title="bbox 218 2069 765 2618">
    <p class='ocr_par' dir='ltr' id='par_1_4' title="bbox 218 2069 765 2618">
     <span class='ocr_line' id='line_1_21' title="bbox 219 2069 764 2134; baseline 0 -14"><span class='ocrx_word' id='word_1_191' title='bbox 219 2071 317 2121; x_wconf 78' lang='lat' dir='ltr'>bonesti</span> <span class='ocrx_word' id='word_1_192' title='bbox 339 2085 371 2120; x_wconf 84' lang='lat' dir='ltr'>ae</span> <span class='ocrx_word' id='word_1_193' title='bbox 395 2069 471 2133; x_wconf 83' lang='lat' dir='ltr'>prodi</span> <span class='ocrx_word' id='word_1_194' title='bbox 492 2069 609 2119; x_wconf 89' lang='lat' dir='ltr'>hominis</span> <span class='ocrx_word' id='word_1_195' title='bbox 629 2069 764 2134; x_wconf 85' lang='lat' dir='ltr'>significa·</span> 
     </span>
     <span class='ocr_line' id='line_1_22' title="bbox 219 2138 762 2190; baseline 0 0"><span class='ocrx_word' id='word_1_196' title='bbox 219 2141 320 2190; x_wconf 89' lang='lat' dir='ltr'>tionem</span> <span class='ocrx_word' id='word_1_197' title='bbox 331 2138 454 2190; x_wconf 85' lang='lat' dir='ltr'>additam</span> <span class='ocrx_word' id='word_1_198' title='bbox 465 2139 552 2188; x_wconf 83' lang='lat' dir='ltr'>videri</span> <span class='ocrx_word' id='word_1_199' title='bbox 565 2145 665 2189; x_wconf 87' lang='lat' dir='ltr'>mouet.</span> <span class='ocrx_word' id='word_1_200' title='bbox 692 2139 762 2190; x_wconf 83' lang='lat' dir='ltr'>Add.</span> 
     </span>
     <span class='ocr_line' id='line_1_23' title="bbox 219 2206 761 2273; baseline -0.002 -13"><span class='ocrx_word' id='word_1_201' title='bbox 219 2209 380 2261; x_wconf 86' lang='lat' dir='ltr'>Uhlemsnn.</span> <span class='ocrx_word' id='word_1_202' title='bbox 399 2206 534 2273; x_wconf 89' lang='lat' dir='ltr'>Philolog.</span> <span class='ocrx_word' id='word_1_203' title='bbox 547 2208 665 2272; x_wconf 76' lang='lat' dir='ltr'>Aegypt.</span> <span class='ocrx_word' id='word_1_204' title='bbox 678 2223 705 2272; x_wconf 89' lang='lat' dir='ltr'>p.</span> <span class='ocrx_word' id='word_1_205' title='bbox 718 2211 761 2270; x_wconf 77' lang='lat'>25,</span> 
     </span>
     <span class='ocr_line' id='line_1_24' title="bbox 219 2276 760 2342; baseline 0 -14"><span class='ocrx_word' id='word_1_206' title='bbox 219 2280 322 2328; x_wconf 90' lang='lat' dir='ltr'>Brunet</span> <span class='ocrx_word' id='word_1_207' title='bbox 345 2277 378 2328; x_wconf 85' lang='lat' dir='ltr'>de</span> <span class='ocrx_word' id='word_1_208' title='bbox 396 2276 504 2328; x_wconf 85' lang='lat' dir='ltr'>Presler</span> <span class='ocrx_word' id='word_1_209' title='bbox 527 2279 648 2326; x_wconf 85' lang='lat' dir='ltr'>Examen</span> <span class='ocrx_word' id='word_1_210' title='bbox 671 2278 760 2342; x_wconf 87' lang='lat' dir='ltr'>critiq.</span> 
     </span>
     <span class='ocr_line' id='line_1_25' title="bbox 220 2345 765 2412; baseline 0 -15"><span class='ocrx_word' id='word_1_211' title='bbox 220 2348 247 2397; x_wconf 89' lang='lat' dir='ltr'>d.</span> <span class='ocrx_word' id='word_1_212' title='bbox 272 2346 381 2412; x_wconf 75' lang='lat' dir='ltr'>dynam.</span> <span class='ocrx_word' id='word_1_213' title='bbox 408 2347 537 2410; x_wconf 84' lang='lat' dir='ltr'>d&#39;Egypt.</span> <span class='ocrx_word' id='word_1_214' title='bbox 562 2362 589 2411; x_wconf 90' lang='lat' dir='ltr'>p.</span> <span class='ocrx_word' id='word_1_215' title='bbox 618 2345 661 2396; x_wconf 81' lang='lat'>87.</span> <span class='ocrx_word' id='word_1_216' title='bbox 695 2347 765 2397; x_wconf 88' lang='lat' dir='ltr'>Geb-</span> 
     </span>
     <span class='ocr_line' id='line_1_26' title="bbox 219 2414 764 2480; baseline 0 -14"><span class='ocrx_word' id='word_1_217' title='bbox 219 2417 309 2480; x_wconf 90' lang='lat' dir='ltr'>ringer</span> <span class='ocrx_word' id='word_1_218' title='bbox 327 2414 347 2465; x_wconf 91' lang='lat' dir='ltr'>l.</span> <span class='ocrx_word' id='word_1_219' title='bbox 366 2431 448 2480; x_wconf 85' lang='lat' dir='ltr'>supra</span> <span class='ocrx_word' id='word_1_220' title='bbox 473 2416 491 2465; x_wconf 91' lang='lat' dir='ltr'>l.</span> <span class='ocrx_word' id='word_1_221' title='bbox 517 2420 544 2464; x_wconf 92' lang='lat' dir='ltr'>et</span> <span class='ocrx_word' id='word_1_222' title='bbox 568 2415 627 2479; x_wconf 90' lang='lat' dir='ltr'>ipse</span> <span class='ocrx_word' id='word_1_223' title='bbox 651 2417 764 2480; x_wconf 82' lang='lat' dir='ltr'>agnovit</span> 
     </span>
     <span class='ocr_line' id='line_1_27' title="bbox 219 2484 765 2547; baseline 0.004 -13"><span class='ocrx_word' id='word_1_224' title='bbox 219 2484 363 2534; x_wconf 88' lang='lat' dir='ltr'>articulum</span> <span class='ocrx_word' id='word_1_225' title='bbox 375 2486 409 2536; x_wconf 86' lang='lat' dir='ltr'>Pr&#39;</span> <span class='ocrx_word' id='word_1_226' title='bbox 425 2485 453 2534; x_wconf 88' lang='lat' dir='ltr'>in</span> <span class='ocrx_word' id='word_1_227' title='bbox 469 2485 521 2534; x_wconf 92' lang='lat' dir='ltr'>hac</span> <span class='ocrx_word' id='word_1_228' title='bbox 536 2499 612 2547; x_wconf 86' lang='lat' dir='ltr'>voce,</span> <span class='ocrx_word' id='word_1_229' title='bbox 632 2485 680 2540; x_wconf 85' lang='lat' dir='ltr'>sed</span> <span class='ocrx_word' id='word_1_230' title='bbox 693 2485 765 2536; x_wconf 82' lang='lat' dir='ltr'>Romi</span> 
     </span>
     <span class='ocr_line' id='line_1_28' title="bbox 218 2554 760 2618; baseline 0.006 -14"><span class='ocrx_word' id='word_1_231' title='bbox 218 2555 301 2604; x_wconf 82' lang='lat' dir='ltr'>retert</span> <span class='ocrx_word' id='word_1_232' title='bbox 313 2554 348 2603; x_wconf 89' lang='lat' dir='ltr'>ad</span> <span class='ocrx_word' id='word_1_233' title='bbox 359 2554 523 2604; x_wconf 85' lang='lat' dir='ltr'>Hebraicum</span> <span class='ocrx_word' id='word_1_234' title='bbox 539 2564 595 2618; x_wconf 59' lang='lat' dir='ltr'>:q</span> <span class='ocrx_word' id='word_1_235' title='bbox 614 2555 632 2606; x_wconf 92' lang='lat' dir='ltr'>i.</span> <span class='ocrx_word' id='word_1_236' title='bbox 647 2570 671 2606; x_wconf 92' lang='lat' dir='ltr'>e.</span> <span class='ocrx_word' id='word_1_237' title='bbox 684 2557 760 2608; x_wconf 81' lang='lat' dir='ltr'>altus.</span> 
     </span>
    </p>
   </div>
   <div class='ocr_carea' id='block_1_5' title="bbox 218 2639 762 2774">
    <p class='ocr_par' dir='ltr' id='par_1_5' title="bbox 218 2639 762 2774">
     <span class='ocr_line' id='line_1_29' title="bbox 218 2639 762 2706; baseline 0 -16"><span class='ocrx_word' id='word_1_238' title='bbox 218 2640 280 2690; x_wconf 81' lang='lat' dir='ltr'>Alia</span> <span class='ocrx_word' id='word_1_239' title='bbox 298 2639 411 2706; x_wconf 91' lang='lat' dir='ltr'>protulit</span> <span class='ocrx_word' id='word_1_240' title='bbox 428 2639 605 2690; x_wconf 80' lang='lat' dir='ltr'>Sealschuetu</span> <span class='ocrx_word' id='word_1_241' title='bbox 624 2639 689 2700; x_wconf 91' lang='lat' dir='ltr'>(Zur</span> <span class='ocrx_word' id='word_1_242' title='bbox 701 2641 762 2690; x_wconf 88' lang='lat' dir='ltr'>Kri-</span> 
     </span>
     <span class='ocr_line' id='line_1_30' title="bbox 218 2708 604 2774; baseline 0 -14"><span class='ocrx_word' id='word_1_243' title='bbox 218 2709 260 2760; x_wconf 86' lang='lat' dir='ltr'>tilr</span> <span class='ocrx_word' id='word_1_244' title='bbox 277 2708 431 2760; x_wconf 81' lang='lat' dir='ltr'>Manetbo&#39;s</span> <span class='ocrx_word' id='word_1_245' title='bbox 448 2708 513 2774; x_wconf 90' lang='lat' dir='ltr'>eto.)</span> <span class='ocrx_word' id='word_1_246' title='bbox 531 2726 559 2774; x_wconf 92' lang='lat' dir='ltr'>p.</span> <span class='ocrx_word' id='word_1_247' title='bbox 578 2711 604 2762; x_wconf 81' lang='lat'>³.</span> 
     </span>
    </p>
   </div>
   <div class='ocr_carea' id='block_1_6' title="bbox 383 2862 594 2916">
    <p class='ocr_par' dir='ltr' id='par_1_6' title="bbox 383 2862 594 2916">
     <span class='ocr_line' id='line_1_31' title="bbox 383 2862 594 2916; baseline 0 -2"><span class='ocrx_word' id='word_1_248' title='bbox 383 2862 450 2916; x_wconf 78' lang='lat' dir='ltr'>Gar.</span> <span class='ocrx_word' id='word_1_249' title='bbox 473 2863 594 2914; x_wconf 82' lang='lat' dir='ltr'>CXLIV.</span> 
     </span>
    </p>
   </div>
   <div class='ocr_carea' id='block_1_7' title="bbox 213 2956 760 3782">
    <p class='ocr_par' dir='ltr' id='par_1_7' title="bbox 213 2956 760 3782">
     <span class='ocr_line' id='line_1_32' title="bbox 251 2956 760 3034; baseline 0 -19"><span class='ocrx_word' id='word_1_250' title='bbox 251 2956 343 3023; x_wconf 76' lang='grc' dir='ltr'><strong><em>θεοὺς</em></strong></span> <span class='ocrx_word' id='word_1_251' title='bbox 359 2957 432 3015; x_wconf 76' lang='grc' dir='ltr'><strong><em>εἶναι</em></strong></span> <span class='ocrx_word' id='word_1_252' title='bbox 446 2957 513 3022; x_wconf 73' lang='grc' dir='ltr'><strong><em>τοὺς</em></strong></span> <span class='ocrx_word' id='word_1_253' title='bbox 528 2957 558 3015; x_wconf 78' lang='grc' dir='ltr'>ἐν</span> <span class='ocrx_word' id='word_1_254' title='bbox 568 2959 698 3034; x_wconf 74' lang='grc' dir='ltr'>Αἰγύπτῳ</span> <span class='ocrx_word' id='word_1_255' title='bbox 710 2959 760 3030; x_wconf 83' lang='grc' dir='ltr'>ἄρ-</span> 
     </span>
     <span class='ocr_line' id='line_1_33' title="bbox 216 3034 760 3102; baseline 0.006 -19"><span class='ocrx_word' id='word_1_256' title='bbox 216 3049 319 3100; x_wconf 71' lang='grc' dir='ltr'><strong><em>χοντας</em></strong></span> <span class='ocrx_word' id='word_1_257' title='bbox 336 3049 362 3084; x_wconf 82' lang='lat' dir='ltr'>rr.</span> <span class='ocrx_word' id='word_1_258' title='bbox 381 3051 405 3084; x_wconf 86' lang='lat' dir='ltr'>r.</span> <span class='ocrx_word' id='word_1_259' title='bbox 424 3034 461 3102; x_wconf 79' lang='lat' dir='ltr'>t.]</span> <span class='ocrx_word' id='word_1_260' title='bbox 487 3036 530 3086; x_wconf 88' lang='lat' dir='ltr'>De</span> <span class='ocrx_word' id='word_1_261' title='bbox 552 3035 604 3088; x_wconf 89' lang='lat' dir='ltr'>diis</span> <span class='ocrx_word' id='word_1_262' title='bbox 625 3037 653 3085; x_wconf 91' lang='lat' dir='ltr'>in</span> <span class='ocrx_word' id='word_1_263' title='bbox 671 3035 760 3100; x_wconf 77' lang='lat' dir='ltr'>Aegy-</span> 
     </span>
     <span class='ocr_line' id='line_1_34' title="bbox 215 3105 760 3171; baseline 0.006 -18"><span class='ocrx_word' id='word_1_264' title='bbox 215 3109 262 3168; x_wconf 91' lang='lat' dir='ltr'>pto</span> <span class='ocrx_word' id='word_1_265' title='bbox 279 3105 456 3168; x_wconf 79' lang='lat' dir='ltr'>regnantibus</span> <span class='ocrx_word' id='word_1_266' title='bbox 470 3106 566 3156; x_wconf 85' lang='lat' dir='ltr'>scribit</span> <span class='ocrx_word' id='word_1_267' title='bbox 578 3121 684 3171; x_wconf 91' lang='lat' dir='ltr'>quoque</span> <span class='ocrx_word' id='word_1_268' title='bbox 695 3107 760 3156; x_wconf 90' lang='lat' dir='ltr'>Dio-</span> 
     </span>
     <span class='ocr_line' id='line_1_35' title="bbox 216 3173 758 3240; baseline 0.006 -19"><span class='ocrx_word' id='word_1_269' title='bbox 216 3173 275 3222; x_wconf 89' lang='lat' dir='ltr'>dor.</span> <span class='ocrx_word' id='word_1_270' title='bbox 294 3173 318 3235; x_wconf 89' lang='lat'>1,</span> <span class='ocrx_word' id='word_1_271' title='bbox 334 3174 375 3224; x_wconf 81' lang='lat'>12.</span> <span class='ocrx_word' id='word_1_272' title='bbox 390 3175 437 3238; x_wconf 88' lang='grc'>44,</span> <span class='ocrx_word' id='word_1_273' title='bbox 457 3175 505 3224; x_wconf 90' lang='lat' dir='ltr'>ubi</span> <span class='ocrx_word' id='word_1_274' title='bbox 524 3176 579 3226; x_wconf 84' lang='lat' dir='ltr'>vid.</span> <span class='ocrx_word' id='word_1_275' title='bbox 594 3173 758 3240; x_wconf 86' lang='lat' dir='ltr'>Weeeeliug.</span> 
     </span>
     <span class='ocr_line' id='line_1_36' title="bbox 216 3241 759 3310; baseline 0.004 -18"><span class='ocrx_word' id='word_1_276' title='bbox 216 3241 367 3292; x_wconf 84' lang='lat' dir='ltr'>Larcberus</span> <span class='ocrx_word' id='word_1_277' title='bbox 380 3244 414 3293; x_wconf 92' lang='lat' dir='ltr'>ad</span> <span class='ocrx_word' id='word_1_278' title='bbox 425 3243 491 3294; x_wconf 89' lang='lat' dir='ltr'>illud</span> <span class='ocrx_word' id='word_1_279' title='bbox 504 3245 581 3310; x_wconf 85' lang='lat' dir='ltr'>regni</span> <span class='ocrx_word' id='word_1_280' title='bbox 594 3260 678 3310; x_wconf 86' lang='lat' dir='ltr'>genus</span> <span class='ocrx_word' id='word_1_281' title='bbox 692 3244 759 3295; x_wconf 88' lang='lat' dir='ltr'>haec</span> 
     </span>
     <span class='ocr_line' id='line_1_37' title="bbox 216 3309 758 3378; baseline 0.007 -18"><span class='ocrx_word' id='word_1_282' title='bbox 216 3309 303 3361; x_wconf 85' lang='lat' dir='ltr'>relata</span> <span class='ocrx_word' id='word_1_283' title='bbox 322 3311 395 3374; x_wconf 86' lang='lat' dir='ltr'>vult,</span> <span class='ocrx_word' id='word_1_284' title='bbox 423 3313 494 3378; x_wconf 90' lang='lat' dir='ltr'>quod</span> <span class='ocrx_word' id='word_1_285' title='bbox 518 3313 628 3364; x_wconf 86' lang='lat' dir='ltr'>deornm</span> <span class='ocrx_word' id='word_1_286' title='bbox 651 3313 758 3378; x_wconf 88' lang='lat' dir='ltr'>quidem</span> 
     </span>
     <span class='ocr_line' id='line_1_38' title="bbox 215 3379 758 3444; baseline 0.006 -15"><span class='ocrx_word' id='word_1_287' title='bbox 215 3395 312 3430; x_wconf 88' lang='lat' dir='ltr'>nomeu</span> <span class='ocrx_word' id='word_1_288' title='bbox 330 3379 444 3444; x_wconf 85' lang='lat' dir='ltr'>babeat,</span> <span class='ocrx_word' id='word_1_289' title='bbox 463 3397 559 3434; x_wconf 84' lang='lat' dir='ltr'>revera</span> <span class='ocrx_word' id='word_1_290' title='bbox 576 3389 667 3434; x_wconf 88' lang='lat' dir='ltr'>autem</span> <span class='ocrx_word' id='word_1_291' title='bbox 685 3399 702 3434; x_wconf 84' lang='lat' dir='ltr'>a</span> <span class='ocrx_word' id='word_1_292' title='bbox 714 3399 758 3432; x_wconf 85' lang='lat' dir='ltr'>sa-</span> 
     </span>
     <span class='ocr_line' id='line_1_39' title="bbox 215 3449 758 3516; baseline 0.006 -17"><span class='ocrx_word' id='word_1_293' title='bbox 215 3449 370 3500; x_wconf 88' lang='lat' dir='ltr'>cerdotibus</span> <span class='ocrx_word' id='word_1_294' title='bbox 395 3449 612 3516; x_wconf 84' lang='lat' dir='ltr'>administretur,</span> <span class='ocrx_word' id='word_1_295' title='bbox 636 3451 758 3502; x_wconf 87' lang='lat' dir='ltr'>theocra-</span> 
     </span>
     <span class='ocr_line' id='line_1_40' title="bbox 213 3519 758 3586; baseline 0.007 -18"><span class='ocrx_word' id='word_1_296' title='bbox 213 3519 299 3570; x_wconf 91' lang='lat' dir='ltr'>ticum</span> <span class='ocrx_word' id='word_1_297' title='bbox 316 3519 398 3586; x_wconf 85' lang='lat' dir='ltr'>vulgo</span> <span class='ocrx_word' id='word_1_298' title='bbox 418 3521 566 3586; x_wconf 84' lang='lat' dir='ltr'>appellant.</span> <span class='ocrx_word' id='word_1_299' title='bbox 601 3521 695 3586; x_wconf 88' lang='lat' dir='ltr'>Neque</span> <span class='ocrx_word' id='word_1_300' title='bbox 709 3521 758 3572; x_wconf 88' lang='lat' dir='ltr'>eli-</span> 
     </span>
     <span class='ocr_line' id='line_1_41' title="bbox 214 3588 758 3642; baseline 0.004 -3"><span class='ocrx_word' id='word_1_301' title='bbox 214 3593 255 3639; x_wconf 91' lang='lat' dir='ltr'>ter</span> <span class='ocrx_word' id='word_1_302' title='bbox 268 3588 374 3640; x_wconf 88' lang='lat' dir='ltr'>iudicat</span> <span class='ocrx_word' id='word_1_303' title='bbox 388 3589 551 3640; x_wconf 88' lang='lat' dir='ltr'>Wilkiueou.</span> <span class='ocrx_word' id='word_1_304' title='bbox 562 3591 689 3640; x_wconf 86' lang='lat' dir='ltr'>Manners</span> <span class='ocrx_word' id='word_1_305' title='bbox 704 3595 758 3642; x_wconf 89' lang='lat' dir='ltr'>etc.</span> 
     </span>
     <span class='ocr_line' id='line_1_42' title="bbox 213 3659 757 3725; baseline 0 -15"><span class='ocrx_word' id='word_1_306' title='bbox 213 3675 268 3710; x_wconf 88' lang='lat' dir='ltr'>sec.</span> <span class='ocrx_word' id='word_1_307' title='bbox 282 3674 333 3709; x_wconf 90' lang='lat' dir='ltr'>ser.</span> <span class='ocrx_word' id='word_1_308' title='bbox 346 3659 368 3710; x_wconf 89' lang='lat'>1.</span> <span class='ocrx_word' id='word_1_309' title='bbox 380 3659 474 3723; x_wconf 69' lang='lat' dir='ltr'>ploti,</span> <span class='ocrx_word' id='word_1_310' title='bbox 490 3661 607 3725; x_wconf 85' lang='lat' dir='ltr'>itemque</span> <span class='ocrx_word' id='word_1_311' title='bbox 617 3659 757 3724; x_wconf 83' lang='lat' dir='ltr'>Rusellini,</span> 
     </span>
     <span class='ocr_line' id='line_1_43' title="bbox 213 3729 757 3782; baseline 0.006 -3"><span class='ocrx_word' id='word_1_312' title='bbox 213 3729 292 3779; x_wconf 90' lang='lat' dir='ltr'>cuius</span> <span class='ocrx_word' id='word_1_313' title='bbox 323 3729 486 3778; x_wconf 86' lang='lat' dir='ltr'>sententium</span> <span class='ocrx_word' id='word_1_314' title='bbox 514 3745 577 3780; x_wconf 88' lang='lat' dir='ltr'>mox</span> <span class='ocrx_word' id='word_1_315' title='bbox 604 3729 757 3782; x_wconf 82' lang='lat' dir='ltr'>afferemus.</span> 
     </span>
    </p>
   </div>
   <div class='ocr_carea' id='block_1_8' title="bbox 808 2069 1363 3803">
    <p class='ocr_par' dir='ltr' id='par_1_8' title="bbox 808 2069 1363 3803">
     <span class='ocr_line' id='line_1_44' title="bbox 814 2069 1363 2136; baseline 0.005 -17"><span class='ocrx_word' id='word_1_316' title='bbox 814 2070 910 2120; x_wconf 87' lang='lat' dir='ltr'>tiorem</span> <span class='ocrx_word' id='word_1_317' title='bbox 929 2069 1034 2120; x_wconf 89' lang='lat' dir='ltr'>iudicat</span> <span class='ocrx_word' id='word_1_318' title='bbox 1054 2069 1178 2122; x_wconf 83' lang='lat' dir='ltr'>alteram.</span> <span class='ocrx_word' id='word_1_319' title='bbox 1224 2070 1363 2136; x_wconf 85' lang='lat' dir='ltr'>Simplici-</span> 
     </span>
     <span class='ocr_line' id='line_1_45' title="bbox 814 2138 1361 2206; baseline 0.007 -18"><span class='ocrx_word' id='word_1_320' title='bbox 814 2143 856 2188; x_wconf 89' lang='lat' dir='ltr'>ter</span> <span class='ocrx_word' id='word_1_321' title='bbox 866 2141 971 2204; x_wconf 89' lang='lat' dir='ltr'>accepit</span> <span class='ocrx_word' id='word_1_322' title='bbox 978 2138 1119 2190; x_wconf 86' lang='lat' dir='ltr'>iablonski</span> <span class='ocrx_word' id='word_1_323' title='bbox 1129 2139 1250 2206; x_wconf 87' lang='lat' dir='ltr'>prolegg.</span> <span class='ocrx_word' id='word_1_324' title='bbox 1257 2141 1361 2192; x_wconf 84' lang='lat' dir='ltr'>Pautb.</span> 
     </span>
     <span class='ocr_line' id='line_1_46' title="bbox 813 2209 1361 2275; baseline 0.005 -17"><span class='ocrx_word' id='word_1_325' title='bbox 813 2224 840 2272; x_wconf 94' lang='lat' dir='ltr'>p.</span> <span class='ocrx_word' id='word_1_326' title='bbox 861 2209 904 2259; x_wconf 80' lang='grc'>39.</span> <span class='ocrx_word' id='word_1_327' title='bbox 923 2210 971 2260; x_wconf 80' lang='lat'>41:</span> <span class='ocrx_word' id='word_1_328' title='bbox 996 2209 1120 2275; x_wconf 87' lang='lat' dir='ltr'>quicum</span> <span class='ocrx_word' id='word_1_329' title='bbox 1139 2209 1293 2260; x_wconf 88' lang='lat' dir='ltr'>bominibus</span> <span class='ocrx_word' id='word_1_330' title='bbox 1309 2227 1361 2261; x_wconf 82' lang='lat' dir='ltr'>neu</span> 
     </span>
     <span class='ocr_line' id='line_1_47' title="bbox 813 2279 1361 2346; baseline 0.005 -19"><span class='ocrx_word' id='word_1_331' title='bbox 813 2294 862 2327; x_wconf 81' lang='lat' dir='ltr'>unu</span> <span class='ocrx_word' id='word_1_332' title='bbox 882 2282 1001 2331; x_wconf 72' lang='lat' dir='ltr'>uiuerint.</span> <span class='ocrx_word' id='word_1_333' title='bbox 1035 2279 1111 2340; x_wconf 82' lang='lat' dir='ltr'>Quae</span> <span class='ocrx_word' id='word_1_334' title='bbox 1124 2281 1261 2330; x_wconf 88' lang='lat' dir='ltr'>sententia</span> <span class='ocrx_word' id='word_1_335' title='bbox 1276 2295 1361 2346; x_wconf 87' lang='lat' dir='ltr'>quarn</span> 
     </span>
     <span class='ocr_line' id='line_1_48' title="bbox 815 2346 1362 2413; baseline 0.004 -15"><span class='ocrx_word' id='word_1_336' title='bbox 815 2346 1005 2398; x_wconf 81' lang='lat' dir='ltr'>difficultatem</span> <span class='ocrx_word' id='word_1_337' title='bbox 1018 2349 1116 2413; x_wconf 82' lang='lat' dir='ltr'>pariat,</span> <span class='ocrx_word' id='word_1_338' title='bbox 1134 2351 1362 2400; x_wconf 78' lang='lat' dir='ltr'>commonstravit</span> 
     </span>
     <span class='ocr_line' id='line_1_49' title="bbox 815 2416 1360 2483; baseline 0.004 -17"><span class='ocrx_word' id='word_1_339' title='bbox 815 2416 1011 2482; x_wconf 84' lang='lat' dir='ltr'>Wesselingiue</span> <span class='ocrx_word' id='word_1_340' title='bbox 1026 2417 1060 2468; x_wconf 83' lang='lat' dir='ltr'>ad</span> <span class='ocrx_word' id='word_1_341' title='bbox 1073 2422 1194 2468; x_wconf 91' lang='lat' dir='ltr'>nostrum</span> <span class='ocrx_word' id='word_1_342' title='bbox 1207 2418 1306 2482; x_wconf 89' lang='lat' dir='ltr'>locum,</span> <span class='ocrx_word' id='word_1_343' title='bbox 1320 2425 1360 2483; x_wconf 84' lang='lat' dir='ltr'>et,</span> 
     </span>
     <span class='ocr_line' id='line_1_50' title="bbox 814 2486 1359 2550; baseline 0.006 -14"><span class='ocrx_word' id='word_1_344' title='bbox 814 2491 845 2536; x_wconf 90' lang='lat' dir='ltr'>ut</span> <span class='ocrx_word' id='word_1_345' title='bbox 872 2486 923 2537; x_wconf 93' lang='lat' dir='ltr'>boc</span> <span class='ocrx_word' id='word_1_346' title='bbox 950 2487 1008 2550; x_wconf 91' lang='lat' dir='ltr'>ipse</span> <span class='ocrx_word' id='word_1_347' title='bbox 1029 2488 1111 2537; x_wconf 87' lang='lat' dir='ltr'>etiam</span> <span class='ocrx_word' id='word_1_348' title='bbox 1135 2487 1247 2550; x_wconf 77' lang='lat' dir='ltr'>addam,</span> <span class='ocrx_word' id='word_1_349' title='bbox 1277 2505 1359 2540; x_wconf 90' lang='lat' dir='ltr'>uerno</span> 
     </span>
     <span class='ocr_line' id='line_1_51' title="bbox 812 2556 1360 2624; baseline 0.009 -20"><span class='ocrx_word' id='word_1_350' title='bbox 812 2556 915 2617; x_wconf 82' lang='lat' dir='ltr'>nescit,</span> <span class='ocrx_word' id='word_1_351' title='bbox 940 2556 1065 2618; x_wconf 86' lang='lat' dir='ltr'>Thebas,</span> <span class='ocrx_word' id='word_1_352' title='bbox 1089 2557 1213 2622; x_wconf 80' lang='lat' dir='ltr'>Abydum</span> <span class='ocrx_word' id='word_1_353' title='bbox 1232 2557 1360 2624; x_wconf 83' lang='lat' dir='ltr'>aliaeque</span> 
     </span>
     <span class='ocr_line' id='line_1_52' title="bbox 813 2625 1360 2690; baseline 0.009 -16"><span class='ocrx_word' id='word_1_354' title='bbox 813 2625 963 2690; x_wconf 81' lang='lat' dir='ltr'>Aegyptias</span> <span class='ocrx_word' id='word_1_355' title='bbox 992 2625 1073 2676; x_wconf 89' lang='lat' dir='ltr'>urbes</span> <span class='ocrx_word' id='word_1_356' title='bbox 1099 2627 1224 2678; x_wconf 89' lang='lat' dir='ltr'>conditas</span> <span class='ocrx_word' id='word_1_357' title='bbox 1249 2628 1313 2677; x_wconf 85' lang='lat' dir='ltr'>serui</span> <span class='ocrx_word' id='word_1_358' title='bbox 1340 2645 1360 2679; x_wconf 81' lang='lat' dir='ltr'>a</span> 
     </span>
     <span class='ocr_line' id='line_1_53' title="bbox 813 2687 1359 2760; baseline 0.007 -18"><span class='ocrx_word' id='word_1_359' title='bbox 813 2694 875 2745; x_wconf 84' lang='lat' dir='ltr'>diis.</span> <span class='ocrx_word' id='word_1_360' title='bbox 912 2694 966 2746; x_wconf 85' lang='lat' dir='ltr'>Sed</span> <span class='ocrx_word' id='word_1_361' title='bbox 984 2695 1048 2760; x_wconf 87' lang='lat' dir='ltr'>quid</span> <span class='ocrx_word' id='word_1_362' title='bbox 1067 2695 1091 2744; x_wconf 85' lang='lat' dir='ltr'>si</span> <span class='ocrx_word' id='word_1_363' title='bbox 1109 2687 1183 2745; x_wconf 80' lang='grc' dir='ltr'><strong><em>εἷναι</em></strong></span> <span class='ocrx_word' id='word_1_364' title='bbox 1205 2687 1264 2760; x_wconf 73' lang='grc' dir='ltr'>ἅμα</span> <span class='ocrx_word' id='word_1_365' title='bbox 1281 2699 1359 2747; x_wconf 76' lang='grc' dir='ltr'><strong><em>τοῖσι</em></strong></span> 
     </span>
     <span class='ocr_line' id='line_1_54' title="bbox 812 2755 1358 2832; baseline 0.011 -21"><span class='ocrx_word' id='word_1_366' title='bbox 812 2755 996 2826; x_wconf 78' lang='grc' dir='ltr'><strong><em>ἀνθρώποισι</em></strong></span> <span class='ocrx_word' id='word_1_367' title='bbox 1022 2764 1048 2815; x_wconf 93' lang='lat' dir='ltr'>h.</span> <span class='ocrx_word' id='word_1_368' title='bbox 1067 2764 1086 2815; x_wconf 92' lang='lat' dir='ltr'>l.</span> <span class='ocrx_word' id='word_1_369' title='bbox 1110 2781 1169 2816; x_wconf 86' lang='lat' dir='ltr'>eam</span> <span class='ocrx_word' id='word_1_370' title='bbox 1191 2771 1358 2832; x_wconf 83' lang='lat' dir='ltr'>potestatem</span> 
     </span>
     <span class='ocr_line' id='line_1_55' title="bbox 811 2826 1357 2900; baseline 0.004 -18"><span class='ocrx_word' id='word_1_371' title='bbox 811 2832 927 2894; x_wconf 84' lang='lat' dir='ltr'>habeat,</span> <span class='ocrx_word' id='word_1_372' title='bbox 945 2849 1026 2898; x_wconf 88' lang='lat' dir='ltr'>quam</span> <span class='ocrx_word' id='word_1_373' title='bbox 1044 2833 1110 2884; x_wconf 88' lang='lat' dir='ltr'>alibi</span> <span class='ocrx_word' id='word_1_374' title='bbox 1129 2833 1273 2900; x_wconf 74' lang='grc' dir='ltr'>συμμῖξαι,</span> <span class='ocrx_word' id='word_1_375' title='bbox 1291 2826 1357 2900; x_wconf 83' lang='grc' dir='ltr'>ὁμι-</span> 
     </span>
     <span class='ocr_line' id='line_1_56' title="bbox 811 2896 1357 2967; baseline 0.011 -17"><span class='ocrx_word' id='word_1_376' title='bbox 811 2901 885 2964; x_wconf 80' lang='grc' dir='ltr'><strong><em>λεῖν,</em></strong></span> <span class='ocrx_word' id='word_1_377' title='bbox 902 2896 1101 2967; x_wconf 74' lang='lat' dir='ltr'>druidysudou?</span> <span class='ocrx_word' id='word_1_378' title='bbox 1137 2905 1213 2967; x_wconf 83' lang='lat' dir='ltr'>Quae</span> <span class='ocrx_word' id='word_1_379' title='bbox 1225 2905 1310 2955; x_wconf 77' lang='lat' dir='ltr'>rerba</span> <span class='ocrx_word' id='word_1_380' title='bbox 1321 2905 1357 2956; x_wconf 93' lang='lat' dir='ltr'>de</span> 
     </span>
     <span class='ocr_line' id='line_1_57' title="bbox 811 2971 1358 3038; baseline 0.007 -18"><span class='ocrx_word' id='word_1_381' title='bbox 811 2971 891 3022; x_wconf 90' lang='lat' dir='ltr'>rebus</span> <span class='ocrx_word' id='word_1_382' title='bbox 910 2974 1032 3024; x_wconf 80' lang='lat' dir='ltr'>venereis</span> <span class='ocrx_word' id='word_1_383' title='bbox 1045 2975 1171 3038; x_wconf 87' lang='lat' dir='ltr'>usurpari</span> <span class='ocrx_word' id='word_1_384' title='bbox 1189 2973 1358 3025; x_wconf 89' lang='lat' dir='ltr'>docuitVal-</span> 
     </span>
     <span class='ocr_line' id='line_1_58' title="bbox 811 3041 1356 3108; baseline 0.011 -18"><span class='ocrx_word' id='word_1_385' title='bbox 811 3041 954 3091; x_wconf 87' lang='lat' dir='ltr'>clreuariue</span> <span class='ocrx_word' id='word_1_386' title='bbox 977 3041 1011 3092; x_wconf 90' lang='lat' dir='ltr'>ad</span> <span class='ocrx_word' id='word_1_387' title='bbox 1032 3043 1251 3108; x_wconf 64' lang='lat' dir='ltr'>recurrimus.</span> <span class='ocrx_word' id='word_1_388' title='bbox 1292 3045 1356 3096; x_wconf 85' lang='lat' dir='ltr'>Hoc</span> 
     </span>
     <span class='ocr_line' id='line_1_59' title="bbox 811 3103 1358 3188; baseline 0.005 -29"><span class='ocrx_word' id='word_1_389' title='bbox 811 3109 835 3159; x_wconf 89' lang='lat' dir='ltr'>si</span> <span class='ocrx_word' id='word_1_390' title='bbox 850 3110 993 3188; x_wconf 64' lang='lat' dir='ltr'>admittas,</span> <span class='ocrx_word' id='word_1_391' title='bbox 1018 3111 1069 3163; x_wconf 90' lang='lat' dir='ltr'>hoc</span> <span class='ocrx_word' id='word_1_392' title='bbox 1086 3113 1189 3177; x_wconf 71' lang='lat' dir='ltr'>ipsumr</span> <span class='ocrx_word' id='word_1_393' title='bbox 1217 3105 1270 3162; x_wconf 77' lang='lat' dir='ltr'>oda</span> <span class='ocrx_word' id='word_1_394' title='bbox 1293 3103 1358 3162; x_wconf 71' lang='grc' dir='ltr'><strong><em>ἐόν-</em></strong></span> 
     </span>
     <span class='ocr_line' id='line_1_60' title="bbox 809 3181 1357 3248; baseline 0.013 -21"><span class='ocrx_word' id='word_1_395' title='bbox 809 3193 859 3236; x_wconf 80' lang='grc' dir='ltr'>τας</span> <span class='ocrx_word' id='word_1_396' title='bbox 877 3194 936 3242; x_wconf 89' lang='grc' dir='ltr'>αμα</span> <span class='ocrx_word' id='word_1_397' title='bbox 952 3195 978 3230; x_wconf 77' lang='grc' dir='ltr'>κ.</span> <span class='ocrx_word' id='word_1_398' title='bbox 999 3195 1023 3228; x_wconf 90' lang='grc' dir='ltr'>τ.</span> <span class='ocrx_word' id='word_1_399' title='bbox 1044 3181 1067 3230; x_wconf 82' lang='grc'>1.</span> <span class='ocrx_word' id='word_1_400' title='bbox 1094 3182 1164 3232; x_wconf 86' lang='lat' dir='ltr'>idem</span> <span class='ocrx_word' id='word_1_401' title='bbox 1183 3183 1254 3234; x_wconf 79' lang='lat' dir='ltr'>foret</span> <span class='ocrx_word' id='word_1_402' title='bbox 1271 3187 1357 3248; x_wconf 81' lang='lat' dir='ltr'>utque</span> 
     </span>
     <span class='ocr_line' id='line_1_61' title="bbox 810 3241 1357 3316; baseline 0.005 -19"><span class='ocrx_word' id='word_1_403' title='bbox 810 3249 933 3313; x_wconf 86' lang='lat' dir='ltr'>superius</span> <span class='ocrx_word' id='word_1_404' title='bbox 956 3249 1028 3300; x_wconf 79' lang='lat' dir='ltr'>fere:</span> <span class='ocrx_word' id='word_1_405' title='bbox 1056 3241 1090 3300; x_wconf 82' lang='grc' dir='ltr'>οὐ</span> <span class='ocrx_word' id='word_1_406' title='bbox 1115 3243 1265 3314; x_wconf 75' lang='grc' dir='ltr'><strong><em>δεκόμενοι</em></strong></span> <span class='ocrx_word' id='word_1_407' title='bbox 1282 3245 1357 3316; x_wconf 83' lang='grc' dir='ltr'><strong><em>παρ’</em></strong></span> 
     </span>
     <span class='ocr_line' id='line_1_62' title="bbox 809 3309 1357 3384; baseline 0.007 -18"><span class='ocrx_word' id='word_1_408' title='bbox 809 3313 912 3378; x_wconf 70' lang='grc' dir='ltr'><strong><em>αὐτοῦ,</em></strong></span> <span class='ocrx_word' id='word_1_409' title='bbox 930 3309 988 3368; x_wconf 84' lang='grc' dir='ltr'>ἀπὸ</span> <span class='ocrx_word' id='word_1_410' title='bbox 1007 3317 1082 3368; x_wconf 76' lang='grc' dir='ltr'>θεοῦ</span> <span class='ocrx_word' id='word_1_411' title='bbox 1093 3318 1228 3384; x_wconf 73' lang='grc' dir='ltr'><strong><em>γενέσθαι</em></strong></span> <span class='ocrx_word' id='word_1_412' title='bbox 1238 3311 1357 3384; x_wconf 77' lang='grc' dir='ltr'><strong><em>ἀνθρω-</em></strong></span> 
     </span>
     <span class='ocr_line' id='line_1_63' title="bbox 808 3388 1356 3455; baseline 0.011 -20"><span class='ocrx_word' id='word_1_413' title='bbox 808 3401 874 3436; x_wconf 89' lang='grc' dir='ltr'>πον.</span> <span class='ocrx_word' id='word_1_414' title='bbox 887 3413 921 3422; x_wconf 92' lang='grc'><strong>-</strong></span> <span class='ocrx_word' id='word_1_415' title='bbox 939 3388 1130 3440; x_wconf 89' lang='lat' dir='ltr'>Verumtamen</span> <span class='ocrx_word' id='word_1_416' title='bbox 1146 3391 1198 3455; x_wconf 92' lang='lat' dir='ltr'>ipsi</span> <span class='ocrx_word' id='word_1_417' title='bbox 1213 3391 1356 3442; x_wconf 87' lang='lat' dir='ltr'>Herodoto</span> 
     </span>
     <span class='ocr_line' id='line_1_64' title="bbox 808 3455 1355 3522; baseline 0.011 -18"><span class='ocrx_word' id='word_1_418' title='bbox 808 3455 963 3522; x_wconf 78' lang='lat' dir='ltr'>refragatur</span> <span class='ocrx_word' id='word_1_419' title='bbox 981 3458 1178 3522; x_wconf 87' lang='lat' dir='ltr'>quodammodo</span> <span class='ocrx_word' id='word_1_420' title='bbox 1189 3459 1355 3510; x_wconf 84' lang='lat' dir='ltr'>Plutarchus</span> 
     </span>
     <span class='ocr_line' id='line_1_65' title="bbox 808 3525 1354 3596; baseline 0.011 -21"><span class='ocrx_word' id='word_1_421' title='bbox 808 3526 836 3575; x_wconf 92' lang='lat' dir='ltr'>iu</span> <span class='ocrx_word' id='word_1_422' title='bbox 847 3525 957 3590; x_wconf 80' lang='lat' dir='ltr'>Sympp.</span> <span class='ocrx_word' id='word_1_423' title='bbox 966 3527 1043 3578; x_wconf 87' lang='lat' dir='ltr'>v111.</span> <span class='ocrx_word' id='word_1_424' title='bbox 1057 3543 1175 3592; x_wconf 86' lang='lat' dir='ltr'>prooem.</span> <span class='ocrx_word' id='word_1_425' title='bbox 1188 3530 1311 3596; x_wconf 77' lang='lat' dir='ltr'>pag-718</span> <span class='ocrx_word' id='word_1_426' title='bbox 1328 3546 1354 3581; x_wconf 92' lang='lat' dir='ltr'>s.</span> 
     </span>
     <span class='ocr_line' id='line_1_66' title="bbox 808 3593 1355 3660; baseline 0.009 -14"><span class='ocrx_word' id='word_1_427' title='bbox 808 3593 860 3646; x_wconf 82' lang='lat'>960</span> <span class='ocrx_word' id='word_1_428' title='bbox 873 3596 1085 3660; x_wconf 82' lang='lat' dir='ltr'>Wyttenbecb.“</span> <span class='ocrx_word' id='word_1_429' title='bbox 1105 3598 1232 3650; x_wconf 84' lang='lat' dir='ltr'>Creueer.</span> <span class='ocrx_word' id='word_1_430' title='bbox 1249 3599 1355 3651; x_wconf 86' lang='lat' dir='ltr'>Comm.</span> 
     </span>
     <span class='ocr_line' id='line_1_67' title="bbox 808 3663 1354 3730; baseline 0.011 -16"><span class='ocrx_word' id='word_1_431' title='bbox 808 3663 929 3714; x_wconf 85' lang='lat' dir='ltr'>Herodd.</span> <span class='ocrx_word' id='word_1_432' title='bbox 957 3681 983 3730; x_wconf 93' lang='lat' dir='ltr'>p.</span> <span class='ocrx_word' id='word_1_433' title='bbox 1012 3665 1072 3718; x_wconf 77' lang='lat'>203.</span> <span class='ocrx_word' id='word_1_434' title='bbox 1097 3669 1158 3720; x_wconf 77' lang='grc'><strong>204.</strong></span> <span class='ocrx_word' id='word_1_435' title='bbox 1201 3668 1255 3720; x_wconf 83' lang='lat' dir='ltr'>Sed</span> <span class='ocrx_word' id='word_1_436' title='bbox 1279 3670 1354 3720; x_wconf 83' lang='lat' dir='ltr'>conf.</span> 
     </span>
     <span class='ocr_line' id='line_1_68' title="bbox 808 3734 1355 3803; baseline 0.015 -21"><span class='ocrx_word' id='word_1_437' title='bbox 808 3748 880 3784; x_wconf 91' lang='lat' dir='ltr'>nunc</span> <span class='ocrx_word' id='word_1_438' title='bbox 902 3734 1015 3786; x_wconf 82' lang='lat' dir='ltr'>eundem</span> <span class='ocrx_word' id='word_1_439' title='bbox 1040 3735 1068 3786; x_wconf 91' lang='lat' dir='ltr'>in</span> <span class='ocrx_word' id='word_1_440' title='bbox 1091 3737 1212 3803; x_wconf 81' lang='lat' dir='ltr'>Symbol.</span> <span class='ocrx_word' id='word_1_441' title='bbox 1236 3739 1260 3789; x_wconf 89' lang='lat'>1.</span> <span class='ocrx_word' id='word_1_442' title='bbox 1284 3754 1311 3802; x_wconf 86' lang='lat' dir='ltr'>p.</span> <span class='ocrx_word' id='word_1_443' title='bbox 1335 3739 1355 3790; x_wconf 85' lang='grc'>6</span> 
     </span>
    </p>
   </div>
   <div class='ocr_carea' id='block_1_9' title="bbox 207 3797 1355 4428">
    <p class='ocr_par' dir='ltr' id='par_1_9' title="bbox 207 3797 1355 4428">
     <span class='ocr_line' id='line_1_69' title="bbox 212 3797 1355 3864; baseline 0.007 -16"><span class='ocrx_word' id='word_1_444' title='bbox 212 3797 346 3862; x_wconf 78' lang='lat' dir='ltr'>Equidem</span> <span class='ocrx_word' id='word_1_445' title='bbox 365 3798 550 3849; x_wconf 83' lang='lat' dir='ltr'>hnecadeem</span> <span class='ocrx_word' id='word_1_446' title='bbox 563 3799 757 3864; x_wconf 83' lang='lat' dir='ltr'>Aegyptiorum</span> <span class='ocrx_word' id='word_1_447' title='bbox 808 3802 851 3852; x_wconf 87' lang='lat' dir='ltr'>ed.</span> <span class='ocrx_word' id='word_1_448' title='bbox 872 3807 934 3854; x_wconf 87' lang='lat' dir='ltr'>tert.</span> <span class='ocrx_word' id='word_1_449' title='bbox 972 3805 1014 3856; x_wconf 77' lang='lat' dir='ltr'>Ad</span> <span class='ocrx_word' id='word_1_450' title='bbox 1030 3805 1172 3857; x_wconf 89' lang='lat' dir='ltr'>lectionem</span> <span class='ocrx_word' id='word_1_451' title='bbox 1186 3797 1239 3856; x_wconf 78' lang='grc' dir='ltr'>οὖν</span> <span class='ocrx_word' id='word_1_452' title='bbox 1253 3797 1355 3864; x_wconf 77' lang='grc' dir='ltr'><strong><em>ἐόντας</em></strong></span> 
     </span>
     <span class='ocr_line' id='line_1_70' title="bbox 213 3865 1353 3941; baseline 0.009 -25"><span class='ocrx_word' id='word_1_453' title='bbox 213 3865 364 3917; x_wconf 85' lang='lat' dir='ltr'>doctrinam</span> <span class='ocrx_word' id='word_1_454' title='bbox 382 3867 486 3928; x_wconf 81' lang='lat' dir='ltr'>refero,</span> <span class='ocrx_word' id='word_1_455' title='bbox 506 3867 539 3918; x_wconf 90' lang='lat' dir='ltr'>de</span> <span class='ocrx_word' id='word_1_456' title='bbox 558 3873 614 3934; x_wconf 91' lang='lat' dir='ltr'>qua&#39;</span> <span class='ocrx_word' id='word_1_457' title='bbox 631 3869 756 3921; x_wconf 81' lang='lat' dir='ltr'>Creuuer.</span> <span class='ocrx_word' id='word_1_458' title='bbox 807 3871 879 3922; x_wconf 87' lang='lat' dir='ltr'>redit</span> <span class='ocrx_word' id='word_1_459' title='bbox 897 3874 1029 3926; x_wconf 82' lang='lat' dir='ltr'>ltoeelliui</span> <span class='ocrx_word' id='word_1_460' title='bbox 1045 3877 1120 3926; x_wconf 83' lang='lat' dir='ltr'>Mon.</span> <span class='ocrx_word' id='word_1_461' title='bbox 1140 3881 1207 3927; x_wconf 89' lang='lat' dir='ltr'>stur.</span> <span class='ocrx_word' id='word_1_462' title='bbox 1223 3877 1245 3929; x_wconf 93' lang='lat'>1.</span> <span class='ocrx_word' id='word_1_463' title='bbox 1264 3893 1292 3941; x_wconf 90' lang='lat' dir='ltr'>p.</span> <span class='ocrx_word' id='word_1_464' title='bbox 1307 3877 1353 3939; x_wconf 88' lang='grc'>71,</span> 
     </span>
     <span class='ocr_line' id='line_1_71' title="bbox 213 3935 1355 4009; baseline 0.01 -24"><span class='ocrx_word' id='word_1_465' title='bbox 213 3937 338 4001; x_wconf 86' lang='lat' dir='ltr'>exposuit</span> <span class='ocrx_word' id='word_1_466' title='bbox 363 3935 398 3985; x_wconf 87' lang='lat' dir='ltr'>ad</span> <span class='ocrx_word' id='word_1_467' title='bbox 421 3937 523 3988; x_wconf 88' lang='lat' dir='ltr'>Herod.</span> <span class='ocrx_word' id='word_1_468' title='bbox 546 3937 589 4000; x_wconf 91' lang='lat'>11,</span> <span class='ocrx_word' id='word_1_469' title='bbox 615 3939 673 3989; x_wconf 84' lang='grc'><strong>115.</strong></span> <span class='ocrx_word' id='word_1_470' title='bbox 714 3939 756 3989; x_wconf 78' lang='lat' dir='ltr'>Ad</span> <span class='ocrx_word' id='word_1_471' title='bbox 807 3955 887 4006; x_wconf 84' lang='lat' dir='ltr'>quern</span> <span class='ocrx_word' id='word_1_472' title='bbox 911 3943 953 3994; x_wconf 86' lang='lat' dir='ltr'>ita</span> <span class='ocrx_word' id='word_1_473' title='bbox 972 3945 1087 4009; x_wconf 85' lang='lat' dir='ltr'>accipit:</span> <span class='ocrx_word' id='word_1_474' title='bbox 1112 3961 1186 4008; x_wconf 85' lang='lat' dir='ltr'>„uon</span> <span class='ocrx_word' id='word_1_475' title='bbox 1205 3947 1355 3996; x_wconf 89' lang='lat' dir='ltr'>communi-</span> 
     </span>
     <span class='ocr_line' id='line_1_72' title="bbox 212 4004 1354 4080; baseline 0.011 -26"><span class='ocrx_word' id='word_1_476' title='bbox 212 4004 343 4056; x_wconf 83' lang='lat' dir='ltr'>historiae</span> <span class='ocrx_word' id='word_1_477' title='bbox 366 4005 446 4055; x_wconf 84' lang='lat' dir='ltr'>fidem</span> <span class='ocrx_word' id='word_1_478' title='bbox 465 4011 618 4073; x_wconf 86' lang='lat' dir='ltr'>certamque</span> <span class='ocrx_word' id='word_1_479' title='bbox 634 4011 755 4058; x_wconf 85' lang='lat' dir='ltr'>aetatum</span> <span class='ocrx_word' id='word_1_480' title='bbox 807 4012 882 4062; x_wconf 81' lang='lat' dir='ltr'>cunti</span> <span class='ocrx_word' id='word_1_481' title='bbox 904 4013 977 4078; x_wconf 86' lang='lat' dir='ltr'>cogli</span> <span class='ocrx_word' id='word_1_482' title='bbox 1003 4013 1125 4064; x_wconf 83' lang='lat' dir='ltr'>nomini“</span> <span class='ocrx_word' id='word_1_483' title='bbox 1159 4031 1218 4066; x_wconf 90' lang='lat' dir='ltr'>eum</span> <span class='ocrx_word' id='word_1_484' title='bbox 1246 4016 1354 4080; x_wconf 86' lang='lat' dir='ltr'>imperii</span> 
     </span>
     <span class='ocr_line' id='line_1_73' title="bbox 211 4073 1354 4150; baseline 0.014 -29"><span class='ocrx_word' id='word_1_485' title='bbox 211 4073 307 4124; x_wconf 86' lang='lat' dir='ltr'>seriem</span> <span class='ocrx_word' id='word_1_486' title='bbox 320 4075 540 4126; x_wconf 86' lang='lat' dir='ltr'>constituendam</span> <span class='ocrx_word' id='word_1_487' title='bbox 551 4077 597 4126; x_wconf 82' lang='lat' dir='ltr'>vix</span> <span class='ocrx_word' id='word_1_488' title='bbox 607 4077 753 4144; x_wconf 87' lang='lat' dir='ltr'>quidquam</span> <span class='ocrx_word' id='word_1_489' title='bbox 806 4079 968 4134; x_wconf 86' lang='lat' dir='ltr'>tbeocratici</span> <span class='ocrx_word' id='word_1_490' title='bbox 988 4082 1096 4134; x_wconf 89' lang='lat' dir='ltr'>modum</span> <span class='ocrx_word' id='word_1_491' title='bbox 1114 4083 1158 4134; x_wconf 90' lang='lat' dir='ltr'>bie</span> <span class='ocrx_word' id='word_1_492' title='bbox 1178 4085 1291 4150; x_wconf 83' lang='lat' dir='ltr'>exprimi</span> <span class='ocrx_word' id='word_1_493' title='bbox 1310 4101 1354 4136; x_wconf 89' lang='lat' dir='ltr'>ra-</span> 
     </span>
     <span class='ocr_line' id='line_1_74' title="bbox 209 4141 1353 4222; baseline 0.015 -33"><span class='ocrx_word' id='word_1_494' title='bbox 209 4141 277 4222; x_wconf 69' lang='lat' dir='ltr'>haec</span> <span class='ocrx_word' id='word_1_495' title='bbox 298 4143 390 4194; x_wconf 82' lang='lat' dir='ltr'>valere</span> <span class='ocrx_word' id='word_1_496' title='bbox 408 4159 489 4208; x_wconf 83' lang='lat' dir='ltr'>porse</span> <span class='ocrx_word' id='word_1_497' title='bbox 506 4146 596 4210; x_wconf 86' lang='lat' dir='ltr'>quivis</span> <span class='ocrx_word' id='word_1_498' title='bbox 614 4146 754 4214; x_wconf 89' lang='lat' dir='ltr'>iutelligit.</span> <span class='ocrx_word' id='word_1_499' title='bbox 807 4155 868 4214; x_wconf 85' lang='lat' dir='ltr'>tus,</span> <span class='ocrx_word' id='word_1_500' title='bbox 893 4151 920 4200; x_wconf 87' lang='lat' dir='ltr'>in</span> <span class='ocrx_word' id='word_1_501' title='bbox 938 4167 991 4216; x_wconf 93' lang='lat' dir='ltr'>qno</span> <span class='ocrx_word' id='word_1_502' title='bbox 1010 4153 1099 4217; x_wconf 91' lang='lat' dir='ltr'>ipsum</span> <span class='ocrx_word' id='word_1_503' title='bbox 1119 4153 1227 4218; x_wconf 87' lang='lat' dir='ltr'>quidem</span> <span class='ocrx_word' id='word_1_504' title='bbox 1252 4169 1353 4206; x_wconf 90' lang='lat' dir='ltr'>numen</span> 
     </span>
     <span class='ocr_line' id='line_1_75' title="bbox 208 4207 1352 4289; baseline 0.016 -31"><span class='ocrx_word' id='word_1_505' title='bbox 208 4237 244 4248; x_wconf 88' lang='lat'>—</span> <span class='ocrx_word' id='word_1_506' title='bbox 261 4209 492 4276; x_wconf 73' lang='grc' dir='ltr'>ἀπηλλαγμένους</span> <span class='ocrx_word' id='word_1_507' title='bbox 502 4213 560 4280; x_wconf 88' lang='lat' dir='ltr'>(pro</span> <span class='ocrx_word' id='word_1_508' title='bbox 570 4207 754 4282; x_wconf 69' lang='grc' dir='ltr'><strong><em>ἀπαλλανμὲ-</em></strong></span> <span class='ocrx_word' id='word_1_509' title='bbox 806 4221 923 4285; x_wconf 87' lang='lat' dir='ltr'>imagine</span> <span class='ocrx_word' id='word_1_510' title='bbox 946 4225 1054 4272; x_wconf 89' lang='lat' dir='ltr'>tautum</span> <span class='ocrx_word' id='word_1_511' title='bbox 1079 4229 1126 4274; x_wconf 87' lang='lat' dir='ltr'>snt</span> <span class='ocrx_word' id='word_1_512' title='bbox 1147 4223 1201 4274; x_wconf 89' lang='lat' dir='ltr'>alio</span> <span class='ocrx_word' id='word_1_513' title='bbox 1227 4223 1352 4289; x_wconf 82' lang='lat' dir='ltr'>symbolo</span> 
     </span>
     <span class='ocr_line' id='line_1_76' title="bbox 209 4278 1351 4358; baseline 0.016 -32"><span class='ocrx_word' id='word_1_514' title='bbox 209 4278 288 4345; x_wconf 83' lang='grc' dir='ltr'><strong><em>νους)</em></strong></span> <span class='ocrx_word' id='word_1_515' title='bbox 307 4278 439 4332; x_wconf 89' lang='lat' dir='ltr'>eduobus</span> <span class='ocrx_word' id='word_1_516' title='bbox 454 4283 534 4336; x_wconf 85' lang='lat' dir='ltr'>codd.</span> <span class='ocrx_word' id='word_1_517' title='bbox 548 4287 674 4350; x_wconf 87' lang='lat' dir='ltr'>reposui,</span> <span class='ocrx_word' id='word_1_518' title='bbox 693 4303 755 4353; x_wconf 89' lang='lat' dir='ltr'>pro·</span> <span class='ocrx_word' id='word_1_519' title='bbox 806 4289 973 4340; x_wconf 84' lang='lat' dir='ltr'>declaratum</span> <span class='ocrx_word' id='word_1_520' title='bbox 997 4297 1166 4356; x_wconf 80' lang='lat' dir='ltr'>compareat,</span> <span class='ocrx_word' id='word_1_521' title='bbox 1191 4309 1277 4343; x_wconf 89' lang='lat' dir='ltr'>rerum</span> <span class='ocrx_word' id='word_1_522' title='bbox 1302 4309 1351 4358; x_wconf 88' lang='lat' dir='ltr'>pu-</span> 
     </span>
     <span class='ocr_line' id='line_1_77' title="bbox 207 4347 1349 4428; baseline 0.015 -30"><span class='ocrx_word' id='word_1_523' title='bbox 207 4347 290 4402; x_wconf 87' lang='lat' dir='ltr'>bente</span> <span class='ocrx_word' id='word_1_524' title='bbox 309 4349 425 4402; x_wconf 84' lang='lat' dir='ltr'>Bredov.</span> <span class='ocrx_word' id='word_1_525' title='bbox 450 4367 477 4420; x_wconf 90' lang='lat' dir='ltr'>p.</span> <span class='ocrx_word' id='word_1_526' title='bbox 496 4353 561 4418; x_wconf 75' lang='lat'>²93,</span> <span class='ocrx_word' id='word_1_527' title='bbox 587 4371 665 4421; x_wconf 87' lang='lat' dir='ltr'>quern</span> <span class='ocrx_word' id='word_1_528' title='bbox 690 4373 753 4410; x_wconf 88' lang='lat' dir='ltr'>euu-</span> <span class='ocrx_word' id='word_1_529' title='bbox 805 4357 936 4410; x_wconf 88' lang='lat' dir='ltr'>blicarum</span> <span class='ocrx_word' id='word_1_530' title='bbox 962 4359 1163 4414; x_wconf 87' lang='lat' dir='ltr'>administratio</span> <span class='ocrx_word' id='word_1_531' title='bbox 1185 4367 1275 4414; x_wconf 85' lang='lat' dir='ltr'>autem</span> <span class='ocrx_word' id='word_1_532' title='bbox 1301 4377 1349 4428; x_wconf 88' lang='lat' dir='ltr'>per</span> 
     </span>
    </p>
   </div>
   <div class='ocr_carea' id='block_1_10' title="bbox 0 0 1508 4924">
    <p class='ocr_par' dir='ltr' id='par_1_10' title="bbox 0 0 1508 4924">
     <span class='ocr_line' id='line_1_78' title="bbox 0 0 1508 4924; baseline 0 5"><span class='ocrx_word' id='word_1_533' title='bbox 0 0 1508 4924; x_wconf 95' lang='lat' dir='ltr'> </span> 
     </span>
    </p>
   </div>
  </div>
 </body>
</html>
