2980 4932
208 269 248 334 sc
641 259 909 357 ansonem

208 443 398 535 ,,ἆρω’μενοι
414 435 548 520 Λυδοὺς
572 434 610 508 ἐν
628 434 801 526 θαλάσση,
830 439 888 505 ἵνα
909 432 994 526 ὑπὲρ
1012 441 1081 506 cciv
1102 434 1200 526 ἕκτῇ
1220 433 1347 531 ἠπείρῳ

207 541 602 638 ,μίκημένωνἚλλήνων
619 546 779 610 τίσωνταί
793 559 848 624 σε,
871 539 948 623 τούς
966 539 1010 610 σύ
1028 541 1202 622 δουλώσας
1221 545 1347 630 ἔχεις;“

209 652 325 742 Kapsa
347 677 383 718 τε
406 644 553 739 ἡσθῆναι
573 653 720 734 Κροῖσον
741 645 788 737 τῷ
807 639 966 738 ἐπιλόγῳ·
1002 651 1060 713 καί
1078 651 1113 714 oi
1131 649 1348 734 (προσφυέως
1359 663 1390 716 13

210 756 273 846 γὰρ
293 753 385 836 δόξαι
403 753 529 839 λέγειν)
546 747 755 837 ’πειθόμενον
777 745 973 818 παύσασθαι
991 754 1048 837 τῆς
1066 755 1266 838 ναυπηγίης.
1290 751 1347 820 καὶ

148 864 153 873 ’
210 858 298 932 οὕτω
315 871 401 928 τοῖσι
417 853 476 938 τὰς
495 853 619 943 νήσους
637 849 842 940 οἰκημένοισι
860 848 952 922 Ἴωσι
973 855 1101 942 ξεινίην
1122 853 1351 943 σννεθήκατο.“

162 964 203 1027 28
238 951 244 962 ’
281 960 423 1052 ΙΧρόνου
441 959 479 1030 δέ
495 955 746 1046 ἐπιγινομένου,
760 957 1060 1044 κατεστραμμένων
1075 955 1197 1044 σχεδὸν
1211 957 1348 1026 πάντων
1405 1039 1408 1048 ,

209 1071 279 1138 τῶν
296 1061 520 1146 ἒντός”Αλυος
534 1063 685 1149 ποταμοῦ
703 1060 906 1147 οἰκημένων·
938 1057 1026 1148 πλὴν
1043 1057 1107 1150 γὰρ
1124 1067 1277 1130 Κιλίκων
1292 1062 1349 1128 καὶ

210 1177 349 1242 Λυκίων
376 1165 452 1247 τοὺς
470 1164 592 1246 ἄλλους
615 1162 741 1244 πάντας
762 1157 824 1232 ὑπ’
848 1164 962 1256 ἑωυτῷ
983 1162 1050 1250 εἶχε
1074 1161 1345 1254 καταστρεψάμε-

209 1302 266 1356 νος
292 1265 315 1342 ‹3'
328 1280 488 1362 Κροῖσος·
517 1269 581 1339 εἰσὶ
604 1268 641 1338 δὲ
666 1269 753 1354 eide,
778 1267 903 1352 Λυδοὶ,
931 1265 1078 1357 Φρύγες,
1108 1269 1241 1354 Μυσοὶ,
1267 1275 1344 1336 Μα-

211 1475 376 1528 continentis
396 1478 484 1523 terrae
500 1472 621 1524 Graecos
646 1475 673 1522 te
692 1485 753 1535 pos·
804 1470 931 1520 universa
948 1469 1062 1534 posthac
1083 1469 1187 1534 Lydiae
1209 1469 1347 1534 acceperit

211 1547 267 1596 sint
284 1543 410 1594 ulcisci.“
429 1542 560 1608 Equidem
571 1542 671 1592 retinui
681 1532 753 1603 ἀραί-
804 1554 902 1589 nomen
932 1539 966 1589 ab
996 1538 1117 1590 interiori
1146 1543 1237 1603 parte,
1263 1553 1344 1603 quam

211 1629 301 1680 μενοι,
316 1613 397 1678 quod,
416 1611 630 1677 nisiemargine
644 1611 752 1662 omniuo
804 1609 921 1660 Croesus
952 1609 1033 1658 armis
1064 1607 1249 1672 occupaverit,
1284 1621 1345 1658 cum

210 1687 238 1735 in
254 1682 387 1734 Herodoti
406 1683 489 1734 verba
507 1681 625 1747 irrepsit,
639 1683 674 1733 ad
693 1697 753 1732 eam
805 1685 887 1730 antea
902 1680 1067 1744 superiorem
1089 1677 1167 1728 modo
1191 1681 1296 1742 partem
1315 1675 1345 1740 (i.

211 1755 352 1816 rationem,
363 1768 443 1817 quam
456 1753 597 1817 proposuit
610 1751 752 1816 Matthiae,
805 1766 829 1800 a.
847 1749 1011 1811 Maeoniam,
1030 1748 1103 1799 conl.
1127 1763 1209 1813 supra
1235 1763 1295 1812 cap.
1318 1748 1348 1811 7)

213 1823 343 1888 explicari
380 1838 442 1873 osse
459 1827 559 1889 putem.
805 1836 822 1870 a
851 1819 997 1870 maioribus
1027 1817 1156 1870 traditam
1183 1817 1348 1869 hereditarie

319 1883 325 1904 ‘
357 1838 377 1944 Ι]
432 1889 444 1902 ”
805 1890 864 1940 iure
886 1889 1030 1940 tenuisset.
1066 1887 1122 1938 Nos
1149 1887 1282 1939 malumus
1313 1888 1348 1938 ab

806 1975 898 2010 eorum
933 1959 1057 2024 partibus
1094 1963 1181 2022 stare,
1217 1951 1275 2023 qu!
1304 1959 1349 2010 hic

806 2044 912 2091 omnes,
937 2044 1004 2094 quos
1028 2028 1122 2080 Croesi
1142 2043 1254 2094 regnum
1276 2045 1349 2079 eom-

805 2099 975 2164 plectebatnr
991 2099 1120 2163 populos,
1138 2098 1274 2149 recenseri
1292 2115 1350 2149 cre·

807 2169 883 2232 dunt,
900 2170 1039 2234 primoque
1053 2167 1114 2219 loeo
1131 2168 1202 2219 hanc
1213 2169 1301 2235 ipsam
1314 2170 1349 2219 ob

806 2254 917 2290 causam
951 2237 1079 2289 collocari
1108 2237 1214 2302 Lydos,
1249 2239 1350 2306 quippe

806 2323 874 2373 quos
884 2308 1008 2374 primitus
1018 2307 1063 2358 ille
1070 2309 1189 2358 tennerit
1197 2309 1350 2374 quibusque

807 2384 932 2429 caeterae
952 2381 1047 2442 gentes
1066 2377 1145 2444 quasi
1154 2378 1277 2429 adiectae
1292 2379 1349 2428 t‘ue·

806 2448 870 2499 rint.
905 2448 980 2498 Libri
1005 2447 1041 2496 ad
1064 2463 1147 2497 unum
1167 2463 1260 2498 omnes
1285 2449 1349 2498 reti-

807 2523 872 2568 nent
898 2533 992 2568 vocem
1020 2513 1125 2578 Audet,
1154 2533 1234 2582 quam
1261 2517 1349 2580 uncis,

807 2587 904 2652 quibus
929 2587 1063 2637 editorum
1088 2587 1209 2638 nonnulli
1234 2587 1349 2638 incluse-

806 2663 877 2718 rant,
896 2657 1065 2707 liberandam
1083 2657 1245 2708 censuimus.
1281 2657 1349 2708 Din-

806 2727 876 2777 dorf.
906 2741 1015 2791 prorsus
1043 2727 1135 2776 omisit
1165 2743 1269 2778 vocem.
1299 2727 1348 2776 Cr.

806 2795 840 2846 ad
858 2796 886 2847 h.
909 2796 927 2846 l.
952 2795 1079 2847 admonet
1104 2795 1246 2848 Benedici.
1270 2798 1347 2850 Nott.

805 2867 877 2916 critt.
898 2865 927 2915 in
944 2865 1077 2916 Herodot.
1101 2866 1129 2915 in
1154 2866 1249 2917 Beokii
1273 2867 1346 2917 Aett.

805 2935 905 2986 Semin,
925 2935 1059 3000 Philolog.
1078 2935 1153 3000 Lips.
1179 2935 1239 2987 Vol.
1260 2937 1299 2986 11.
1320 2953 1346 3002 p.

804 3006 865 3056 276.
884 3005 1039 3070 Sequuntur
1062 3005 1090 3054 in
1112 3005 1164 3056 hoe
1189 3007 1349 3071 populorum

803 3090 918 3124 recensu
938 3075 1053 3141 Pdrppes
1071 3078 1153 3140 atque
1177 3076 1259 3139 Μγτί,
1283 3091 1349 3140 quo-

803 3160 862 3194 rum
877 3148 969 3194 tamen
987 3143 1079 3207 sedes,
1102 3143 1196 3209 quales
1214 3145 1350 3196 Herodoti

804 3213 905 3264 luerint
929 3217 1029 3274 aetate,
1053 3215 1208 3264 accuratius
1236 3213 1349 3265 definire

803 3283 913 3333 vixdum
931 3283 1003 3350 licet.
1025 3283 1105 3334 Cani.
1124 3285 1205 3334 etiam
1229 3285 1283 3346 111,
1302 3284 1346 3336 90.

804 3353 974 3414 Praeterea,
995 3368 1065 3418 quae
1086 3353 1167 3418 vulgo
1194 3353 1223 3402 in
1241 3354 1349 3404 univer·

804 3437 863 3474 sum
882 3422 915 3474 de
932 3421 974 3472 his
989 3423 1116 3487 gentibus
1134 3423 1289 3486 traduntur,
1308 3424 1348 3474 la-

804 3493 880 3542 ciunt
897 3491 949 3542 huc
966 3491 1163 3557 quodammodo
1175 3493 1209 3543 ab
1221 3491 1348 3544 Hoeclrio

804 3561 944 3624 disputata
963 3559 1002 3624 (in
1020 3561 1091 3612 Cret.
1113 3561 1134 3613 Ι.
1154 3579 1180 3626 p.
1202 3561 1251 3612 166
1269 3579 1347 3630 seqq.

247 1889 295 1943 iva
312 1907 354 1942 υπ
372 1907 387 1954 ρ
405 1908 463 1942 των
481 1883 511 1942 έν
530 1889 565 1960 τῇ
587 1886 694 1956 ἠπείρῳ
712 1884 754 1939 oi-

212 1953 521 2096 cuut‘lttu
544 1959 752 2095 exustas

747 2066 754 2092 l

211 2101 284 2152 haud
308 2101 389 2166 pauci
412 2104 551 2151 testantur
575 2100 669 2152 Nostri
692 2099 755 2161 loci,

213 2173 241 2222 in
259 2171 357 2234 quibus
375 2171 525 2234 perfeetum
536 2169 641 2234 passivi
659 2167 755 2218 itaad-

213 2240 327 2290 hibitum
345 2239 481 2301 videmus,
504 2243 536 2288 nt
557 2237 755 2302 inpraesentia

214 2310 298 2361 activi
316 2309 370 2358 vim
393 2309 449 2358 iere
470 2312 607 2369 tremeat,
627 2307 757 2359 babitandi

213 2397 236 2430 s.
258 2379 383 2428 incolendi
407 2379 530 2429 notione:
557 2378 591 2428 de
615 2393 667 2442 quo
691 2382 755 2442 apte

214 2451 318 2500 monuit
336 2447 463 2498 Kuehner
482 2449 527 2499 Gr.
548 2448 594 2498 Gr.
615 2451 640 2509 ξ.
660 2447 754 2510 seua.

213 2521 254 2571 Ex
277 2517 418 2569 Herodoto
441 2517 513 2569 conf.
536 2517 707 2582 potissimum
731 2517 754 2580 1,

213 2589 256 2640 stu.
280 2589 338 2638 127.
359 2587 417 2638 172.
437 2589 470 2650 V,
491 2587 534 2638 73.
559 2587 623 2646 vn,
648 2590 689 2638 22.
715 2588 754 2648 ΙΙ,

215 2659 273 2708 162.
301 2656 358 2708 166.
385 2655 440 2719 ΙΙΙ,
470 2656 512 2708 91.
537 2656 580 2708 96.
608 2655 651 2708 ur.
675 2657 753 2718 VIII,

215 2729 272 2778 115.
319 2726 350 2776 In
378 2727 515 2790 praesenti
545 2727 650 2791 passivi
683 2726 754 2777 hano

211 2799 297 2862 ipsam
312 2796 415 2860 passivi
428 2797 483 2846 vim
494 2797 604 2846 retineri
621 2800 755 2846 monstrat

209 2868 286 2917 locus
308 2868 330 2928 I,
357 2865 415 2929 170,
437 2867 484 2916 ubi
505 2866 542 2916 ci.
565 2871 634 2917 nott.
661 2893 693 2902 -
711 2866 753 2916 Ad

210 2937 373 2988 locutionem
386 2928 532 2992 decisione
550 2930 621 2999 ἔχεις
639 2936 710 2986 cont.
730 2937 751 2997 1,

211 3007 244 3057 ‘28
263 3013 291 3058 et
309 3005 435 3056 Kuehner
452 3005 499 3057 Gr.
513 3005 559 3056 Gr.
578 3005 639 3068 663,
655 3007 699 3067 X,
719 3021 753 3055 ne

210 3076 297 3142 plura.
453 3071 461 3088 '

375 3245 441 3296 Car.
454 3245 587 3296 XXVIII.

245 3344 299 3400 elci
321 3342 354 3398 di
378 3345 447 3413 oses,
473 3342 572 3411 Audet,
597 3339 706 3413 Φρύγες
723 3364 748 3399 κ.

209 3436 232 3470 τ,
252 3419 288 3485 λ.]
307 3417 437 3469 Voculam
455 3413 546 3467 Λυδοὶ
570 3418 605 3467 ab
623 3417 752 3470 hocloco

209 3489 325 3540 alienam
344 3504 404 3540 esee
427 3488 607 3549 contendunt,
632 3504 752 3552 praeser-

207 3561 257 3610 tim
285 3576 345 3609 eum
368 3559 489 3624 proximo
518 3558 608 3622 eapite
631 3556 751 3624 legatur:

207 3626 255 3678 καλ
275 3624 543 3694 προσεπικτωμένου
559 3622 685 3689 Κροίσου
696 3627 750 3676 Av—
805 3629 877 3689 136),
888 3630 920 3680 de
943 3631 1097 3696 Phrygibus
1123 3647 1268 3696 eorumque
1286 3648 1350 3684 eum

207 3696 292 3747 σοῖσι.
312 3698 404 3762 Lydos
417 3698 488 3748 enim
502 3713 557 3746 non
573 3712 708 3746 armornm
723 3697 751 3747 vi
803 3698 887 3764 Lydis
907 3701 1081 3762 commercio,
1098 3716 1157 3751 oum
1176 3702 1274 3766 quibus
1292 3719 1350 3753 una

208 3768 259 3816 sibi
284 3768 393 3832 subegIt
420 3768 551 3829 Croesus,
582 3765 630 3815 sed
659 3779 751 3816 corum
802 3769 959 3834 plerumque
968 3771 1142 3820 nominantur
1152 3771 1275 3836 adeoque
1285 3787 1350 3822 con-

207 3851 319 3902 regnum
343 3836 432 3886 tenuit
455 3837 535 3902 quasi
558 3835 751 3885 bereditarium
803 3839 962 3890 funduntur.
979 3841 1015 3889 Et
1029 3839 1148 3891 advocat
1166 3840 1220 3902 ille,
1239 3846 1349 3904 praeter

207 3911 289 3970 atque
308 3921 324 3954 a
342 3905 489 3956 maioribus
507 3903 650 3962 traditum
667 3905 751 3956 itaut
801 3907 964 3972 religionum
976 3909 1178 3962 similitudinem
1191 3914 1272 3974 atque
1285 3927 1350 3961 con-

206 3975 277 4025 inter
295 3979 388 4040 gentes
407 3992 424 4024 a
446 3975 546 4024 Croeso
569 3975 597 4022 vi
620 3974 749 4026 subactas
799 3977 981 4040 iunctionem,
1018 3979 1051 4029 da
1079 3979 1194 4032 Maeona
1224 3979 1350 4044 inprimis

207 4045 299 4110 Lydos
313 4044 516 4095 commemorari
527 4041 635 4092 minime
645 4043 750 4093 sitcon-
800 4047 999 4109 testimonium,
1026 4049 1072 4113 qni
1095 4049 1174 4100 modo
1198 4047 1348 4114 Phrygum,

207 4121 376 4164 sentaueum.
397 4113 551 4163 Laroherus
568 4127 600 4161 eo
617 4113 749 4177 confugit,
802 4115 881 4166 modo
909 4115 1062 4181 Lydorum,
1098 4118 1177 4169 modo
1204 4119 1349 4184 utriusque

206 4189 237 4233 ut
267 4183 359 4248 Lydos
386 4181 554 4245 Lydiamque
585 4185 684 4232 terram
712 4183 750 4231 di·
802 4185 891 4250 gentis
910 4201 957 4235 rex
975 4185 1157 4252 perhibeatur.
1175 4189 1217 4237 De
1231 4188 1349 4240 Maeona

207 4253 311 4317 stingui
329 4249 412 4300 vellet
430 4265 447 4298 a
464 4249 599 4312 Maeonia,
619 4265 689 4314 quae
707 4267 750 4302 su-
802 4269 852 4304 nos
867 4253 987 4306 'diximus
1013 4256 1047 4306 ad
1072 4258 1097 4319 1,
1126 4259 1150 4309 7.
1177 4256 1350 4324 Mariandyni

206 4323 296 4388 perior
314 4319 396 4370 fuerit
414 4334 477 4384 pars
496 4317 555 4369 eius
572 4323 669 4382 terrae,
681 4337 751 4389 quae
801 4323 965 4376 habitabant
982 4326 1018 4377 ad
1037 4327 1118 4378 Ponti
1136 4326 1237 4378 Euxini
1260 4342 1346 4394 oram,
