<?xml version="1.0" encoding="UTF-8"?>
<!DOCTYPE html PUBLIC "-//W3C//DTD XHTML 1.0 Transitional//EN"
    "http://www.w3.org/TR/xhtml1/DTD/xhtml1-transitional.dtd">
<html xmlns="http://www.w3.org/1999/xhtml" xml:lang="en" lang="en">
 <head>
  <title>
</title>
<meta http-equiv="Content-Type" content="text/html;charset=utf-8" />
  <meta name='ocr-system' content='tesseract 3.04.00' />
  <meta name='ocr-capabilities' content='ocr_page ocr_carea ocr_par ocr_line ocrx_word'/>
</head>
<body>
  <div class='ocr_page' id='page_1' title='image "./herodotihalicar00bhgoog_0093.png"; bbox 0 0 3064 4940; ppageno 0'>
   <div class='ocr_carea' id='block_1_1' title="bbox 219 252 917 321">
    <p class='ocr_par' dir='ltr' id='par_1_1' title="bbox 219 252 917 321">
     <span class='ocr_line' id='line_1_1' title="bbox 219 252 917 321; baseline -0.011 0"><span class='ocrx_word' id='word_1_1' title='bbox 219 261 259 321; x_wconf 83' lang='lat'><strong>72</strong></span> <span class='ocrx_word' id='word_1_2' title='bbox 645 252 917 318; x_wconf 83' lang='lat' dir='ltr'>HERODOTI</span> 
     </span>
    </p>
   </div>
   <div class='ocr_carea' id='block_1_2' title="bbox 222 427 1357 528">
    <p class='ocr_par' dir='ltr' id='par_1_2' title="bbox 222 427 1357 528">
     <span class='ocr_line' id='line_1_2' title="bbox 222 427 1357 528; baseline -0.008 -22"><span class='ocrx_word' id='word_1_3' title='bbox 222 463 282 528; x_wconf 88' lang='grc' dir='ltr'><strong>ρας</strong></span> <span class='ocrx_word' id='word_1_4' title='bbox 300 439 472 524; x_wconf 76' lang='grc' dir='ltr'><strong><em>διηκοσίας</em></strong></span> <span class='ocrx_word' id='word_1_5' title='bbox 496 431 552 502; x_wconf 82' lang='grc' dir='ltr'><strong>καὶ</strong></span> <span class='ocrx_word' id='word_1_6' title='bbox 575 435 842 518; x_wconf 78' lang='grc' dir='ltr'><strong><em>πεντακισχιλίας</em></strong></span> <span class='ocrx_word' id='word_1_7' title='bbox 868 429 923 500; x_wconf 77' lang='grc' dir='ltr'><strong>καὶ</strong></span> <span class='ocrx_word' id='word_1_8' title='bbox 949 432 1144 516; x_wconf 77' lang='grc' dir='ltr'><strong><em>δισμυρίας,</em></strong></span> <span class='ocrx_word' id='word_1_9' title='bbox 1175 427 1357 516; x_wconf 76' lang='grc' dir='ltr'><strong><em>ἐμβολίμου</em></strong></span> 
     </span>
    </p>
   </div>
   <div class='ocr_carea' id='block_1_3' title="bbox 219 632 1357 910">
    <p class='ocr_par' dir='ltr' id='par_1_3' title="bbox 219 632 1357 910">
     <span class='ocr_line' id='line_1_3' title="bbox 219 632 1356 698; baseline -0.006 -7"><span class='ocrx_word' id='word_1_10' title='bbox 219 640 312 691; x_wconf 90' lang='lat' dir='ltr'><strong>dotum</strong></span> <span class='ocrx_word' id='word_1_11' title='bbox 336 636 482 687; x_wconf 77' lang='lat' dir='ltr'><strong>tradidisse</strong></span> <span class='ocrx_word' id='word_1_12' title='bbox 505 633 600 696; x_wconf 84' lang='lat' dir='ltr'><strong>videri,</strong></span> <span class='ocrx_word' id='word_1_13' title='bbox 624 634 761 685; x_wconf 86' lang='lat' dir='ltr'><strong>sententia</strong></span> <span class='ocrx_word' id='word_1_14' title='bbox 811 635 868 686; x_wconf 87' lang='lat' dir='ltr'><strong>dies</strong></span> <span class='ocrx_word' id='word_1_15' title='bbox 886 632 1062 684; x_wconf 74' lang='lat' dir='ltr'><strong>intercalares</strong></span> <span class='ocrx_word' id='word_1_16' title='bbox 1081 633 1209 698; x_wconf 87' lang='lat' dir='ltr'><strong>quinque.</strong></span> <span class='ocrx_word' id='word_1_17' title='bbox 1231 633 1310 684; x_wconf 89' lang='lat' dir='ltr'><strong>Unde</strong></span> <span class='ocrx_word' id='word_1_18' title='bbox 1329 635 1356 684; x_wconf 90' lang='lat' dir='ltr'><strong>in</strong></span> 
     </span>
     <span class='ocr_line' id='line_1_4' title="bbox 220 703 1357 772; baseline -0.005 -12"><span class='ocrx_word' id='word_1_19' title='bbox 220 715 262 761; x_wconf 89' lang='lat' dir='ltr'><strong>est</strong></span> <span class='ocrx_word' id='word_1_20' title='bbox 284 707 398 758; x_wconf 91' lang='lat' dir='ltr'><strong>Wurmii</strong></span> <span class='ocrx_word' id='word_1_21' title='bbox 421 705 466 767; x_wconf 89' lang='lat' dir='ltr'><strong>(de</strong></span> <span class='ocrx_word' id='word_1_22' title='bbox 488 704 589 770; x_wconf 90' lang='lat' dir='ltr'><strong>pondd.</strong></span> <span class='ocrx_word' id='word_1_23' title='bbox 614 705 713 755; x_wconf 88' lang='lat' dir='ltr'><strong>ration.</strong></span> <span class='ocrx_word' id='word_1_24' title='bbox 732 720 759 769; x_wconf 86' lang='lat' dir='ltr'><strong>p.</strong></span> <span class='ocrx_word' id='word_1_25' title='bbox 811 705 986 772; x_wconf 76' lang='lat' dir='ltr'><strong>sequentibus</strong></span> <span class='ocrx_word' id='word_1_26' title='bbox 1011 718 1118 768; x_wconf 90' lang='lat' dir='ltr'><strong>quoque</strong></span> <span class='ocrx_word' id='word_1_27' title='bbox 1140 703 1230 752; x_wconf 88' lang='lat' dir='ltr'><strong>verbis</strong></span> <span class='ocrx_word' id='word_1_28' title='bbox 1258 721 1357 770; x_wconf 78' lang='lat' dir='ltr'><strong>magna</strong></span> 
     </span>
     <span class='ocr_line' id='line_1_5' title="bbox 221 773 1357 844; baseline -0.006 -13"><span class='ocrx_word' id='word_1_29' title='bbox 221 781 282 843; x_wconf 84' lang='grc'><strong>116)</strong></span> <span class='ocrx_word' id='word_1_30' title='bbox 302 775 532 844; x_wconf 85' lang='lat' dir='ltr'><strong>atqueLetronnii</strong></span> <span class='ocrx_word' id='word_1_31' title='bbox 543 775 572 823; x_wconf 90' lang='lat' dir='ltr'><strong>in</strong></span> <span class='ocrx_word' id='word_1_32' title='bbox 586 773 702 825; x_wconf 86' lang='lat' dir='ltr'><strong>Journal</strong></span> <span class='ocrx_word' id='word_1_33' title='bbox 713 773 760 824; x_wconf 91' lang='lat' dir='ltr'><strong>des</strong></span> <span class='ocrx_word' id='word_1_34' title='bbox 811 775 852 825; x_wconf 89' lang='lat' dir='ltr'><strong>illi</strong></span> <span class='ocrx_word' id='word_1_35' title='bbox 875 790 941 840; x_wconf 91' lang='lat' dir='ltr'><strong>opus</strong></span> <span class='ocrx_word' id='word_1_36' title='bbox 971 774 1136 834; x_wconf 78' lang='lat' dir='ltr'><strong>mutatione,</strong></span> <span class='ocrx_word' id='word_1_37' title='bbox 1168 789 1222 838; x_wconf 87' lang='lat' dir='ltr'><strong>qua</strong></span> <span class='ocrx_word' id='word_1_38' title='bbox 1251 775 1357 824; x_wconf 85' lang='lat' dir='ltr'><strong>seilicet</strong></span> 
     </span>
     <span class='ocr_line' id='line_1_6' title="bbox 221 844 1357 910; baseline -0.006 -10"><span class='ocrx_word' id='word_1_39' title='bbox 221 845 561 910; x_wconf 63' lang='grc'><strong>81111118361214.</strong></span> <span class='ocrx_word' id='word_1_40' title='bbox 597 844 667 894; x_wconf 89' lang='lat' dir='ltr'><strong>Nam</strong></span> <span class='ocrx_word' id='word_1_41' title='bbox 689 844 762 894; x_wconf 86' lang='lat' dir='ltr'><strong>inira</strong></span> <span class='ocrx_word' id='word_1_42' title='bbox 812 847 912 896; x_wconf 89' lang='lat' dir='ltr'><strong>iustum</strong></span> <span class='ocrx_word' id='word_1_43' title='bbox 940 846 968 894; x_wconf 90' lang='lat' dir='ltr'><strong>in</strong></span> <span class='ocrx_word' id='word_1_44' title='bbox 997 858 1137 893; x_wconf 88' lang='lat' dir='ltr'><strong>numerum</strong></span> <span class='ocrx_word' id='word_1_45' title='bbox 1169 844 1261 893; x_wconf 88' lang='lat' dir='ltr'><strong>omnia</strong></span> <span class='ocrx_word' id='word_1_46' title='bbox 1288 845 1357 894; x_wconf 88' lang='lat' dir='ltr'><strong>rodi-</strong></span> 
     </span>
    </p>
   </div>
   <div class='ocr_carea' id='block_1_4' title="bbox 126 912 1356 998">
    <p class='ocr_par' dir='ltr' id='par_1_4' title="bbox 126 912 1356 998">
     <span class='ocr_line' id='line_1_7' title="bbox 126 912 1356 998; baseline -0.007 -28"><span class='ocrx_word' id='word_1_47' title='bbox 126 941 128 945; x_wconf 50' lang='lat'>*</span> <span class='ocrx_word' id='word_1_48' title='bbox 221 920 259 982; x_wconf 89' lang='grc' dir='ltr'><strong>ΙΙ,</strong></span> <span class='ocrx_word' id='word_1_49' title='bbox 279 922 305 970; x_wconf 92' lang='grc'><strong>1.</strong></span> <span class='ocrx_word' id='word_1_50' title='bbox 324 918 382 982; x_wconf 90' lang='lat' dir='ltr'><strong>ipse</strong></span> <span class='ocrx_word' id='word_1_51' title='bbox 405 912 560 966; x_wconf 85' lang='lat' dir='ltr'><strong>Herodotus</strong></span> <span class='ocrx_word' id='word_1_52' title='bbox 585 914 704 965; x_wconf 85' lang='lat' dir='ltr'><strong>Graecos</strong></span> <span class='ocrx_word' id='word_1_53' title='bbox 722 914 762 964; x_wconf 90' lang='lat' dir='ltr'><strong>ait</strong></span> <span class='ocrx_word' id='word_1_54' title='bbox 812 921 919 998; x_wconf 79' lang='lat' dir='ltr'><strong>gantur.</strong></span> <span class='ocrx_word' id='word_1_55' title='bbox 945 914 1034 965; x_wconf 87' lang='lat' dir='ltr'><strong>Scribi</strong></span> <span class='ocrx_word' id='word_1_56' title='bbox 1056 914 1127 963; x_wconf 89' lang='lat' dir='ltr'><strong>enirn</strong></span> <span class='ocrx_word' id='word_1_57' title='bbox 1155 912 1356 978; x_wconf 69' lang='grc' dir='ltr'><strong>1111111-μῆ</strong></span> 
     </span>
    </p>
   </div>
   <div class='ocr_carea' id='block_1_5' title="bbox 219 972 1357 1552">
    <p class='ocr_par' dir='ltr' id='par_1_5' title="bbox 219 972 1357 1538">
     <span class='ocr_line' id='line_1_8' title="bbox 220 972 1356 1065; baseline -0.006 -26"><span class='ocrx_word' id='word_1_58' title='bbox 220 989 302 1040; x_wconf 87' lang='lat' dir='ltr'><strong>tertio</strong></span> <span class='ocrx_word' id='word_1_59' title='bbox 320 1001 427 1052; x_wconf 91' lang='lat' dir='ltr'><strong>quoque</strong></span> <span class='ocrx_word' id='word_1_60' title='bbox 446 1001 517 1035; x_wconf 86' lang='lat' dir='ltr'><strong>anno</strong></span> <span class='ocrx_word' id='word_1_61' title='bbox 540 991 659 1034; x_wconf 84' lang='lat' dir='ltr'><strong>mensem</strong></span> <span class='ocrx_word' id='word_1_62' title='bbox 680 972 1277 1065; x_wconf 75' lang='grc' dir='ltr'><strong>111111-νεςμὲντιαράιὰὲβιλομήιιοντοι</strong></span> <span class='ocrx_word' id='word_1_63' title='bbox 1295 978 1356 1034; x_wconf 72' lang='grc' dir='ltr'><strong><em>ἔτεα</em></strong></span> 
     </span>
     <span class='ocr_line' id='line_1_9' title="bbox 221 1047 1357 1122; baseline -0.006 -13"><span class='ocrx_word' id='word_1_64' title='bbox 221 1058 339 1110; x_wconf 86' lang='lat' dir='ltr'><strong>celarem</strong></span> <span class='ocrx_word' id='word_1_65' title='bbox 361 1055 491 1117; x_wconf 87' lang='lat' dir='ltr'><strong>adiicere,</strong></span> <span class='ocrx_word' id='word_1_66' title='bbox 515 1053 543 1103; x_wconf 90' lang='lat' dir='ltr'><strong>id</strong></span> <span class='ocrx_word' id='word_1_67' title='bbox 573 1053 645 1118; x_wconf 88' lang='lat' dir='ltr'><strong>quod</strong></span> <span class='ocrx_word' id='word_1_68' title='bbox 667 1053 763 1104; x_wconf 88' lang='lat' dir='ltr'><strong>huicce</strong></span> <span class='ocrx_word' id='word_1_69' title='bbox 813 1053 1006 1122; x_wconf 74' lang='grc' dir='ltr'><strong><em>γίγνονται</em></strong></span> <span class='ocrx_word' id='word_1_70' title='bbox 1037 1047 1174 1102; x_wconf 78' lang='grc' dir='ltr'><strong><em>διίδειια</em></strong></span> <span class='ocrx_word' id='word_1_71' title='bbox 1204 1051 1357 1110; x_wconf 77' lang='grc' dir='ltr'><strong><em>δέοντος</em></strong></span> 
     </span>
     <span class='ocr_line' id='line_1_10' title="bbox 220 1113 1357 1201; baseline -0.008 -22"><span class='ocrx_word' id='word_1_72' title='bbox 220 1123 763 1192; x_wconf 63' lang='grc'><strong>10000101111111111111111,1111111110</strong></span> <span class='ocrx_word' id='word_1_73' title='bbox 814 1121 1059 1201; x_wconf 74' lang='grc' dir='ltr'><strong><em>τριτημορίου</em></strong></span> <span class='ocrx_word' id='word_1_74' title='bbox 1079 1113 1194 1201; x_wconf 79' lang='grc' dir='ltr'><strong><em>ἡμέραι</em></strong></span> <span class='ocrx_word' id='word_1_75' title='bbox 1199 1116 1230 1172; x_wconf 77' lang='grc' dir='ltr'><strong>δὲ</strong></span> <span class='ocrx_word' id='word_1_76' title='bbox 1253 1113 1282 1171; x_wconf 74' lang='grc' dir='ltr'><strong>ἔτι</strong></span> <span class='ocrx_word' id='word_1_77' title='bbox 1300 1120 1357 1172; x_wconf 79' lang='lat' dir='ltr'><strong>cciv</strong></span> 
     </span>
     <span class='ocr_line' id='line_1_11' title="bbox 220 1183 1357 1272; baseline -0.005 -24"><span class='ocrx_word' id='word_1_78' title='bbox 220 1213 327 1264; x_wconf 91' lang='lat' dir='ltr'><strong>quoque</strong></span> <span class='ocrx_word' id='word_1_79' title='bbox 344 1211 416 1246; x_wconf 88' lang='grc'><strong>111110</strong></span> <span class='ocrx_word' id='word_1_80' title='bbox 432 1209 552 1246; x_wconf 88' lang='lat' dir='ltr'><strong>mensem</strong></span> <span class='ocrx_word' id='word_1_81' title='bbox 567 1193 632 1244; x_wconf 79' lang='lat' dir='ltr'><strong>addi</strong></span> <span class='ocrx_word' id='word_1_82' title='bbox 649 1193 764 1245; x_wconf 75' lang='grc'><strong>1111180-</strong></span> <span class='ocrx_word' id='word_1_83' title='bbox 814 1192 920 1272; x_wconf 68' lang='grc' dir='ltr'><strong><em>μηνοῖν</em></strong></span> <span class='ocrx_word' id='word_1_84' title='bbox 937 1183 1047 1241; x_wconf 80' lang='grc' dir='ltr'><strong><em>τούτων</em></strong></span> <span class='ocrx_word' id='word_1_85' title='bbox 1071 1183 1282 1272; x_wconf 72' lang='grc' dir='ltr'><strong><em>τριηκόσιοι</em></strong></span> <span class='ocrx_word' id='word_1_86' title='bbox 1299 1188 1357 1242; x_wconf 78' lang='grc' dir='ltr'><strong><em>καί</em></strong></span> 
     </span>
     <span class='ocr_line' id='line_1_12' title="bbox 219 1255 1355 1344; baseline -0.007 -26"><span class='ocrx_word' id='word_1_87' title='bbox 219 1268 256 1319; x_wconf 91' lang='grc'><strong>10.</strong></span> <span class='ocrx_word' id='word_1_88' title='bbox 291 1267 364 1318; x_wconf 85' lang='lat' dir='ltr'><strong>Hinc</strong></span> <span class='ocrx_word' id='word_1_89' title='bbox 391 1266 468 1316; x_wconf 80' lang='lat' dir='ltr'><strong>varic</strong></span> <span class='ocrx_word' id='word_1_90' title='bbox 493 1264 573 1314; x_wconf 92' lang='lat' dir='ltr'><strong>modo</strong></span> <span class='ocrx_word' id='word_1_91' title='bbox 596 1269 624 1314; x_wconf 87' lang='lat' dir='ltr'><strong>et</strong></span> <span class='ocrx_word' id='word_1_92' title='bbox 653 1263 712 1314; x_wconf 93' lang='lat' dir='ltr'><strong>loco</strong></span> <span class='ocrx_word' id='word_1_93' title='bbox 737 1268 764 1314; x_wconf 89' lang='lat' dir='ltr'><strong>et</strong></span> <span class='ocrx_word' id='word_1_94' title='bbox 814 1255 1044 1344; x_wconf 76' lang='grc' dir='ltr'><strong><em>πεντήκοντα·</em></strong></span> <span class='ocrx_word' id='word_1_95' title='bbox 1063 1257 1188 1311; x_wconf 79' lang='grc' dir='ltr'><strong><em>τουτέων</em></strong></span> <span class='ocrx_word' id='word_1_96' title='bbox 1200 1277 1258 1312; x_wconf 82' lang='grc' dir='ltr'><strong>των</strong></span> <span class='ocrx_word' id='word_1_97' title='bbox 1269 1274 1355 1312; x_wconf 84' lang='grc' dir='ltr'><strong><em>αιιασ</em></strong></span> 
     </span>
     <span class='ocr_line' id='line_1_13' title="bbox 220 1321 1356 1412; baseline -0.009 -24"><span class='ocrx_word' id='word_1_98' title='bbox 220 1336 336 1388; x_wconf 87' lang='lat' dir='ltr'><strong>sentent</strong></span> <span class='ocrx_word' id='word_1_99' title='bbox 330 1351 372 1385; x_wconf 88' lang='lat' dir='ltr'><strong>rae</strong></span> <span class='ocrx_word' id='word_1_100' title='bbox 400 1335 500 1386; x_wconf 89' lang='lat' dir='ltr'><strong>mederi</strong></span> <span class='ocrx_word' id='word_1_101' title='bbox 526 1333 688 1384; x_wconf 89' lang='lat' dir='ltr'><strong>studuerunt</strong></span> <span class='ocrx_word' id='word_1_102' title='bbox 713 1334 765 1384; x_wconf 91' lang='lat' dir='ltr'><strong>viri</strong></span> <span class='ocrx_word' id='word_1_103' title='bbox 815 1325 862 1400; x_wconf 81' lang='grc' dir='ltr'><strong>ἡμ.</strong></span> <span class='ocrx_word' id='word_1_104' title='bbox 881 1321 983 1412; x_wconf 70' lang='grc' dir='ltr'><strong><em>τρῖνίς</em></strong></span> <span class='ocrx_word' id='word_1_105' title='bbox 1000 1321 1035 1380; x_wconf 82' lang='grc' dir='ltr'><strong>τὰ</strong></span> <span class='ocrx_word' id='word_1_106' title='bbox 1059 1321 1118 1398; x_wconf 69' lang='lat' dir='ltr'><strong>ipe.</strong></span> <span class='ocrx_word' id='word_1_107' title='bbox 1142 1325 1215 1394; x_wconf 77' lang='grc' dir='ltr'><strong><em>ἔτεα,</em></strong></span> <span class='ocrx_word' id='word_1_108' title='bbox 1235 1321 1356 1380; x_wconf 75' lang='grc' dir='ltr'><strong><em>ἐουσέων</em></strong></span> 
     </span>
     <span class='ocr_line' id='line_1_14' title="bbox 222 1394 1356 1470; baseline -0.01 -12"><span class='ocrx_word' id='word_1_109' title='bbox 222 1407 308 1468; x_wconf 87' lang='lat' dir='ltr'><strong>docti,</strong></span> <span class='ocrx_word' id='word_1_110' title='bbox 339 1420 406 1470; x_wconf 89' lang='lat' dir='ltr'><strong>qnos</strong></span> <span class='ocrx_word' id='word_1_111' title='bbox 432 1403 594 1454; x_wconf 86' lang='lat' dir='ltr'><strong>laudatos</strong></span> <span class='ocrx_word' id='word_1_112' title='bbox 586 1405 708 1454; x_wconf 79' lang='lat' dir='ltr'><strong>invenies</strong></span> <span class='ocrx_word' id='word_1_113' title='bbox 736 1404 765 1452; x_wconf 89' lang='lat' dir='ltr'><strong>in</strong></span> <span class='ocrx_word' id='word_1_114' title='bbox 816 1394 992 1467; x_wconf 80' lang='grc' dir='ltr'><strong><em>πεντήκοντα</em></strong></span> <span class='ocrx_word' id='word_1_115' title='bbox 1025 1397 1074 1452; x_wconf 78' lang='lat' dir='ltr'><strong>ml</strong></span> <span class='ocrx_word' id='word_1_116' title='bbox 1112 1399 1356 1464; x_wconf 83' lang='grc' dir='ltr'><strong><em>πεντηκοσίων</em></strong></span> 
     </span>
     <span class='ocr_line' id='line_1_15' title="bbox 220 1466 1352 1552; baseline -0.008 -25"><span class='ocrx_word' id='word_1_117' title='bbox 220 1475 397 1527; x_wconf 83' lang='lat' dir='ltr'><strong>annotatione</strong></span> <span class='ocrx_word' id='word_1_118' title='bbox 448 1471 624 1538; x_wconf 79' lang='lat' dir='ltr'><strong>Wesselingii</strong></span> <span class='ocrx_word' id='word_1_119' title='bbox 681 1477 763 1538; x_wconf 89' lang='lat' dir='ltr'><strong>atque</strong></span> <span class='ocrx_word' id='word_1_120' title='bbox 814 1469 862 1524; x_wconf 76' lang='lat' dir='ltr'><strong>sal</strong></span> <span class='ocrx_word' id='word_1_121' title='bbox 888 1468 1181 1552; x_wconf 76' lang='grc' dir='ltr'><strong><em>πεντακισχιλίων</em></strong></span> <span class='ocrx_word' id='word_1_122' title='bbox 1210 1466 1258 1519; x_wconf 76' lang='grc' dir='ltr'><strong>καὶ</strong></span> <span class='ocrx_word' id='word_1_123' title='bbox 1277 1467 1352 1518; x_wconf 81' lang='lat' dir='ltr'><strong>dro-</strong></span> 
     </span>
    </p>
   </div>
   <div class='ocr_carea' id='block_1_6' title="bbox 161 1542 764 4399">
    <p class='ocr_par' dir='ltr' id='par_1_6' title="bbox 161 1542 764 4399">
     <span class='ocr_line' id='line_1_16' title="bbox 221 1542 762 1610; baseline -0.007 -14"><span class='ocrx_word' id='word_1_124' title='bbox 221 1543 373 1610; x_wconf 84' lang='lat' dir='ltr'><strong>Schweigh.</strong></span> <span class='ocrx_word' id='word_1_125' title='bbox 398 1542 481 1594; x_wconf 84' lang='lat' dir='ltr'><strong>adh.</strong></span> <span class='ocrx_word' id='word_1_126' title='bbox 507 1542 527 1593; x_wconf 91' lang='lat' dir='ltr'><strong>l.</strong></span> <span class='ocrx_word' id='word_1_127' title='bbox 556 1542 639 1606; x_wconf 83' lang='lat' dir='ltr'><strong>Sunt,</strong></span> <span class='ocrx_word' id='word_1_128' title='bbox 658 1544 704 1606; x_wconf 89' lang='lat' dir='ltr'><strong>qui</strong></span> <span class='ocrx_word' id='word_1_129' title='bbox 722 1559 762 1592; x_wconf 91' lang='lat' dir='ltr'><strong>er-</strong></span> 
     </span>
     <span class='ocr_line' id='line_1_17' title="bbox 220 1612 763 1677; baseline -0.007 -11"><span class='ocrx_word' id='word_1_130' title='bbox 220 1615 289 1666; x_wconf 90' lang='lat' dir='ltr'><strong>roris</strong></span> <span class='ocrx_word' id='word_1_131' title='bbox 307 1615 433 1664; x_wconf 83' lang='lat' dir='ltr'><strong>incusant</strong></span> <span class='ocrx_word' id='word_1_132' title='bbox 455 1612 660 1676; x_wconf 79' lang='lat' dir='ltr'><strong>scriptorem,</strong></span> <span class='ocrx_word' id='word_1_133' title='bbox 652 1629 681 1662; x_wconf 89' lang='grc'><strong>111</strong></span> <span class='ocrx_word' id='word_1_134' title='bbox 705 1613 763 1677; x_wconf 89' lang='lat' dir='ltr'><strong>qui·</strong></span> 
     </span>
     <span class='ocr_line' id='line_1_18' title="bbox 220 1682 762 1736; baseline -0.006 -1"><span class='ocrx_word' id='word_1_135' title='bbox 220 1686 272 1736; x_wconf 89' lang='lat' dir='ltr'><strong>bus</strong></span> <span class='ocrx_word' id='word_1_136' title='bbox 290 1698 373 1734; x_wconf 89' lang='lat' dir='ltr'><strong>unum</strong></span> <span class='ocrx_word' id='word_1_137' title='bbox 395 1682 440 1732; x_wconf 87' lang='lat' dir='ltr'><strong>hic</strong></span> <span class='ocrx_word' id='word_1_138' title='bbox 463 1682 572 1733; x_wconf 90' lang='lat' dir='ltr'><strong>nomino</strong></span> <span class='ocrx_word' id='word_1_139' title='bbox 599 1683 653 1732; x_wconf 88' lang='lat' dir='ltr'><strong>los.</strong></span> <span class='ocrx_word' id='word_1_140' title='bbox 677 1682 762 1734; x_wconf 84' lang='lat' dir='ltr'><strong>Scali-</strong></span> 
     </span>
     <span class='ocr_line' id='line_1_19' title="bbox 220 1751 762 1821; baseline -0.004 -16"><span class='ocrx_word' id='word_1_141' title='bbox 220 1770 323 1821; x_wconf 79' lang='lat' dir='ltr'><strong>gerum,</strong></span> <span class='ocrx_word' id='word_1_142' title='bbox 349 1753 396 1818; x_wconf 89' lang='lat' dir='ltr'><strong>qui</strong></span> <span class='ocrx_word' id='word_1_143' title='bbox 414 1751 496 1802; x_wconf 85' lang='lat' dir='ltr'><strong>talem</strong></span> <span class='ocrx_word' id='word_1_144' title='bbox 514 1767 604 1803; x_wconf 82' lang='lat' dir='ltr'><strong>annam</strong></span> <span class='ocrx_word' id='word_1_145' title='bbox 627 1756 762 1804; x_wconf 80' lang='lat' dir='ltr'><strong>commerti-</strong></span> 
     </span>
     <span class='ocr_line' id='line_1_20' title="bbox 220 1820 760 1888; baseline -0.007 -12"><span class='ocrx_word' id='word_1_146' title='bbox 220 1827 277 1876; x_wconf 81' lang='lat' dir='ltr'><strong>lr&#39;ura</strong></span> <span class='ocrx_word' id='word_1_147' title='bbox 303 1823 430 1874; x_wconf 81' lang='lat' dir='ltr'><strong>Herodoti</strong></span> <span class='ocrx_word' id='word_1_148' title='bbox 460 1826 542 1872; x_wconf 82' lang='lat' dir='ltr'><strong>vocat</strong></span> <span class='ocrx_word' id='word_1_149' title='bbox 572 1820 625 1888; x_wconf 91' lang='lat' dir='ltr'><strong>(De</strong></span> <span class='ocrx_word' id='word_1_150' title='bbox 654 1823 760 1873; x_wconf 90' lang='lat' dir='ltr'><strong>emend.</strong></span> 
     </span>
     <span class='ocr_line' id='line_1_21' title="bbox 219 1891 759 1959; baseline -0.004 -13"><span class='ocrx_word' id='word_1_151' title='bbox 219 1899 320 1959; x_wconf 90' lang='lat' dir='ltr'><strong>tempp.</strong></span> <span class='ocrx_word' id='word_1_152' title='bbox 344 1892 405 1942; x_wconf 89' lang='lat' dir='ltr'><strong>Lib.</strong></span> <span class='ocrx_word' id='word_1_153' title='bbox 429 1892 453 1942; x_wconf 93' lang='lat' dir='ltr'><strong>I.</strong></span> <span class='ocrx_word' id='word_1_154' title='bbox 483 1897 550 1942; x_wconf 86' lang='lat' dir='ltr'><strong>extr.</strong></span> <span class='ocrx_word' id='word_1_155' title='bbox 579 1909 607 1958; x_wconf 90' lang='lat' dir='ltr'><strong>p.</strong></span> <span class='ocrx_word' id='word_1_156' title='bbox 632 1893 667 1944; x_wconf 80' lang='lat'><strong>59</strong></span> <span class='ocrx_word' id='word_1_157' title='bbox 690 1891 759 1959; x_wconf 79' lang='lat' dir='ltr'><strong>sq.);</strong></span> 
     </span>
     <span class='ocr_line' id='line_1_22' title="bbox 219 1962 760 2028; baseline -0.004 -13"><span class='ocrx_word' id='word_1_158' title='bbox 219 1980 278 2026; x_wconf 89' lang='lat' dir='ltr'><strong>nec,</strong></span> <span class='ocrx_word' id='word_1_159' title='bbox 290 1963 449 2028; x_wconf 86' lang='lat' dir='ltr'><strong>praesertim</strong></span> <span class='ocrx_word' id='word_1_160' title='bbox 467 1962 626 2013; x_wconf 83' lang='lat' dir='ltr'><strong>insecenda</strong></span> <span class='ocrx_word' id='word_1_161' title='bbox 644 1963 760 2026; x_wconf 88' lang='lat' dir='ltr'><strong>ratione,</strong></span> 
     </span>
     <span class='ocr_line' id='line_1_23' title="bbox 220 2032 762 2097; baseline -0.004 -13"><span class='ocrx_word' id='word_1_162' title='bbox 220 2034 319 2084; x_wconf 90' lang='lat' dir='ltr'><strong>erroris</strong></span> <span class='ocrx_word' id='word_1_163' title='bbox 338 2033 494 2096; x_wconf 84' lang='lat' dir='ltr'><strong>suspicione</strong></span> <span class='ocrx_word' id='word_1_164' title='bbox 516 2032 676 2097; x_wconf 88' lang='lat' dir='ltr'><strong>scriptorem</strong></span> <span class='ocrx_word' id='word_1_165' title='bbox 696 2033 762 2082; x_wconf 91' lang='lat' dir='ltr'><strong>libe·</strong></span> 
     </span>
     <span class='ocr_line' id='line_1_24' title="bbox 220 2103 762 2167; baseline -0.004 -13"><span class='ocrx_word' id='word_1_166' title='bbox 220 2103 274 2154; x_wconf 89' lang='lat' dir='ltr'><strong>rari</strong></span> <span class='ocrx_word' id='word_1_167' title='bbox 292 2117 382 2167; x_wconf 90' lang='lat' dir='ltr'><strong>posse,</strong></span> <span class='ocrx_word' id='word_1_168' title='bbox 401 2107 496 2151; x_wconf 90' lang='lat' dir='ltr'><strong>nostra</strong></span> <span class='ocrx_word' id='word_1_169' title='bbox 512 2107 604 2151; x_wconf 87' lang='lat' dir='ltr'><strong>aetate</strong></span> <span class='ocrx_word' id='word_1_170' title='bbox 622 2103 762 2152; x_wconf 78' lang='lat' dir='ltr'><strong>contendit</strong></span> 
     </span>
     <span class='ocr_line' id='line_1_25' title="bbox 221 2170 763 2236; baseline -0.006 -13"><span class='ocrx_word' id='word_1_171' title='bbox 221 2173 311 2223; x_wconf 78' lang='lat' dir='ltr'><strong>Stura.</strong></span> <span class='ocrx_word' id='word_1_172' title='bbox 335 2172 364 2220; x_wconf 92' lang='lat' dir='ltr'><strong>in</strong></span> <span class='ocrx_word' id='word_1_173' title='bbox 388 2170 547 2221; x_wconf 83' lang='lat' dir='ltr'><strong>detonsione</strong></span> <span class='ocrx_word' id='word_1_174' title='bbox 572 2172 608 2220; x_wconf 90' lang='lat' dir='ltr'><strong>H.</strong></span> <span class='ocrx_word' id='word_1_175' title='bbox 632 2171 763 2236; x_wconf 85' lang='lat' dir='ltr'><strong>Stephani</strong></span> 
     </span>
     <span class='ocr_line' id='line_1_26' title="bbox 219 2239 761 2309; baseline 0 -18"><span class='ocrx_word' id='word_1_176' title='bbox 219 2242 395 2308; x_wconf 86' lang='lat' dir='ltr'><strong>(Commentt.</strong></span> <span class='ocrx_word' id='word_1_177' title='bbox 428 2241 523 2290; x_wconf 84' lang='lat' dir='ltr'><strong>societ.</strong></span> <span class='ocrx_word' id='word_1_178' title='bbox 559 2239 652 2304; x_wconf 87' lang='lat' dir='ltr'><strong>philol.</strong></span> <span class='ocrx_word' id='word_1_179' title='bbox 685 2241 761 2309; x_wconf 87' lang='lat' dir='ltr'><strong>Lips.</strong></span> 
     </span>
     <span class='ocr_line' id='line_1_27' title="bbox 221 2307 763 2374; baseline -0.002 -13"><span class='ocrx_word' id='word_1_180' title='bbox 221 2311 260 2372; x_wconf 92' lang='grc' dir='ltr'><strong>ΙΙ,</strong></span> <span class='ocrx_word' id='word_1_181' title='bbox 279 2312 304 2361; x_wconf 84' lang='lat'><strong>2.</strong></span> <span class='ocrx_word' id='word_1_182' title='bbox 325 2326 352 2374; x_wconf 88' lang='lat' dir='ltr'><strong>p.</strong></span> <span class='ocrx_word' id='word_1_183' title='bbox 371 2307 443 2372; x_wconf 81' lang='grc'><strong>239),</strong></span> <span class='ocrx_word' id='word_1_184' title='bbox 463 2325 525 2359; x_wconf 87' lang='lat' dir='ltr'><strong>oum</strong></span> <span class='ocrx_word' id='word_1_185' title='bbox 542 2309 642 2359; x_wconf 86' lang='lat' dir='ltr'><strong>Atticis</strong></span> <span class='ocrx_word' id='word_1_186' title='bbox 656 2309 763 2361; x_wconf 84' lang='lat' dir='ltr'><strong>Solonis</strong></span> 
     </span>
     <span class='ocr_line' id='line_1_28' title="bbox 220 2377 763 2430; baseline 0 0"><span class='ocrx_word' id='word_1_187' title='bbox 220 2383 312 2430; x_wconf 86' lang='lat' dir='ltr'><strong>aetate</strong></span> <span class='ocrx_word' id='word_1_188' title='bbox 329 2395 384 2428; x_wconf 90' lang='lat' dir='ltr'><strong>non</strong></span> <span class='ocrx_word' id='word_1_189' title='bbox 402 2379 455 2427; x_wconf 91' lang='lat' dir='ltr'><strong>nisi</strong></span> <span class='ocrx_word' id='word_1_190' title='bbox 477 2377 530 2430; x_wconf 84' lang='grc'><strong>360</strong></span> <span class='ocrx_word' id='word_1_191' title='bbox 553 2379 656 2429; x_wconf 90' lang='lat' dir='ltr'><strong>dierum</strong></span> <span class='ocrx_word' id='word_1_192' title='bbox 676 2395 763 2430; x_wconf 88' lang='lat' dir='ltr'><strong>annus</strong></span> 
     </span>
     <span class='ocr_line' id='line_1_29' title="bbox 220 2448 764 2504; baseline -0.002 -4"><span class='ocrx_word' id='word_1_193' title='bbox 220 2451 249 2500; x_wconf 88' lang='lat' dir='ltr'><strong>in</strong></span> <span class='ocrx_word' id='word_1_194' title='bbox 263 2464 315 2499; x_wconf 89' lang='lat' dir='ltr'><strong>usu</strong></span> <span class='ocrx_word' id='word_1_195' title='bbox 328 2449 418 2498; x_wconf 84' lang='lat' dir='ltr'><strong>inerit.</strong></span> <span class='ocrx_word' id='word_1_196' title='bbox 437 2448 568 2498; x_wconf 90' lang='lat' dir='ltr'><strong>Librariis</strong></span> <span class='ocrx_word' id='word_1_197' title='bbox 587 2465 705 2504; x_wconf 90' lang='lat' dir='ltr'><strong>errorem</strong></span> <span class='ocrx_word' id='word_1_198' title='bbox 717 2451 764 2499; x_wconf 90' lang='lat' dir='ltr'><strong>tri-</strong></span> 
     </span>
     <span class='ocr_line' id='line_1_30' title="bbox 220 2517 764 2584; baseline -0.002 -13"><span class='ocrx_word' id='word_1_199' title='bbox 220 2519 268 2571; x_wconf 89' lang='lat' dir='ltr'><strong>bui</strong></span> <span class='ocrx_word' id='word_1_200' title='bbox 281 2533 363 2584; x_wconf 86' lang='lat' dir='ltr'><strong>posse</strong></span> <span class='ocrx_word' id='word_1_201' title='bbox 380 2517 451 2567; x_wconf 87' lang='lat' dir='ltr'><strong>idem</strong></span> <span class='ocrx_word' id='word_1_202' title='bbox 469 2523 560 2584; x_wconf 83' lang='lat' dir='ltr'><strong>negat.</strong></span> <span class='ocrx_word' id='word_1_203' title='bbox 580 2518 648 2568; x_wconf 83' lang='lat' dir='ltr'><strong>Aliis</strong></span> <span class='ocrx_word' id='word_1_204' title='bbox 667 2520 764 2584; x_wconf 90' lang='lat' dir='ltr'><strong>proba-</strong></span> 
     </span>
     <span class='ocr_line' id='line_1_31' title="bbox 220 2587 764 2653; baseline 0 -13"><span class='ocrx_word' id='word_1_205' title='bbox 220 2589 301 2640; x_wconf 90' lang='lat' dir='ltr'><strong>bilior</strong></span> <span class='ocrx_word' id='word_1_206' title='bbox 318 2589 379 2638; x_wconf 86' lang='lat' dir='ltr'><strong>visa</strong></span> <span class='ocrx_word' id='word_1_207' title='bbox 398 2591 439 2638; x_wconf 91' lang='lat' dir='ltr'><strong>est</strong></span> <span class='ocrx_word' id='word_1_208' title='bbox 456 2587 524 2638; x_wconf 90' lang='lat' dir='ltr'><strong>haec</strong></span> <span class='ocrx_word' id='word_1_209' title='bbox 538 2588 624 2650; x_wconf 88' lang='lat' dir='ltr'><strong>ratio,</strong></span> <span class='ocrx_word' id='word_1_210' title='bbox 644 2603 698 2653; x_wconf 87' lang='lat' dir='ltr'><strong>qua</strong></span> <span class='ocrx_word' id='word_1_211' title='bbox 716 2591 764 2640; x_wconf 81' lang='lat' dir='ltr'><strong>So-</strong></span> 
     </span>
     <span class='ocr_line' id='line_1_32' title="bbox 220 2658 764 2724; baseline 0 -14"><span class='ocrx_word' id='word_1_212' title='bbox 220 2660 308 2710; x_wconf 90' lang='lat' dir='ltr'><strong>lonem</strong></span> <span class='ocrx_word' id='word_1_213' title='bbox 326 2659 371 2708; x_wconf 92' lang='lat' dir='ltr'><strong>hic</strong></span> <span class='ocrx_word' id='word_1_214' title='bbox 388 2658 475 2707; x_wconf 87' lang='lat' dir='ltr'><strong>minas</strong></span> <span class='ocrx_word' id='word_1_215' title='bbox 496 2658 661 2709; x_wconf 83' lang='lat' dir='ltr'><strong>Graecorum</strong></span> <span class='ocrx_word' id='word_1_216' title='bbox 684 2675 764 2724; x_wconf 87' lang='lat' dir='ltr'><strong>quam</strong></span> 
     </span>
     <span class='ocr_line' id='line_1_33' title="bbox 220 2727 764 2795; baseline 0 -16"><span class='ocrx_word' id='word_1_217' title='bbox 220 2729 358 2795; x_wconf 84' lang='lat' dir='ltr'><strong>Lydorum</strong></span> <span class='ocrx_word' id='word_1_218' title='bbox 375 2745 390 2778; x_wconf 94' lang='lat' dir='ltr'><strong>e</strong></span> <span class='ocrx_word' id='word_1_219' title='bbox 409 2727 521 2778; x_wconf 86' lang='lat' dir='ltr'><strong>calculis</strong></span> <span class='ocrx_word' id='word_1_220' title='bbox 536 2743 636 2778; x_wconf 85' lang='lat' dir='ltr'><strong>annum</strong></span> <span class='ocrx_word' id='word_1_221' title='bbox 653 2727 764 2780; x_wconf 85' lang='lat' dir='ltr'><strong>definire</strong></span> 
     </span>
     <span class='ocr_line' id='line_1_34' title="bbox 219 2797 764 2863; baseline 0 -14"><span class='ocrx_word' id='word_1_222' title='bbox 219 2802 384 2859; x_wconf 87' lang='lat' dir='ltr'><strong>statuerent;</strong></span> <span class='ocrx_word' id='word_1_223' title='bbox 415 2797 461 2863; x_wconf 88' lang='lat' dir='ltr'><strong>qui</strong></span> <span class='ocrx_word' id='word_1_224' title='bbox 492 2813 554 2847; x_wconf 90' lang='lat' dir='ltr'><strong>oum</strong></span> <span class='ocrx_word' id='word_1_225' title='bbox 586 2798 764 2863; x_wconf 84' lang='lat' dir='ltr'><strong>probabiliter</strong></span> 
     </span>
     <span class='ocr_line' id='line_1_35' title="bbox 218 2867 763 2930; baseline -0.004 -10"><span class='ocrx_word' id='word_1_226' title='bbox 218 2869 269 2920; x_wconf 81' lang='lat'><strong>350</strong></span> <span class='ocrx_word' id='word_1_227' title='bbox 296 2867 378 2919; x_wconf 87' lang='lat' dir='ltr'><strong>fuerit</strong></span> <span class='ocrx_word' id='word_1_228' title='bbox 402 2867 519 2930; x_wconf 89' lang='lat' dir='ltr'><strong>dierum,</strong></span> <span class='ocrx_word' id='word_1_229' title='bbox 544 2867 656 2918; x_wconf 85' lang='lat' dir='ltr'><strong>alternis</strong></span> <span class='ocrx_word' id='word_1_230' title='bbox 681 2869 763 2920; x_wconf 88' lang='lat' dir='ltr'><strong>inter-</strong></span> 
     </span>
     <span class='ocr_line' id='line_1_36' title="bbox 221 2937 762 3002; baseline 0 -13"><span class='ocrx_word' id='word_1_231' title='bbox 221 2937 401 2990; x_wconf 88' lang='lat' dir='ltr'><strong>calationibus</strong></span> <span class='ocrx_word' id='word_1_232' title='bbox 420 2937 452 2989; x_wconf 88' lang='grc'><strong>15</strong></span> <span class='ocrx_word' id='word_1_233' title='bbox 471 2937 528 2988; x_wconf 88' lang='lat' dir='ltr'><strong>dies</strong></span> <span class='ocrx_word' id='word_1_234' title='bbox 553 2938 675 2988; x_wconf 88' lang='lat' dir='ltr'><strong>adiectos</strong></span> <span class='ocrx_word' id='word_1_235' title='bbox 695 2954 762 3002; x_wconf 90' lang='lat' dir='ltr'><strong>esse,</strong></span> 
     </span>
     <span class='ocr_line' id='line_1_37' title="bbox 217 3007 764 3074; baseline 0.004 -16"><span class='ocrx_word' id='word_1_236' title='bbox 217 3007 315 3074; x_wconf 85' lang='lat' dir='ltr'><strong>quibus</strong></span> <span class='ocrx_word' id='word_1_237' title='bbox 340 3007 405 3058; x_wconf 90' lang='lat' dir='ltr'><strong>solis</strong></span> <span class='ocrx_word' id='word_1_238' title='bbox 433 3008 525 3058; x_wconf 87' lang='lat' dir='ltr'><strong>cursui</strong></span> <span class='ocrx_word' id='word_1_239' title='bbox 549 3008 764 3060; x_wconf 87' lang='lat' dir='ltr'><strong>accommodare·</strong></span> 
     </span>
     <span class='ocr_line' id='line_1_38' title="bbox 218 3077 762 3143; baseline 0.002 -15"><span class='ocrx_word' id='word_1_240' title='bbox 218 3083 273 3130; x_wconf 91' lang='lat' dir='ltr'><strong>tur.</strong></span> <span class='ocrx_word' id='word_1_241' title='bbox 299 3077 407 3130; x_wconf 88' lang='lat' dir='ltr'><strong>Unde&#39;</strong></span> <span class='ocrx_word' id='word_1_242' title='bbox 399 3094 428 3127; x_wconf 89' lang='grc' dir='ltr'><strong>ιιι</strong></span> <span class='ocrx_word' id='word_1_243' title='bbox 446 3078 586 3128; x_wconf 89' lang='lat' dir='ltr'><strong>Herodoto</strong></span> <span class='ocrx_word' id='word_1_244' title='bbox 605 3078 762 3143; x_wconf 81' lang='lat' dir='ltr'><strong>legendum.</strong></span> 
     </span>
     <span class='ocr_line' id='line_1_39' title="bbox 216 3137 764 3212; baseline 0 -16"><span class='ocrx_word' id='word_1_245' title='bbox 216 3137 322 3212; x_wconf 79' lang='grc' dir='ltr'><strong><em>ἡμέρας</em></strong></span> <span class='ocrx_word' id='word_1_246' title='bbox 346 3145 535 3210; x_wconf 63' lang='lat' dir='ltr'><strong>assuesceres</strong></span> <span class='ocrx_word' id='word_1_247' title='bbox 553 3142 600 3197; x_wconf 81' lang='grc' dir='ltr'><strong><em>κοιλ</em></strong></span> <span class='ocrx_word' id='word_1_248' title='bbox 619 3161 764 3210; x_wconf 78' lang='grc' dir='ltr'><strong><em>τετρακισ-</em></strong></span> 
     </span>
     <span class='ocr_line' id='line_1_40' title="bbox 218 3211 763 3296; baseline 0.007 -33"><span class='ocrx_word' id='word_1_249' title='bbox 218 3214 310 3281; x_wconf 71' lang='grc' dir='ltr'><strong><em>χιλίοις</em></strong></span> <span class='ocrx_word' id='word_1_250' title='bbox 338 3211 386 3264; x_wconf 80' lang='lat' dir='ltr'><strong>acl</strong></span> <span class='ocrx_word' id='word_1_251' title='bbox 408 3211 566 3296; x_wconf 62' lang='grc' dir='ltr'><strong><em>δισμυρίας</em></strong></span> <span class='ocrx_word' id='word_1_252' title='bbox 596 3216 710 3280; x_wconf 69' lang='lat' dir='ltr'><strong>(risco)</strong></span> <span class='ocrx_word' id='word_1_253' title='bbox 735 3223 763 3268; x_wconf 90' lang='grc'><strong>11</strong></span> 
     </span>
     <span class='ocr_line' id='line_1_41' title="bbox 218 3277 762 3350; baseline 0 -15"><span class='ocrx_word' id='word_1_254' title='bbox 218 3285 358 3350; x_wconf 85' lang='lat' dir='ltr'><strong>deinceps.</strong></span> <span class='ocrx_word' id='word_1_255' title='bbox 388 3277 566 3349; x_wconf 81' lang='grc' dir='ltr'><strong><em>πεντήκοντα</em></strong></span> <span class='ocrx_word' id='word_1_256' title='bbox 590 3281 638 3334; x_wconf 77' lang='grc' dir='ltr'><strong>καὶ</strong></span> <span class='ocrx_word' id='word_1_257' title='bbox 660 3301 762 3336; x_wconf 81' lang='grc' dir='ltr'><strong><em>πεντα-</em></strong></span> 
     </span>
     <span class='ocr_line' id='line_1_42' title="bbox 218 3349 760 3418; baseline 0.002 -14"><span class='ocrx_word' id='word_1_258' title='bbox 218 3353 325 3404; x_wconf 81' lang='grc' dir='ltr'><strong><em>κοσίων</em></strong></span> <span class='ocrx_word' id='word_1_259' title='bbox 336 3349 383 3403; x_wconf 76' lang='grc' dir='ltr'><strong>καὶ</strong></span> <span class='ocrx_word' id='word_1_260' title='bbox 392 3353 627 3418; x_wconf 77' lang='grc' dir='ltr'><strong><em>πεντακισχιλίων</em></strong></span> <span class='ocrx_word' id='word_1_261' title='bbox 640 3351 687 3405; x_wconf 83' lang='grc' dir='ltr'><strong>καλ</strong></span> <span class='ocrx_word' id='word_1_262' title='bbox 700 3353 760 3406; x_wconf 84' lang='lat' dir='ltr'><strong>dro-</strong></span> 
     </span>
     <span class='ocr_line' id='line_1_43' title="bbox 218 3421 762 3489; baseline 0.006 -17"><span class='ocrx_word' id='word_1_263' title='bbox 218 3421 328 3489; x_wconf 83' lang='grc' dir='ltr'><strong><em>μυρίων</em></strong></span> <span class='ocrx_word' id='word_1_264' title='bbox 355 3422 474 3488; x_wconf 81' lang='grc'><strong>(25550).</strong></span> <span class='ocrx_word' id='word_1_265' title='bbox 528 3425 561 3474; x_wconf 92' lang='lat' dir='ltr'><strong>In</strong></span> <span class='ocrx_word' id='word_1_266' title='bbox 592 3425 647 3474; x_wconf 91' lang='lat' dir='ltr'><strong>alia</strong></span> <span class='ocrx_word' id='word_1_267' title='bbox 671 3427 762 3476; x_wconf 86' lang='lat' dir='ltr'><strong>omnis</strong></span> 
     </span>
     <span class='ocr_line' id='line_1_44' title="bbox 219 3493 761 3559; baseline 0.002 -15"><span class='ocrx_word' id='word_1_268' title='bbox 219 3493 277 3544; x_wconf 91' lang='lat' dir='ltr'><strong>abit</strong></span> <span class='ocrx_word' id='word_1_269' title='bbox 310 3493 538 3559; x_wconf 82' lang='lat' dir='ltr'><strong>Wyttenbachius</strong></span> <span class='ocrx_word' id='word_1_270' title='bbox 579 3495 689 3545; x_wconf 88' lang='lat' dir='ltr'><strong>Seleott.</strong></span> <span class='ocrx_word' id='word_1_271' title='bbox 722 3496 761 3545; x_wconf 94' lang='lat' dir='ltr'><strong>hi-</strong></span> 
     </span>
     <span class='ocr_line' id='line_1_45' title="bbox 220 3563 761 3629; baseline 0.004 -15"><span class='ocrx_word' id='word_1_272' title='bbox 220 3569 286 3614; x_wconf 87' lang='lat' dir='ltr'><strong>stor.</strong></span> <span class='ocrx_word' id='word_1_273' title='bbox 306 3580 333 3628; x_wconf 93' lang='lat' dir='ltr'><strong>p.</strong></span> <span class='ocrx_word' id='word_1_274' title='bbox 352 3563 404 3614; x_wconf 82' lang='lat'><strong>³48</strong></span> <span class='ocrx_word' id='word_1_275' title='bbox 421 3580 462 3629; x_wconf 90' lang='lat' dir='ltr'><strong>sq.</strong></span> <span class='ocrx_word' id='word_1_276' title='bbox 480 3565 601 3614; x_wconf 90' lang='lat' dir='ltr'><strong>Priorem</strong></span> <span class='ocrx_word' id='word_1_277' title='bbox 620 3565 691 3615; x_wconf 90' lang='lat' dir='ltr'><strong>enim</strong></span> <span class='ocrx_word' id='word_1_278' title='bbox 707 3567 761 3616; x_wconf 90' lang='lat' dir='ltr'><strong>He·</strong></span> 
     </span>
     <span class='ocr_line' id='line_1_46' title="bbox 219 3633 760 3698; baseline 0.004 -14"><span class='ocrx_word' id='word_1_279' title='bbox 219 3633 310 3684; x_wconf 88' lang='lat' dir='ltr'><strong>rodoti</strong></span> <span class='ocrx_word' id='word_1_280' title='bbox 325 3643 464 3684; x_wconf 81' lang='lat' dir='ltr'><strong>numerum</strong></span> <span class='ocrx_word' id='word_1_281' title='bbox 476 3633 643 3698; x_wconf 89' lang='lat' dir='ltr'><strong>probabilem</strong></span> <span class='ocrx_word' id='word_1_282' title='bbox 658 3641 760 3698; x_wconf 88' lang='lat' dir='ltr'><strong>censet,</strong></span> 
     </span>
     <span class='ocr_line' id='line_1_47' title="bbox 220 3703 762 3768; baseline 0.004 -14"><span class='ocrx_word' id='word_1_283' title='bbox 220 3719 281 3754; x_wconf 87' lang='lat' dir='ltr'><strong>cum</strong></span> <span class='ocrx_word' id='word_1_284' title='bbox 307 3705 462 3754; x_wconf 85' lang='lat' dir='ltr'><strong>Herodotus</strong></span> <span class='ocrx_word' id='word_1_285' title='bbox 491 3705 550 3768; x_wconf 90' lang='lat' dir='ltr'><strong>ipse</strong></span> <span class='ocrx_word' id='word_1_286' title='bbox 578 3703 629 3756; x_wconf 88' lang='grc'><strong>360</strong></span> <span class='ocrx_word' id='word_1_287' title='bbox 659 3706 762 3756; x_wconf 89' lang='lat' dir='ltr'><strong>dieram</strong></span> 
     </span>
     <span class='ocr_line' id='line_1_48' title="bbox 219 3773 761 3838; baseline 0.007 -15"><span class='ocrx_word' id='word_1_288' title='bbox 219 3787 319 3823; x_wconf 89' lang='lat' dir='ltr'><strong>annum</strong></span> <span class='ocrx_word' id='word_1_289' title='bbox 337 3773 508 3823; x_wconf 89' lang='lat' dir='ltr'><strong>constituerit</strong></span> <span class='ocrx_word' id='word_1_290' title='bbox 527 3775 565 3835; x_wconf 88' lang='lat'><strong>11,</strong></span> <span class='ocrx_word' id='word_1_291' title='bbox 587 3776 612 3824; x_wconf 84' lang='grc'><strong>1.</strong></span> <span class='ocrx_word' id='word_1_292' title='bbox 641 3775 693 3838; x_wconf 88' lang='grc' dir='ltr'>ΙΙΙ,</span> <span class='ocrx_word' id='word_1_293' title='bbox 716 3775 761 3827; x_wconf 86' lang='grc'><strong>90.</strong></span> 
     </span>
     <span class='ocr_line' id='line_1_49' title="bbox 220 3841 762 3895; baseline 0.006 -3"><span class='ocrx_word' id='word_1_294' title='bbox 220 3841 273 3892; x_wconf 85' lang='lat' dir='ltr'><strong>Sed</strong></span> <span class='ocrx_word' id='word_1_295' title='bbox 291 3841 376 3892; x_wconf 92' lang='lat' dir='ltr'><strong>altero</strong></span> <span class='ocrx_word' id='word_1_296' title='bbox 395 3843 474 3892; x_wconf 93' lang='lat' dir='ltr'><strong>modo</strong></span> <span class='ocrx_word' id='word_1_297' title='bbox 495 3844 523 3893; x_wconf 88' lang='lat' dir='ltr'><strong>in</strong></span> <span class='ocrx_word' id='word_1_298' title='bbox 540 3859 678 3894; x_wconf 87' lang='lat' dir='ltr'><strong>numerum</strong></span> <span class='ocrx_word' id='word_1_299' title='bbox 697 3847 762 3895; x_wconf 90' lang='lat' dir='ltr'><strong>anni</strong></span> 
     </span>
     <span class='ocr_line' id='line_1_50' title="bbox 220 3909 763 3976; baseline 0.008 -16"><span class='ocrx_word' id='word_1_300' title='bbox 220 3911 322 3961; x_wconf 90' lang='lat' dir='ltr'><strong>dierum</strong></span> <span class='ocrx_word' id='word_1_301' title='bbox 339 3909 389 3962; x_wconf 80' lang='lat'><strong>375</strong></span> <span class='ocrx_word' id='word_1_302' title='bbox 408 3913 505 3962; x_wconf 86' lang='lat' dir='ltr'><strong>vitium</strong></span> <span class='ocrx_word' id='word_1_303' title='bbox 528 3913 668 3976; x_wconf 84' lang='lat' dir='ltr'><strong>irrepsisse</strong></span> <span class='ocrx_word' id='word_1_304' title='bbox 692 3916 763 3966; x_wconf 90' lang='lat' dir='ltr'><strong>arbi-</strong></span> 
     </span>
     <span class='ocr_line' id='line_1_51' title="bbox 219 3978 763 4066; baseline 0.009 -36"><span class='ocrx_word' id='word_1_305' title='bbox 219 3985 308 4030; x_wconf 86' lang='lat' dir='ltr'><strong>tratur</strong></span> <span class='ocrx_word' id='word_1_306' title='bbox 325 3981 503 4062; x_wconf 81' lang='lat' dir='ltr'><strong>vocalemque</strong></span> <span class='ocrx_word' id='word_1_307' title='bbox 523 3978 689 4066; x_wconf 77' lang='grc' dir='ltr'><strong><em>τοῦτερον</em></strong></span> <span class='ocrx_word' id='word_1_308' title='bbox 706 4001 763 4035; x_wconf 91' lang='lat' dir='ltr'><strong>mu-</strong></span> 
     </span>
     <span class='ocr_line' id='line_1_52' title="bbox 218 4041 762 4118; baseline 0.006 -19"><span class='ocrx_word' id='word_1_309' title='bbox 218 4050 398 4100; x_wconf 84' lang='lat' dir='ltr'><strong>tatamvult&#39;</strong></span> <span class='ocrx_word' id='word_1_310' title='bbox 391 4068 420 4101; x_wconf 89' lang='grc' dir='ltr'><strong>ιιι</strong></span> <span class='ocrx_word' id='word_1_311' title='bbox 437 4041 500 4100; x_wconf 80' lang='grc' dir='ltr'><em>τοῦ</em></span> <span class='ocrx_word' id='word_1_312' title='bbox 508 4066 590 4102; x_wconf 84' lang='grc' dir='ltr'><strong><em>ιιτον</em></strong></span> <span class='ocrx_word' id='word_1_313' title='bbox 604 4047 646 4117; x_wconf 85' lang='grc' dir='ltr'><strong>(τὸ</strong></span> <span class='ocrx_word' id='word_1_314' title='bbox 659 4049 762 4118; x_wconf 76' lang='grc' dir='ltr'><strong>ἕκτον),</strong></span> 
     </span>
     <span class='ocr_line' id='line_1_53' title="bbox 161 4115 763 4185; baseline 0.007 -15"><span class='ocrx_word' id='word_1_315' title='bbox 161 4115 166 4124; x_wconf 87' lang='grc'><strong>’</strong></span> <span class='ocrx_word' id='word_1_316' title='bbox 217 4127 390 4185; x_wconf 69' lang='lat' dir='ltr'><strong>restareque</strong></span> <span class='ocrx_word' id='word_1_317' title='bbox 406 4137 493 4172; x_wconf 87' lang='lat' dir='ltr'><strong>annus</strong></span> <span class='ocrx_word' id='word_1_318' title='bbox 509 4122 572 4172; x_wconf 89' lang='lat' dir='ltr'><strong>inde</strong></span> <span class='ocrx_word' id='word_1_319' title='bbox 584 4124 698 4173; x_wconf 79' lang='lat' dir='ltr'><strong>exsistat</strong></span> <span class='ocrx_word' id='word_1_320' title='bbox 709 4124 763 4174; x_wconf 87' lang='lat' dir='ltr'><strong>die·</strong></span> 
     </span>
     <span class='ocr_line' id='line_1_54' title="bbox 218 4157 763 4258; baseline 0.009 -20"><span class='ocrx_word' id='word_1_321' title='bbox 218 4157 353 4251; x_wconf 76' lang='grc'><strong>1111111165,</strong></span> <span class='ocrx_word' id='word_1_322' title='bbox 375 4206 457 4256; x_wconf 88' lang='lat' dir='ltr'><strong>quum</strong></span> <span class='ocrx_word' id='word_1_323' title='bbox 475 4207 513 4242; x_wconf 90' lang='lat' dir='ltr'><strong>sc.</strong></span> <span class='ocrx_word' id='word_1_324' title='bbox 532 4197 625 4242; x_wconf 89' lang='lat' dir='ltr'><strong>sextus</strong></span> <span class='ocrx_word' id='word_1_325' title='bbox 649 4193 763 4258; x_wconf 89' lang='lat' dir='ltr'><strong>quisque</strong></span> 
     </span>
     <span class='ocr_line' id='line_1_55' title="bbox 218 4261 763 4314; baseline 0.009 -4"><span class='ocrx_word' id='word_1_326' title='bbox 218 4275 305 4310; x_wconf 87' lang='lat' dir='ltr'><strong>annus</strong></span> <span class='ocrx_word' id='word_1_327' title='bbox 321 4276 440 4312; x_wconf 87' lang='lat' dir='ltr'><strong>mensem</strong></span> <span class='ocrx_word' id='word_1_328' title='bbox 457 4261 558 4313; x_wconf 86' lang='lat' dir='ltr'><strong>habeat</strong></span> <span class='ocrx_word' id='word_1_329' title='bbox 571 4261 763 4314; x_wconf 82' lang='lat' dir='ltr'><strong>intercalarem</strong></span> 
     </span>
     <span class='ocr_line' id='line_1_56' title="bbox 219 4329 763 4399; baseline 0 -15"><span class='ocrx_word' id='word_1_330' title='bbox 219 4329 323 4384; x_wconf 82' lang='lat' dir='ltr'><strong>dierum</strong></span> <span class='ocrx_word' id='word_1_331' title='bbox 345 4331 379 4386; x_wconf 82' lang='lat'><strong>30</strong></span> <span class='ocrx_word' id='word_1_332' title='bbox 408 4335 435 4386; x_wconf 83' lang='lat' dir='ltr'><strong>et</strong></span> <span class='ocrx_word' id='word_1_333' title='bbox 463 4332 649 4399; x_wconf 87' lang='lat' dir='ltr'><strong>unusquisque</strong></span> <span class='ocrx_word' id='word_1_334' title='bbox 676 4348 763 4386; x_wconf 84' lang='lat' dir='ltr'><strong>annus</strong></span> 
     </span>
    </p>
   </div>
   <div class='ocr_carea' id='block_1_7' title="bbox 811 1535 1361 4400">
    <p class='ocr_par' dir='ltr' id='par_1_7' title="bbox 811 1535 1361 4400">
     <span class='ocr_line' id='line_1_57' title="bbox 814 1535 1356 1620; baseline -0.006 -29"><span class='ocrx_word' id='word_1_335' title='bbox 814 1535 966 1608; x_wconf 68' lang='lat' dir='ltr'><strong>aspriora</strong></span> <span class='ocrx_word' id='word_1_336' title='bbox 992 1539 1233 1620; x_wconf 62' lang='grc'><strong>1111111111</strong></span> <span class='ocrx_word' id='word_1_337' title='bbox 1259 1539 1356 1604; x_wconf 90' lang='lat' dir='ltr'><strong>utique</strong></span> 
     </span>
     <span class='ocr_line' id='line_1_58' title="bbox 813 1610 1354 1691; baseline -0.011 -27"><span class='ocrx_word' id='word_1_338' title='bbox 813 1611 886 1664; x_wconf 86' lang='lat' dir='ltr'><strong>haud</strong></span> <span class='ocrx_word' id='word_1_339' title='bbox 904 1610 970 1661; x_wconf 87' lang='lat' dir='ltr'><strong>talia</strong></span> <span class='ocrx_word' id='word_1_340' title='bbox 988 1615 1060 1672; x_wconf 88' lang='lat' dir='ltr'><strong>sunt,</strong></span> <span class='ocrx_word' id='word_1_341' title='bbox 1073 1625 1142 1691; x_wconf 74' lang='lat' dir='ltr'><strong>quae</strong></span> <span class='ocrx_word' id='word_1_342' title='bbox 1154 1610 1279 1691; x_wconf 82' lang='lat' dir='ltr'><strong>cuiquam</strong></span> <span class='ocrx_word' id='word_1_343' title='bbox 1294 1625 1354 1674; x_wconf 90' lang='lat' dir='ltr'><strong>pro-</strong></span> 
     </span>
     <span class='ocr_line' id='line_1_59' title="bbox 812 1679 1356 1746; baseline -0.011 -12"><span class='ocrx_word' id='word_1_344' title='bbox 812 1682 873 1734; x_wconf 86' lang='lat' dir='ltr'><strong>bari</strong></span> <span class='ocrx_word' id='word_1_345' title='bbox 890 1681 1004 1746; x_wconf 89' lang='lat' dir='ltr'><strong>possint.</strong></span> <span class='ocrx_word' id='word_1_346' title='bbox 1029 1681 1067 1730; x_wconf 89' lang='lat' dir='ltr'><strong>Ut</strong></span> <span class='ocrx_word' id='word_1_347' title='bbox 1085 1680 1155 1730; x_wconf 89' lang='lat' dir='ltr'><strong>enim</strong></span> <span class='ocrx_word' id='word_1_348' title='bbox 1179 1680 1238 1729; x_wconf 88' lang='lat' dir='ltr'><strong>viro</strong></span> <span class='ocrx_word' id='word_1_349' title='bbox 1256 1679 1356 1729; x_wconf 88' lang='lat' dir='ltr'><strong>doctis-</strong></span> 
     </span>
     <span class='ocr_line' id='line_1_60' title="bbox 814 1749 1356 1816; baseline -0.011 -12"><span class='ocrx_word' id='word_1_350' title='bbox 814 1755 882 1804; x_wconf 90' lang='lat' dir='ltr'><strong>simo</strong></span> <span class='ocrx_word' id='word_1_351' title='bbox 896 1752 925 1801; x_wconf 88' lang='lat' dir='ltr'><strong>id</strong></span> <span class='ocrx_word' id='word_1_352' title='bbox 943 1751 1053 1816; x_wconf 86' lang='lat' dir='ltr'><strong>largiar,</strong></span> <span class='ocrx_word' id='word_1_353' title='bbox 1064 1749 1232 1800; x_wconf 86' lang='lat' dir='ltr'><strong>Herodotum</strong></span> <span class='ocrx_word' id='word_1_354' title='bbox 1249 1750 1356 1798; x_wconf 90' lang='lat' dir='ltr'><strong>nonita</strong></span> 
     </span>
     <span class='ocr_line' id='line_1_61' title="bbox 814 1819 1357 1886; baseline -0.013 -12"><span class='ocrx_word' id='word_1_355' title='bbox 814 1821 964 1886; x_wconf 85' lang='lat' dir='ltr'><strong>scripsisse,</strong></span> <span class='ocrx_word' id='word_1_356' title='bbox 984 1819 1209 1886; x_wconf 88' lang='lat' dir='ltr'><strong>quemadmodum</strong></span> <span class='ocrx_word' id='word_1_357' title='bbox 1225 1835 1297 1868; x_wconf 89' lang='lat' dir='ltr'><strong>nuuc</strong></span> <span class='ocrx_word' id='word_1_358' title='bbox 1320 1819 1357 1868; x_wconf 93' lang='lat' dir='ltr'><strong>le-</strong></span> 
     </span>
     <span class='ocr_line' id='line_1_62' title="bbox 811 1889 1358 1960; baseline -0.009 -17"><span class='ocrx_word' id='word_1_359' title='bbox 811 1898 904 1960; x_wconf 64' lang='lat' dir='ltr'><strong>gatum</strong></span> <span class='ocrx_word' id='word_1_360' title='bbox 924 1891 995 1941; x_wconf 90' lang='lat' dir='ltr'><strong>idem</strong></span> <span class='ocrx_word' id='word_1_361' title='bbox 1017 1896 1109 1940; x_wconf 86' lang='lat' dir='ltr'><strong>tamen</strong></span> <span class='ocrx_word' id='word_1_362' title='bbox 1134 1889 1268 1940; x_wconf 89' lang='lat' dir='ltr'><strong>contendo</strong></span> <span class='ocrx_word' id='word_1_363' title='bbox 1287 1889 1358 1938; x_wconf 86' lang='lat' dir='ltr'><strong>hanc</strong></span> 
     </span>
     <span class='ocr_line' id='line_1_63' title="bbox 812 1960 1357 2026; baseline -0.011 -12"><span class='ocrx_word' id='word_1_364' title='bbox 812 1961 992 2026; x_wconf 87' lang='lat' dir='ltr'><strong>corruptelam</strong></span> <span class='ocrx_word' id='word_1_365' title='bbox 1022 1960 1145 2010; x_wconf 87' lang='lat' dir='ltr'><strong>altiorem</strong></span> <span class='ocrx_word' id='word_1_366' title='bbox 1172 1974 1248 2022; x_wconf 89' lang='lat' dir='ltr'><strong>esse,</strong></span> <span class='ocrx_word' id='word_1_367' title='bbox 1276 1974 1357 2023; x_wconf 88' lang='lat' dir='ltr'><strong>quarn</strong></span> 
     </span>
     <span class='ocr_line' id='line_1_64' title="bbox 812 2029 1358 2100; baseline -0.011 -16"><span class='ocrx_word' id='word_1_368' title='bbox 812 2049 882 2100; x_wconf 88' lang='lat' dir='ltr'><strong>quae</strong></span> <span class='ocrx_word' id='word_1_369' title='bbox 897 2033 930 2082; x_wconf 90' lang='lat' dir='ltr'><strong>iis</strong></span> <span class='ocrx_word' id='word_1_370' title='bbox 945 2030 1034 2095; x_wconf 54' lang='lat' dir='ltr'><strong>&#39;copiis</strong></span> <span class='ocrx_word' id='word_1_371' title='bbox 1054 2029 1270 2094; x_wconf 88' lang='lat' dir='ltr'><strong>manuscriptis,</strong></span> <span class='ocrx_word' id='word_1_372' title='bbox 1290 2043 1358 2093; x_wconf 86' lang='lat' dir='ltr'><strong>qaas</strong></span> 
     </span>
     <span class='ocr_line' id='line_1_65' title="bbox 814 2099 1357 2164; baseline -0.009 -11"><span class='ocrx_word' id='word_1_373' title='bbox 814 2119 862 2153; x_wconf 88' lang='lat' dir='ltr'><strong>nos</strong></span> <span class='ocrx_word' id='word_1_374' title='bbox 879 2102 1018 2162; x_wconf 87' lang='lat' dir='ltr'><strong>habemus,</strong></span> <span class='ocrx_word' id='word_1_375' title='bbox 1038 2099 1129 2150; x_wconf 88' lang='lat' dir='ltr'><strong>sanari</strong></span> <span class='ocrx_word' id='word_1_376' title='bbox 1148 2100 1246 2164; x_wconf 87' lang='lat' dir='ltr'><strong>possit.</strong></span> <span class='ocrx_word' id='word_1_377' title='bbox 1262 2099 1357 2164; x_wconf 86' lang='lat' dir='ltr'><strong>Neque</strong></span> 
     </span>
     <span class='ocr_line' id='line_1_66' title="bbox 813 2169 1355 2233; baseline -0.011 -10"><span class='ocrx_word' id='word_1_378' title='bbox 813 2173 842 2223; x_wconf 93' lang='lat' dir='ltr'><strong>id</strong></span> <span class='ocrx_word' id='word_1_379' title='bbox 860 2171 974 2222; x_wconf 87' lang='lat' dir='ltr'><strong>multum</strong></span> <span class='ocrx_word' id='word_1_380' title='bbox 991 2169 1073 2232; x_wconf 83' lang='lat' dir='ltr'><strong>valet,</strong></span> <span class='ocrx_word' id='word_1_381' title='bbox 1097 2169 1169 2233; x_wconf 88' lang='lat' dir='ltr'><strong>qnod</strong></span> <span class='ocrx_word' id='word_1_382' title='bbox 1192 2169 1355 2220; x_wconf 88' lang='lat' dir='ltr'><strong>Plutarchus</strong></span> 
     </span>
     <span class='ocr_line' id='line_1_67' title="bbox 814 2239 1357 2304; baseline -0.007 -12"><span class='ocrx_word' id='word_1_383' title='bbox 814 2244 841 2292; x_wconf 90' lang='lat' dir='ltr'><strong>in</strong></span> <span class='ocrx_word' id='word_1_384' title='bbox 853 2242 912 2292; x_wconf 84' lang='lat' dir='ltr'><strong>vita</strong></span> <span class='ocrx_word' id='word_1_385' title='bbox 920 2240 1027 2292; x_wconf 85' lang='lat' dir='ltr'><strong>Solonis</strong></span> <span class='ocrx_word' id='word_1_386' title='bbox 1040 2255 1065 2290; x_wconf 87' lang='lat' dir='ltr'><strong>o.</strong></span> <span class='ocrx_word' id='word_1_387' title='bbox 1076 2241 1109 2291; x_wconf 81' lang='lat'><strong>27</strong></span> <span class='ocrx_word' id='word_1_388' title='bbox 1120 2239 1284 2304; x_wconf 86' lang='lat' dir='ltr'><strong>colloquium</strong></span> <span class='ocrx_word' id='word_1_389' title='bbox 1295 2239 1357 2289; x_wconf 92' lang='lat' dir='ltr'><strong>hoc-</strong></span> 
     </span>
     <span class='ocr_line' id='line_1_68' title="bbox 814 2309 1356 2363; baseline -0.009 0"><span class='ocrx_word' id='word_1_390' title='bbox 814 2329 845 2363; x_wconf 87' lang='lat' dir='ltr'><strong>ce</strong></span> <span class='ocrx_word' id='word_1_391' title='bbox 860 2326 973 2361; x_wconf 85' lang='lat' dir='ltr'><strong>narrans</strong></span> <span class='ocrx_word' id='word_1_392' title='bbox 998 2310 1069 2360; x_wconf 88' lang='lat' dir='ltr'><strong>hanc</strong></span> <span class='ocrx_word' id='word_1_393' title='bbox 1090 2325 1224 2360; x_wconf 85' lang='lat' dir='ltr'><strong>annorum</strong></span> <span class='ocrx_word' id='word_1_394' title='bbox 1242 2309 1356 2358; x_wconf 87' lang='lat' dir='ltr'><strong>dierum-</strong></span> 
     </span>
     <span class='ocr_line' id='line_1_69' title="bbox 814 2380 1359 2448; baseline -0.009 -16"><span class='ocrx_word' id='word_1_395' title='bbox 814 2397 866 2448; x_wconf 88' lang='lat' dir='ltr'><strong>que</strong></span> <span class='ocrx_word' id='word_1_396' title='bbox 877 2381 1106 2432; x_wconf 87' lang='lat' dir='ltr'><strong>enumerationem</strong></span> <span class='ocrx_word' id='word_1_397' title='bbox 1117 2395 1228 2444; x_wconf 86' lang='lat' dir='ltr'><strong>prorsns</strong></span> <span class='ocrx_word' id='word_1_398' title='bbox 1240 2380 1359 2441; x_wconf 86' lang='lat' dir='ltr'><strong>omittat,</strong></span> 
     </span>
     <span class='ocr_line' id='line_1_70' title="bbox 814 2449 1359 2515; baseline -0.006 -14"><span class='ocrx_word' id='word_1_399' title='bbox 814 2455 862 2502; x_wconf 89' lang='lat' dir='ltr'><strong>aut</strong></span> <span class='ocrx_word' id='word_1_400' title='bbox 885 2453 914 2501; x_wconf 89' lang='lat' dir='ltr'><strong>in</strong></span> <span class='ocrx_word' id='word_1_401' title='bbox 931 2450 1000 2500; x_wconf 91' lang='lat' dir='ltr'><strong>libro</strong></span> <span class='ocrx_word' id='word_1_402' title='bbox 1024 2449 1056 2499; x_wconf 89' lang='lat' dir='ltr'><strong>de</strong></span> <span class='ocrx_word' id='word_1_403' title='bbox 1079 2449 1251 2515; x_wconf 82' lang='lat' dir='ltr'><strong>malignitate</strong></span> <span class='ocrx_word' id='word_1_404' title='bbox 1274 2450 1359 2499; x_wconf 90' lang='lat' dir='ltr'><strong>Hero-</strong></span> 
     </span>
     <span class='ocr_line' id='line_1_71' title="bbox 815 2519 1359 2584; baseline -0.007 -12"><span class='ocrx_word' id='word_1_405' title='bbox 815 2522 881 2584; x_wconf 85' lang='lat' dir='ltr'><strong>doti,</strong></span> <span class='ocrx_word' id='word_1_406' title='bbox 895 2520 942 2570; x_wconf 90' lang='lat' dir='ltr'><strong>ubi</strong></span> <span class='ocrx_word' id='word_1_407' title='bbox 960 2519 1029 2570; x_wconf 90' lang='lat' dir='ltr'><strong>alios</strong></span> <span class='ocrx_word' id='word_1_408' title='bbox 1044 2520 1138 2569; x_wconf 89' lang='lat' dir='ltr'><strong>Nostri</strong></span> <span class='ocrx_word' id='word_1_409' title='bbox 1155 2535 1259 2570; x_wconf 92' lang='lat' dir='ltr'><strong>errores</strong></span> <span class='ocrx_word' id='word_1_410' title='bbox 1278 2520 1359 2568; x_wconf 88' lang='lat' dir='ltr'><strong>casti-</strong></span> 
     </span>
     <span class='ocr_line' id='line_1_72' title="bbox 814 2587 1359 2657; baseline -0.006 -16"><span class='ocrx_word' id='word_1_411' title='bbox 814 2597 871 2657; x_wconf 82' lang='lat' dir='ltr'><strong>gat,</strong></span> <span class='ocrx_word' id='word_1_412' title='bbox 899 2590 950 2639; x_wconf 88' lang='lat' dir='ltr'><strong>hac</strong></span> <span class='ocrx_word' id='word_1_413' title='bbox 977 2587 1010 2638; x_wconf 90' lang='lat' dir='ltr'><strong>de</strong></span> <span class='ocrx_word' id='word_1_414' title='bbox 1033 2604 1062 2640; x_wconf 91' lang='lat' dir='ltr'><strong>re</strong></span> <span class='ocrx_word' id='word_1_415' title='bbox 1090 2593 1190 2640; x_wconf 85' lang='lat' dir='ltr'><strong>taceat.</strong></span> <span class='ocrx_word' id='word_1_416' title='bbox 1226 2591 1359 2640; x_wconf 88' lang='lat' dir='ltr'><strong>Neutrum</strong></span> 
     </span>
     <span class='ocr_line' id='line_1_73' title="bbox 815 2659 1357 2724; baseline -0.009 -12"><span class='ocrx_word' id='word_1_417' title='bbox 815 2661 886 2712; x_wconf 88' lang='lat' dir='ltr'><strong>enirn</strong></span> <span class='ocrx_word' id='word_1_418' title='bbox 903 2659 958 2710; x_wconf 88' lang='lat' dir='ltr'><strong>tale</strong></span> <span class='ocrx_word' id='word_1_419' title='bbox 975 2673 1035 2709; x_wconf 86' lang='lat' dir='ltr'><strong>esse</strong></span> <span class='ocrx_word' id='word_1_420' title='bbox 1053 2663 1132 2722; x_wconf 89' lang='lat' dir='ltr'><strong>puto,</strong></span> <span class='ocrx_word' id='word_1_421' title='bbox 1154 2673 1187 2710; x_wconf 86' lang='lat' dir='ltr'><strong>ex</strong></span> <span class='ocrx_word' id='word_1_422' title='bbox 1211 2675 1264 2724; x_wconf 91' lang='lat' dir='ltr'><strong>quo</strong></span> <span class='ocrx_word' id='word_1_423' title='bbox 1290 2659 1357 2709; x_wconf 90' lang='lat' dir='ltr'><strong>certi</strong></span> 
     </span>
     <span class='ocr_line' id='line_1_74' title="bbox 815 2727 1358 2797; baseline -0.004 -15"><span class='ocrx_word' id='word_1_424' title='bbox 815 2731 880 2797; x_wconf 86' lang='lat' dir='ltr'><strong>quid</strong></span> <span class='ocrx_word' id='word_1_425' title='bbox 896 2729 930 2780; x_wconf 88' lang='lat' dir='ltr'><strong>ad</strong></span> <span class='ocrx_word' id='word_1_426' title='bbox 940 2727 1074 2780; x_wconf 88' lang='lat' dir='ltr'><strong>Herodoti</strong></span> <span class='ocrx_word' id='word_1_427' title='bbox 1088 2728 1178 2779; x_wconf 84' lang='lat' dir='ltr'><strong>locum</strong></span> <span class='ocrx_word' id='word_1_428' title='bbox 1196 2729 1294 2780; x_wconf 89' lang='lat' dir='ltr'><strong>coniici</strong></span> <span class='ocrx_word' id='word_1_429' title='bbox 1311 2733 1358 2780; x_wconf 89' lang='lat' dir='ltr'><strong>aut</strong></span> 
     </span>
     <span class='ocr_line' id='line_1_75' title="bbox 815 2799 1357 2864; baseline -0.007 -12"><span class='ocrx_word' id='word_1_430' title='bbox 815 2799 940 2852; x_wconf 87' lang='lat' dir='ltr'><strong>concludi</strong></span> <span class='ocrx_word' id='word_1_431' title='bbox 959 2803 1054 2863; x_wconf 80' lang='lat' dir='ltr'><strong>queat3</strong></span> <span class='ocrx_word' id='word_1_432' title='bbox 1074 2800 1101 2848; x_wconf 91' lang='lat' dir='ltr'><strong>in</strong></span> <span class='ocrx_word' id='word_1_433' title='bbox 1125 2815 1177 2864; x_wconf 90' lang='lat' dir='ltr'><strong>qno</strong></span> <span class='ocrx_word' id='word_1_434' title='bbox 1200 2800 1224 2848; x_wconf 88' lang='lat' dir='ltr'><strong>si</strong></span> <span class='ocrx_word' id='word_1_435' title='bbox 1243 2800 1357 2864; x_wconf 92' lang='lat' dir='ltr'><strong>scripto-</strong></span> 
     </span>
     <span class='ocr_line' id='line_1_76' title="bbox 814 2868 1357 2934; baseline -0.004 -14"><span class='ocrx_word' id='word_1_436' title='bbox 814 2887 870 2921; x_wconf 90' lang='lat' dir='ltr'><strong>rem</strong></span> <span class='ocrx_word' id='word_1_437' title='bbox 888 2871 976 2934; x_wconf 91' lang='lat' dir='ltr'><strong>ipsum</strong></span> <span class='ocrx_word' id='word_1_438' title='bbox 997 2873 1053 2930; x_wconf 90' lang='lat' dir='ltr'><strong>ant,</strong></span> <span class='ocrx_word' id='word_1_439' title='bbox 1074 2869 1121 2933; x_wconf 90' lang='lat' dir='ltr'><strong>qui</strong></span> <span class='ocrx_word' id='word_1_440' title='bbox 1140 2869 1174 2918; x_wconf 88' lang='lat' dir='ltr'><strong>ab</strong></span> <span class='ocrx_word' id='word_1_441' title='bbox 1193 2883 1225 2918; x_wconf 91' lang='lat' dir='ltr'><strong>eo</strong></span> <span class='ocrx_word' id='word_1_442' title='bbox 1242 2868 1357 2934; x_wconf 86' lang='lat' dir='ltr'><strong>loquens</strong></span> 
     </span>
     <span class='ocr_line' id='line_1_77' title="bbox 813 2938 1357 3000; baseline -0.004 -10"><span class='ocrx_word' id='word_1_443' title='bbox 813 2939 959 3000; x_wconf 87' lang='lat' dir='ltr'><strong>inducitur,</strong></span> <span class='ocrx_word' id='word_1_444' title='bbox 981 2938 1109 2988; x_wconf 87' lang='lat' dir='ltr'><strong>Solonem</strong></span> <span class='ocrx_word' id='word_1_445' title='bbox 1126 2954 1230 2989; x_wconf 88' lang='lat' dir='ltr'><strong>errasse</strong></span> <span class='ocrx_word' id='word_1_446' title='bbox 1246 2945 1357 2989; x_wconf 89' lang='lat' dir='ltr'><strong>temere·</strong></span> 
     </span>
     <span class='ocr_line' id='line_1_78' title="bbox 814 3008 1359 3074; baseline -0.004 -14"><span class='ocrx_word' id='word_1_447' title='bbox 814 3025 866 3074; x_wconf 88' lang='lat' dir='ltr'><strong>que</strong></span> <span class='ocrx_word' id='word_1_448' title='bbox 879 3012 1051 3072; x_wconf 88' lang='lat' dir='ltr'><strong>computasse</strong></span> <span class='ocrx_word' id='word_1_449' title='bbox 1066 3008 1174 3070; x_wconf 88' lang='lat' dir='ltr'><strong>dixeris,</strong></span> <span class='ocrx_word' id='word_1_450' title='bbox 1186 3008 1293 3059; x_wconf 80' lang='lat' dir='ltr'><strong>facilius</strong></span> <span class='ocrx_word' id='word_1_451' title='bbox 1306 3009 1359 3058; x_wconf 91' lang='lat' dir='ltr'><strong>uti-</strong></span> 
     </span>
     <span class='ocr_line' id='line_1_79' title="bbox 814 3079 1357 3144; baseline -0.002 -16"><span class='ocrx_word' id='word_1_452' title='bbox 814 3093 923 3144; x_wconf 87' lang='lat' dir='ltr'><strong>queres</strong></span> <span class='ocrx_word' id='word_1_453' title='bbox 941 3084 1127 3142; x_wconf 87' lang='lat' dir='ltr'><strong>componetur.</strong></span> <span class='ocrx_word' id='word_1_454' title='bbox 1152 3079 1206 3128; x_wconf 79' lang='lat' dir='ltr'><strong>Sed</strong></span> <span class='ocrx_word' id='word_1_455' title='bbox 1223 3079 1250 3129; x_wconf 92' lang='lat' dir='ltr'><strong>id</strong></span> <span class='ocrx_word' id='word_1_456' title='bbox 1268 3080 1357 3143; x_wconf 87' lang='lat' dir='ltr'><strong>ipsum</strong></span> 
     </span>
     <span class='ocr_line' id='line_1_80' title="bbox 814 3147 1357 3213; baseline -0.004 -13"><span class='ocrx_word' id='word_1_457' title='bbox 814 3153 934 3200; x_wconf 87' lang='lat' dir='ltr'><strong>statuere</strong></span> <span class='ocrx_word' id='word_1_458' title='bbox 959 3147 1080 3211; x_wconf 86' lang='lat' dir='ltr'><strong>proclive</strong></span> <span class='ocrx_word' id='word_1_459' title='bbox 1106 3149 1213 3198; x_wconf 88' lang='lat' dir='ltr'><strong>videtur</strong></span> <span class='ocrx_word' id='word_1_460' title='bbox 1236 3148 1357 3213; x_wconf 85' lang='lat' dir='ltr'><strong>adeoque</strong></span> 
     </span>
     <span class='ocr_line' id='line_1_81' title="bbox 813 3217 1358 3283; baseline 0 -16"><span class='ocrx_word' id='word_1_461' title='bbox 813 3217 1000 3276; x_wconf 69' lang='lat' dir='ltr'><strong>temerarium</strong></span> <span class='ocrx_word' id='word_1_462' title='bbox 1033 3219 1156 3283; x_wconf 86' lang='lat' dir='ltr'><strong>quamvis</strong></span> <span class='ocrx_word' id='word_1_463' title='bbox 1182 3223 1274 3269; x_wconf 89' lang='lat' dir='ltr'><strong>aetate</strong></span> <span class='ocrx_word' id='word_1_464' title='bbox 1301 3223 1358 3268; x_wconf 89' lang='lat' dir='ltr'><strong>tarn</strong></span> 
     </span>
     <span class='ocr_line' id='line_1_82' title="bbox 813 3289 1359 3352; baseline -0.002 -14"><span class='ocrx_word' id='word_1_465' title='bbox 813 3292 917 3338; x_wconf 87' lang='lat' dir='ltr'><strong>remota</strong></span> <span class='ocrx_word' id='word_1_466' title='bbox 935 3291 1085 3352; x_wconf 89' lang='lat' dir='ltr'><strong>temporum</strong></span> <span class='ocrx_word' id='word_1_467' title='bbox 1096 3289 1230 3338; x_wconf 89' lang='lat' dir='ltr'><strong>rationem</strong></span> <span class='ocrx_word' id='word_1_468' title='bbox 1248 3303 1359 3338; x_wconf 86' lang='lat' dir='ltr'><strong>accura-</strong></span> 
     </span>
     <span class='ocr_line' id='line_1_83' title="bbox 813 3357 1358 3422; baseline -0.004 -14"><span class='ocrx_word' id='word_1_469' title='bbox 813 3364 922 3422; x_wconf 88' lang='lat' dir='ltr'><strong>tamque</strong></span> <span class='ocrx_word' id='word_1_470' title='bbox 946 3358 1011 3407; x_wconf 91' lang='lat' dir='ltr'><strong>anni</strong></span> <span class='ocrx_word' id='word_1_471' title='bbox 1034 3374 1067 3408; x_wconf 90' lang='lat' dir='ltr'><strong>ac</strong></span> <span class='ocrx_word' id='word_1_472' title='bbox 1095 3357 1228 3408; x_wconf 86' lang='lat' dir='ltr'><strong>mensium</strong></span> <span class='ocrx_word' id='word_1_473' title='bbox 1257 3357 1358 3408; x_wconf 91' lang='lat' dir='ltr'><strong>descri-</strong></span> 
     </span>
     <span class='ocr_line' id='line_1_84' title="bbox 812 3428 1357 3492; baseline 0.002 -15"><span class='ocrx_word' id='word_1_474' title='bbox 812 3429 933 3492; x_wconf 89' lang='lat' dir='ltr'><strong>ptionem</strong></span> <span class='ocrx_word' id='word_1_475' title='bbox 951 3428 1106 3478; x_wconf 88' lang='lat' dir='ltr'><strong>institutam</strong></span> <span class='ocrx_word' id='word_1_476' title='bbox 1128 3428 1213 3478; x_wconf 82' lang='lat' dir='ltr'><strong>tuisse</strong></span> <span class='ocrx_word' id='word_1_477' title='bbox 1229 3428 1276 3476; x_wconf 84' lang='lat' dir='ltr'><strong>vix</strong></span> <span class='ocrx_word' id='word_1_478' title='bbox 1300 3444 1357 3478; x_wconf 88' lang='lat' dir='ltr'><strong>oro-</strong></span> 
     </span>
     <span class='ocr_line' id='line_1_85' title="bbox 813 3495 1356 3562; baseline 0 -14"><span class='ocrx_word' id='word_1_479' title='bbox 813 3497 896 3548; x_wconf 91' lang='lat' dir='ltr'><strong>dibile</strong></span> <span class='ocrx_word' id='word_1_480' title='bbox 906 3498 951 3547; x_wconf 90' lang='lat' dir='ltr'><strong>sit.</strong></span> <span class='ocrx_word' id='word_1_481' title='bbox 974 3499 1016 3548; x_wconf 86' lang='lat' dir='ltr'><strong>Tu</strong></span> <span class='ocrx_word' id='word_1_482' title='bbox 1028 3499 1084 3548; x_wconf 87' lang='lat' dir='ltr'><strong>vid.</strong></span> <span class='ocrx_word' id='word_1_483' title='bbox 1092 3497 1189 3548; x_wconf 89' lang='lat' dir='ltr'><strong>Ukert.</strong></span> <span class='ocrx_word' id='word_1_484' title='bbox 1206 3495 1245 3562; x_wconf 90' lang='lat' dir='ltr'><strong>(in</strong></span> <span class='ocrx_word' id='word_1_485' title='bbox 1256 3499 1356 3560; x_wconf 70' lang='lat' dir='ltr'><strong>Gcogr.</strong></span> 
     </span>
     <span class='ocr_line' id='line_1_86' title="bbox 813 3567 1357 3632; baseline -0.007 -13"><span class='ocrx_word' id='word_1_486' title='bbox 813 3569 918 3619; x_wconf 86' lang='lat' dir='ltr'><strong>Romm.</strong></span> <span class='ocrx_word' id='word_1_487' title='bbox 942 3573 970 3618; x_wconf 90' lang='lat' dir='ltr'><strong>et</strong></span> <span class='ocrx_word' id='word_1_488' title='bbox 993 3568 1104 3619; x_wconf 87' lang='lat' dir='ltr'><strong>Graeco.</strong></span> <span class='ocrx_word' id='word_1_489' title='bbox 1129 3568 1152 3630; x_wconf 91' lang='lat'><strong>1,</strong></span> <span class='ocrx_word' id='word_1_490' title='bbox 1179 3569 1205 3618; x_wconf 79' lang='lat'><strong>2.</strong></span> <span class='ocrx_word' id='word_1_491' title='bbox 1232 3583 1259 3631; x_wconf 91' lang='lat' dir='ltr'><strong>p.</strong></span> <span class='ocrx_word' id='word_1_492' title='bbox 1281 3567 1357 3632; x_wconf 77' lang='lat'><strong>157),</strong></span> 
     </span>
     <span class='ocr_line' id='line_1_87' title="bbox 814 3631 1359 3702; baseline -0.002 -15"><span class='ocrx_word' id='word_1_493' title='bbox 814 3639 860 3702; x_wconf 91' lang='lat' dir='ltr'><strong>qui</strong></span> <span class='ocrx_word' id='word_1_494' title='bbox 875 3631 1034 3702; x_wconf 80' lang='lat' dir='ltr'><strong>lroo&#39;ipsum</strong></span> <span class='ocrx_word' id='word_1_495' title='bbox 1058 3638 1125 3686; x_wconf 88' lang='lat' dir='ltr'><strong>satis</strong></span> <span class='ocrx_word' id='word_1_496' title='bbox 1148 3637 1240 3687; x_wconf 87' lang='lat' dir='ltr'><strong>valere</strong></span> <span class='ocrx_word' id='word_1_497' title='bbox 1265 3637 1359 3692; x_wconf 73' lang='lat' dir='ltr'><strong>eristi-</strong></span> 
     </span>
     <span class='ocr_line' id='line_1_88' title="bbox 813 3707 1358 3772; baseline 0 -16"><span class='ocrx_word' id='word_1_498' title='bbox 813 3712 878 3766; x_wconf 90' lang='lat' dir='ltr'><strong>mat,</strong></span> <span class='ocrx_word' id='word_1_499' title='bbox 894 3723 946 3772; x_wconf 92' lang='lat' dir='ltr'><strong>quo</strong></span> <span class='ocrx_word' id='word_1_500' title='bbox 965 3707 1055 3756; x_wconf 85' lang='lat' dir='ltr'><strong>minus</strong></span> <span class='ocrx_word' id='word_1_501' title='bbox 1074 3708 1102 3757; x_wconf 90' lang='lat' dir='ltr'><strong>in</strong></span> <span class='ocrx_word' id='word_1_502' title='bbox 1116 3707 1249 3756; x_wconf 87' lang='lat' dir='ltr'><strong>Herodoti</strong></span> <span class='ocrx_word' id='word_1_503' title='bbox 1266 3707 1358 3756; x_wconf 86' lang='lat' dir='ltr'><strong>verbis</strong></span> 
     </span>
     <span class='ocr_line' id='line_1_89' title="bbox 813 3776 1360 3842; baseline 0 -16"><span class='ocrx_word' id='word_1_504' title='bbox 813 3777 960 3842; x_wconf 85' lang='lat' dir='ltr'><strong>quidquem</strong></span> <span class='ocrx_word' id='word_1_505' title='bbox 975 3778 1139 3826; x_wconf 89' lang='lat' dir='ltr'><strong>immutetur.</strong></span> <span class='ocrx_word' id='word_1_506' title='bbox 1166 3776 1242 3826; x_wconf 88' lang='lat' dir='ltr'><strong>Idem</strong></span> <span class='ocrx_word' id='word_1_507' title='bbox 1261 3778 1360 3827; x_wconf 90' lang='lat' dir='ltr'><strong>statuit</strong></span> 
     </span>
     <span class='ocr_line' id='line_1_90' title="bbox 813 3845 1359 3912; baseline 0.002 -16"><span class='ocrx_word' id='word_1_508' title='bbox 813 3846 902 3896; x_wconf 86' lang='lat' dir='ltr'><strong>Ideler</strong></span> <span class='ocrx_word' id='word_1_509' title='bbox 923 3845 1076 3909; x_wconf 88' lang='lat' dir='ltr'><strong>(Lebrbuch</strong></span> <span class='ocrx_word' id='word_1_510' title='bbox 1098 3847 1123 3896; x_wconf 90' lang='lat' dir='ltr'><strong>d.</strong></span> <span class='ocrx_word' id='word_1_511' title='bbox 1149 3846 1312 3912; x_wconf 80' lang='lat' dir='ltr'><strong>Chronolog.</strong></span> <span class='ocrx_word' id='word_1_512' title='bbox 1330 3863 1359 3912; x_wconf 90' lang='lat' dir='ltr'><strong>p.</strong></span> 
     </span>
     <span class='ocr_line' id='line_1_91' title="bbox 815 3915 1360 3981; baseline 0 -15"><span class='ocrx_word' id='word_1_513' title='bbox 815 3917 874 3966; x_wconf 85' lang='lat'><strong>121.</strong></span> <span class='ocrx_word' id='word_1_514' title='bbox 892 3915 1054 3966; x_wconf 88' lang='lat' dir='ltr'><strong>Handbuclr.</strong></span> <span class='ocrx_word' id='word_1_515' title='bbox 1074 3917 1096 3966; x_wconf 93' lang='lat'><strong>1.</strong></span> <span class='ocrx_word' id='word_1_516' title='bbox 1109 3931 1135 3981; x_wconf 87' lang='grc' dir='ltr'><strong>μ.</strong></span> <span class='ocrx_word' id='word_1_517' title='bbox 1155 3917 1228 3980; x_wconf 78' lang='grc'><strong>211),</strong></span> <span class='ocrx_word' id='word_1_518' title='bbox 1242 3931 1360 3966; x_wconf 87' lang='lat' dir='ltr'><strong>errorem</strong></span> 
     </span>
     <span class='ocr_line' id='line_1_92' title="bbox 815 3985 1361 4051; baseline 0.004 -16"><span class='ocrx_word' id='word_1_519' title='bbox 815 4001 919 4035; x_wconf 89' lang='lat' dir='ltr'><strong>omnem</strong></span> <span class='ocrx_word' id='word_1_520' title='bbox 938 3985 1000 4035; x_wconf 88' lang='lat' dir='ltr'><strong>inde</strong></span> <span class='ocrx_word' id='word_1_521' title='bbox 1023 3991 1161 4051; x_wconf 88' lang='lat' dir='ltr'><strong>repetens,</strong></span> <span class='ocrx_word' id='word_1_522' title='bbox 1183 3986 1256 4050; x_wconf 86' lang='lat' dir='ltr'><strong>quod</strong></span> <span class='ocrx_word' id='word_1_523' title='bbox 1273 3987 1361 4037; x_wconf 88' lang='lat' dir='ltr'><strong>Hero·</strong></span> 
     </span>
     <span class='ocr_line' id='line_1_93' title="bbox 814 4055 1359 4107; baseline 0.002 -3"><span class='ocrx_word' id='word_1_524' title='bbox 814 4055 894 4104; x_wconf 88' lang='lat' dir='ltr'><strong>dotus</strong></span> <span class='ocrx_word' id='word_1_525' title='bbox 919 4059 1047 4104; x_wconf 87' lang='lat' dir='ltr'><strong>naturam</strong></span> <span class='ocrx_word' id='word_1_526' title='bbox 1074 4055 1222 4106; x_wconf 88' lang='lat' dir='ltr'><strong>trieteridis</strong></span> <span class='ocrx_word' id='word_1_527' title='bbox 1253 4056 1359 4107; x_wconf 91' lang='lat' dir='ltr'><strong>Soloni-</strong></span> 
     </span>
     <span class='ocr_line' id='line_1_94' title="bbox 815 4125 1358 4190; baseline 0.002 -15"><span class='ocrx_word' id='word_1_528' title='bbox 815 4140 863 4175; x_wconf 90' lang='lat' dir='ltr'><strong>cae</strong></span> <span class='ocrx_word' id='word_1_529' title='bbox 880 4138 935 4174; x_wconf 92' lang='lat' dir='ltr'><strong>non</strong></span> <span class='ocrx_word' id='word_1_530' title='bbox 950 4126 1018 4174; x_wconf 88' lang='lat' dir='ltr'><strong>satis</strong></span> <span class='ocrx_word' id='word_1_531' title='bbox 1035 4130 1109 4176; x_wconf 89' lang='lat' dir='ltr'><strong>recte</strong></span> <span class='ocrx_word' id='word_1_532' title='bbox 1123 4125 1358 4190; x_wconf 88' lang='lat' dir='ltr'><strong>comprehenderit</strong></span> 
     </span>
     <span class='ocr_line' id='line_1_95' title="bbox 814 4195 1357 4258; baseline 0.002 -14"><span class='ocrx_word' id='word_1_533' title='bbox 814 4209 927 4258; x_wconf 87' lang='lat' dir='ltr'><strong>eamque</strong></span> <span class='ocrx_word' id='word_1_534' title='bbox 950 4195 983 4244; x_wconf 93' lang='lat' dir='ltr'><strong>ob</strong></span> <span class='ocrx_word' id='word_1_535' title='bbox 1008 4210 1117 4246; x_wconf 88' lang='lat' dir='ltr'><strong>oausam</strong></span> <span class='ocrx_word' id='word_1_536' title='bbox 1143 4197 1226 4246; x_wconf 89' lang='lat' dir='ltr'><strong>etiam</strong></span> <span class='ocrx_word' id='word_1_537' title='bbox 1249 4195 1283 4245; x_wconf 90' lang='lat' dir='ltr'><strong>ad</strong></span> <span class='ocrx_word' id='word_1_538' title='bbox 1307 4211 1357 4245; x_wconf 90' lang='lat' dir='ltr'><strong>nu-</strong></span> 
     </span>
     <span class='ocr_line' id='line_1_96' title="bbox 813 4264 1356 4317; baseline 0.006 -4"><span class='ocrx_word' id='word_1_539' title='bbox 813 4279 900 4314; x_wconf 88' lang='lat' dir='ltr'><strong>meros</strong></span> <span class='ocrx_word' id='word_1_540' title='bbox 921 4264 1007 4315; x_wconf 87' lang='lat' dir='ltr'><strong>iustos</strong></span> <span class='ocrx_word' id='word_1_541' title='bbox 1028 4267 1119 4316; x_wconf 89' lang='lat' dir='ltr'><strong>omnia</strong></span> <span class='ocrx_word' id='word_1_542' title='bbox 1135 4281 1264 4317; x_wconf 86' lang='lat' dir='ltr'><strong>revocare</strong></span> <span class='ocrx_word' id='word_1_543' title='bbox 1282 4264 1356 4316; x_wconf 89' lang='lat' dir='ltr'><strong>haud</strong></span> 
     </span>
     <span class='ocr_line' id='line_1_97' title="bbox 813 4334 941 4400; baseline 0.016 -16"><span class='ocrx_word' id='word_1_544' title='bbox 813 4334 941 4400; x_wconf 85' lang='lat' dir='ltr'><strong>potuerit.</strong></span> 
     </span>
    </p>
   </div>
   <div class='ocr_carea' id='block_1_8' title="bbox 0 0 1536 4940">
    <p class='ocr_par' dir='ltr' id='par_1_8' title="bbox 0 0 1536 4940">
     <span class='ocr_line' id='line_1_98' title="bbox 0 0 1536 4940; baseline 0 0"><span class='ocrx_word' id='word_1_545' title='bbox 0 0 1536 4940; x_wconf 95' lang='lat' dir='ltr'><strong> </strong></span> 
     </span>
    </p>
   </div>
  </div>
 </body>
</html>
