3088 4944
599 288 723 352 GLIO.
745 291 771 351 I.
800 297 861 353 143.
884 297 945 354 144.
1277 285 1339 348 295

206 477 257 538 λοι
265 463 382 544 Ἴωνες
403 463 459 532 καλ
474 465 507 532 ολ
520 455 694 552 Ἀθηναῖοι
716 468 846 554 ἔφυγον
859 461 896 535 τὸ
916 457 1060 556 οὕνομα,
1081 462 1123 536 οὐ
1135 466 1337 555 βουλόμενοι

199 571 311 650 Ἴωνες
325 571 527 657 κεκλῆσθαι·
550 563 635 636 ἄλλα
658 569 714 637 καὶ
732 573 799 639 νῦν
819 579 1001 658 φαίνονταί
1016 597 1073 659 μοι
1093 575 1128 640 ολ
1144 572 1261 640 πολλοὶ
1274 567 1335 642 αὖ·

208 679 276 744 τῶν
290 669 551 760 ἐπαισχύνεσθαι
565 675 612 763 τῷ
625 668 793 760 οὐνόματι.
828 678 866 742 αλ
883 672 920 742 δὲ
937 673 1093 746 δυώδεκα
1112 673 1225 756 πόλιες
1238 665 1336 744 αὗται

208 783 255 872 τῷ
268 803 304 846 τε
319 772 479 863 οὐνόματι
493 767 693 862 ἠγάλλοντο,
716 778 772 845 καλ
787 774 861 864 ἱρὸν
882 777 1061 863 ἱδρύσαντο
1076 775 1131 848 ἐπὶ
1144 777 1259 868 σφέων
1273 775 1334 849 αὐ-

207 887 293 965 των,
313 884 360 972 τῷ
380 875 509 966 οὔνομα
528 883 648 948 ἔθεντο
667 879 877 949 Πανιώνιον·
905 877 1148 968 ἐβουλεύσαντο
1172 883 1210 952 δὲ
1230 881 1337 954 αὐτοῦ

206 988 411 1077 μεταδοῦναι
441 987 621 1071 μηδαμολσι
649 979 779 1054 ἄλλοισι
801 979 939 1052 Ἰώνων·
979 981 1052 1054 οὐδ’
1079 982 1268 1076 ἐδεήθησαν
1297 986 1336 1056 δὲ

207 1085 350 1176 οὐδαμοὶ
375 1102 569 1176 μετασχεῖν,
596 1082 646 1157 ὅτι
668 1084 714 1178 μὴ
738 1094 937 1177 Σμυρναῖοι.
979 1087 1138 1178 Κατιλπερ
1162 1095 1196 1159 ολ
1216 1087 1253 1160 ἐκ
1278 1095 1404 1180 τῆς144

206 1189 436 1269 Πευταπόλιος
454 1195 520 1260 νῦν
539 1187 648 1280 χώρης
662 1193 826 1281 Δωριέες,
847 1190 1012 1281 πρότερον
1026 1191 1063 1261 θλ
1077 1187 1264 1275 Ἐξαπόλιος
1280 1198 1338 1282 τῆς
1444 1253 1452 1272 ,

207 1294 309 1385 αὐτῆς
328 1293 449 1382 ταύτης
468 1297 688 1384 καλεομένης,
716 1294 946 1384 φυλάσσονται
975 1285 1023 1364 ὦν
1045 1293 1221 1385 μηδαμούς
1242 1292 1336 1366 ἐσδέ-

207 1404 329 1485 ξασθαι
348 1403 417 1470 τῶν
436 1405 626 1486 προσοίκων
645 1397 810 1490 Δωριέων
830 1394 864 1478 ἐς
882 1395 920 1468 sd
939 1398 1119 1488 Τριοπικὸν
1138 1398 1229 1490 ἱρόν·
1254 1396 1339 1470 ἀλλὰ

207 1568 338 1620 Zeitschr.
362 1567 383 1617 Ι.
406 1566 647 1618 Alterthumswiss.
668 1565 746 1620 1837.
797 1566 842 1617 dei
853 1565 955 1616 cultum
965 1566 1083 1617 Doricae
1099 1567 1193 1633 stirpis
1210 1567 1338 1634 gentibus

206 1655 247 1690 nr.
269 1638 326 1690 101.
346 1654 373 1702 p.
391 1638 442 1688 827
458 1651 533 1703 seqq.
563 1638 658 1703 Neque
676 1638 747 1688 enirn
797 1636 877 1702 quusi
908 1637 1046 1702 proprium
1079 1653 1138 1688 esse
1168 1637 1338 1703 cognoverit.

206 1723 324 1774 unquam
337 1709 447 1773 probari
460 1708 572 1772 poterit,
591 1709 688 1758 Ionum
701 1723 748 1757 no·
797 1707 867 1757 Eum
886 1707 968 1756 etism
982 1706 1060 1757 deum
1072 1707 1152 1772 primi
1167 1707 1208 1757 illi
1218 1709 1246 1758 in
1260 1707 1338 1758 Asic-

206 1795 267 1832 men
290 1779 318 1827 in
345 1779 412 1828 Asin
436 1778 541 1828 demum
563 1782 652 1830 ortum
678 1793 746 1828 esse.
797 1777 867 1827 tices
890 1776 1011 1827 colonius
1036 1792 1128 1828 secum
1153 1777 1264 1829 duxisse
1293 1776 1338 1841 (ul

206 1849 276 1902 Add.
288 1849 512 1900 C.F.Hermsnn.
525 1848 632 1900 Griech.
643 1848 748 1899 Stssts-

207 1918 402 1982 elterth.§.7'l.
421 1919 455 1968 In
466 1919 570 1968 verbis:
589 1909 655 1982 λρόν
668 1909 749 1982 ἰδρυ-

208 2003 294 2040 σαντο
312 1979 358 2038 ἕπλ
376 1985 472 2052 σφέων
489 1978 584 2037 αὐτῶν
602 1987 690 2038 secuti
705 2003 749 2038 su·

207 2075 267 2110 mus
287 2057 505 2124 Schweighaeus.
528 2062 610 2124 atque
628 2059 749 2109 Goislor-

209 2130 295 2190 dium,
315 2129 362 2193 qui
372 2128 448 2178 libris
460 2143 542 2178 menn
554 2129 662 2193 scriptis
679 2144 749 2179 com-

209 2199 277 2248 moti
298 2199 339 2248 sic
363 2197 513 2248 ediderunt.
560 2200 602 2248 De
625 2189 670 2248 ἐπὶ
693 2198 749 2248 dixi

210 2269 246 2318 ud
263 2270 285 2328 1,
307 2268 356 2318 142
374 2267 466 2318 1111-
483 2269 526 2318 De
538 2268 672 2319 Panionio
691 2268 748 2320 vid.

210 2339 245 2388 ad
262 2339 285 2398 1,
308 2337 364 2388 148.

245 2398 319 2459 οὐδ’
355 2397 519 2471 ἐδεήθησαν
553 2401 590 2456 δὲ
625 2396 748 2471 οὖδαμολ

207 2475 363 2544 μετασχεῖν]
390 2471 428 2526 dt
450 2480 482 2526 ut
503 2473 533 2526 in
551 2477 665 2527 diversis
689 2493 749 2528 orn·

207 2551 290 2600 tionis
308 2547 446 2613 partibus,
466 2546 545 2597 sicin
562 2547 655 2597 eodem
669 2563 748 2598 mem·

207 2621 256 2670 bro
273 2619 318 2670 hic
334 2618 479 2682 repetitum
497 2617 626 2668 observet
647 2618 748 2668 Wort'e-

206 2705 253 2740 rus
277 2691 307 2740 in
330 2688 404 2740 Actt.
431 2686 507 2752 phill.
525 2686 651 2739 Monocc.
671 2688 699 2751 Ι,
721 2689 746 2739 l.

206 2775 269 2828 μορ.
289 2758 333 2810 98.

379 2930 445 2982 Cur.
461 2929 581 2981 CXLIV.

241 3025 376 3100 Κατάπερ
392 3027 423 3084 ολ
438 3025 469 3085 ἐκ
486 3032 537 3099 τῆς
552 3021 748 3089 Πενταπόλιος

207 3105 262 3158 νῦν
283 3098 376 3172 χώρης
396 3121 422 3154 ιι.
445 3120 470 3154 τ.
490 3103 533 3172 Ι1.]
558 3103 632 3154 Cere
652 3103 746 3154 eredes

206 3182 314 3244 praetor
332 3176 382 3226 hos
402 3176 521 3240 quinquo
538 3190 561 3225 s.
573 3189 621 3224 sex
633 3173 747 3223 Dorien-

207 3249 277 3298 sium
295 3247 436 3309 civitates,
462 3261 531 3310 quse
550 3243 658 3294 foedere
677 3243 747 3292 inter

208 3319 364 3369 seiunctae
388 3320 476 3376 erunt,
500 3313 589 3364 nullos
613 3313 681 3364 alius
704 3327 747 3363 ur·

207 3389 255 3438 bes
268 3386 406 3437 insulasve
418 3385 445 3435 in
458 3383 511 3434 illis
527 3383 682 3448 regionibus
694 3383 748 3433 Do-

207 3460 282 3508 ricae
302 3457 395 3521 stirpis
414 3455 507 3506 luisse.
544 3453 639 3504 Plures
658 3469 749 3504 recon-

123 3527 127 3536 '
207 3532 301 3578 sentur
319 3541 336 3576 s
350 3526 380 3577 C.
394 3525 427 3575 Ο.
441 3524 571 3575 Muellero
589 3523 631 3589 (in
644 3524 710 3573 Dor.
724 3522 748 3573 I.

207 3615 234 3663 p.
249 3597 300 3649 105
311 3595 410 3661 sequ),
429 3609 499 3660 quue
516 3592 610 3644 veleb
629 3591 683 3643 illis
702 3608 749 3643 sex

206 3667 354 3718 maioribus
372 3665 526 3730 pendebant
543 3663 586 3714 vol
603 3663 747 3713 maximam

796 1837 969 1911 ἀρχηγέτην)
997 1846 1172 1913 eiusdemque
1197 1863 1277 1898 sucre
1298 1847 1338 1897 in-

798 1916 923 1968 stituisso
944 1915 1085 1980 videntur,
1115 1918 1224 1968 minime
1247 1923 1339 1968 nmen

799 1986 911 2036 remotis
933 1985 967 2034 iis
989 1986 1158 2050 numinibus,
1182 2003 1252 2054 quoe
1274 1991 1338 2038 unte

798 2055 972 2106 Doriensium
988 2056 1135 2107 adventum
1153 2057 1195 2108 his
1212 2059 1241 2107 in
1251 2058 1338 2124 regio-

798 2126 879 2176 nibus
897 2127 967 2176 forte
980 2125 1054 2176 culto
1072 2127 1186 2190 luerint,
1208 2127 1256 2178 sed
1268 2128 1337 2178 adeo

797 2195 898 2246 iunctis
921 2195 1055 2260 Apollini,
1084 2197 1124 2247 ito
1147 2201 1178 2248 ut
1201 2197 1337 2263 Triopiois

799 2265 852 2316 diis
871 2266 1024 2316 communia
1046 2281 1125 2317 sacru
1147 2268 1282 2328 lucerent3
1309 2267 1337 2317 in

798 2336 896 2400 quibus
924 2340 1032 2400 praeter
1054 2336 1205 2402 Apollinem
1234 2353 1337 2387 summo

798 2405 858 2456 loeo
876 2404 978 2456 cultum
997 2406 1079 2457 etiam
1096 2408 1238 2472 Neptunus
1255 2407 1338 2472 Nym·

797 2476 921 2542 phneque
948 2476 1080 2528 feruntur.
1122 2478 1184 2528 Vid.
1212 2477 1336 2528 Mueller.

798 2546 816 2596 l.
839 2546 858 2597 l.
883 2561 911 2611 p.
930 2545 990 2598 262.
1032 2548 1090 2597 Nec
1112 2551 1204 2598 temen
1226 2547 1337 2598 dubium

798 2615 906 2666 videtur
930 2617 1068 2667 Booolihio
1095 2616 1187 2682 (Corp.
1208 2617 1337 2682 Inscript.

799 2687 827 2750 1,
847 2687 872 2737 1.
890 2703 917 2751 p.
935 2685 996 2752 45),
1020 2686 1088 2737 illud
1105 2703 1212 2738 sacrum
1233 2688 1338 2751 Triopi-

798 2771 859 2808 cum
873 2755 983 2807 Cereale
995 2757 1165 2822 potissimum
1180 2757 1280 2820 fuisse,
1297 2757 1339 2807 its

797 2833 828 2876 ut
852 2825 956 2876 Cereris
981 2841 1073 2890 secra,
1097 2827 1247 2892 dequibus
1271 2825 1339 2876 nihil

797 2898 898 2948 Noster
915 2897 1060 2946 memoriae
1079 2895 1211 2961 prodidit,
1230 2895 1274 2945 hic
1292 2895 1338 2945 sd·

797 2965 915 3016 iioiendo
933 2969 1033 3017 essent.
1064 2965 1097 3015 In
1113 2965 1183 3014 hano
1201 2979 1257 3014 rem
1275 2979 1338 3014 oon-

797 3035 862 3087 lerri
879 3035 962 3086 etiam
980 3039 1107 3100 possunt,
1125 3049 1195 3100 quse
1211 3033 1338 3099 leguntur

797 3107 825 3155 in
844 3105 918 3156 Holl.
940 3105 1007 3154 Litt.
1026 3105 1094 3155 Zeit.
1114 3103 1191 3157 1834.
1218 3105 1336 3170 Ergltnc.

797 3175 839 3227 Bl.
860 3191 902 3226 nr.
922 3175 981 3226 112.
1000 3191 1027 3240 p.
1045 3173 1095 3226 891
1116 3190 1173 3240 seq.

833 3237 860 3302 ἐς
878 3237 909 3294 τὸ
930 3237 1088 3308 Τριοπικὸν
1107 3238 1183 3312 ῑρόν]
1211 3243 1338 3308 Τιτύμίιωι

797 3315 872 3365 urbis
891 3315 1004 3366 Curious
1022 3320 1065 3366 est
1083 3331 1180 3366 nomen
1198 3314 1337 3367 eonditum

798 3401 815 3436 ε.
826 3385 937 3450 Triopo',
954 3385 1160 3450 Erysichthonis
1172 3390 1259 3451 putre.
1281 3385 1337 3434 Un-

798 3455 832 3506 de
850 3455 969 3506 eiusdem
992 3456 1160 3520 cognominis
1184 3458 1338 3520 promonto-

797 3526 881 3588 rium,
900 3525 928 3574 in
948 3539 1001 3589 quo
1019 3524 1148 3589 templum
1166 3523 1241 3574 istud
1257 3521 1338 3587 Apol-

796 3595 847 3646 lini
864 3611 882 3645 ε
897 3595 1015 3645 Doribus
1034 3595 1062 3643 in
1081 3593 1188 3644 Corium
1206 3593 1337 3658 ingressis

796 3665 959 3730 foedereque
982 3663 1082 3715 iunctis
1101 3667 1283 3724 exstructum,
1307 3667 1338 3712 ut

206 3743 312 3804 purtem
331 3741 409 3786 erant
426 3734 532 3784 solutae
549 3733 649 3784 abillis
667 3749 699 3784 so
717 3733 747 3782 li·
797 3735 931 3787 communi
956 3734 1006 3786 deo
1028 3734 1144 3800 principi
1166 3748 1244 3783 secra
1266 3732 1338 3782 fuce·

206 3809 301 3870 berne,
322 3807 421 3872 quippe
434 3805 575 3855 discordiis
591 3809 673 3868 utque
685 3817 747 3853 oon·
796 3809 857 3856 rent
873 3806 1026 3871 festumque
1044 3809 1164 3870 agerent.
1191 3803 1254 3852 Vid.
1268 3817 1338 3868 quse

207 3877 360 3939 troversiis,
378 3879 410 3925 ut
424 3875 546 3937 videtur,
567 3875 601 3924 cb
620 3875 681 3923 istis
700 3888 747 3923 sex
797 3877 867 3928 citat
883 3877 981 3926 Wesse
999 3875 1035 3926 ud
1050 3876 1174 3942 Thucyd.
1194 3877 1275 3939 VIII,
1292 3873 1335 3928 35.

207 3947 365 3998 civitatibus
392 3945 539 3994 foederatis
566 3949 670 3995 mature
694 3944 746 3994 iam
798 3951 825 3996 et
839 3946 972 4010 Forblger
988 3945 1098 3999 Handb.
1122 3947 1149 3998 d.
1168 3947 1216 3998 alt.
1236 3948 1336 4012 Googr.

206 4019 347 4068 seiunctae
358 4020 385 4066 et
394 4013 541 4066 alienatae.
553 4016 646 4080 Neque
657 4014 747 4077 etiam,
798 4017 836 4067 11.
864 4031 891 4080 p.
916 4015 977 4068 209.
1001 4016 1061 4068 221.
1097 4017 1195 4068 Clorke
1223 4017 1336 4068 Travels

207 4089 231 4138 si
249 4087 380 4138 Muellero
397 4085 507 4148 credas,
526 4085 638 4136 multum
653 4085 688 4134 ed
704 4100 747 4134 ros
798 4087 836 4148 II,
858 4087 881 4136 l.
900 4103 927 4151 p.
947 4088 999 4138 214
1020 4102 1095 4153 seqq.
1130 4087 1220 4138 Hodie
1237 4088 1336 4138 dicitur

207 4157 331 4222 publicus
354 4155 462 4206 omnino
480 4155 563 4205 hocce
588 4154 683 4205 foedus
701 4170 747 4204 vn·
799 4157 947 4219 OopeCm'o.
971 4157 1067 4207 Utrum
1079 4173 1122 4208 res
1135 4157 1259 4224 publicas
1272 4173 1336 4224 quo·

208 4227 268 4279 luit.
310 4225 462 4292 Apollinem
486 4226 573 4276 Dores
602 4225 641 4274 illi
668 4225 746 4274 doum
798 4241 851 4292 qne
867 4226 895 4275 in
914 4225 965 4277 hoc
979 4227 1064 4290 festo,
1082 4227 1129 4278 nbi
1144 4229 1335 4278 omnesDores

208 4297 363 4348 tutelarem.
386 4296 490 4348 foederi
522 4299 746 4361 praeposuerunt3
798 4311 846 4346 sex
858 4296 998 4348 civitatum
1011 4303 1202 4362 convenerant,
1221 4298 1335 4364 egerint,

204 4367 281 4436 quod
304 4381 382 4420 nemo
408 4365 563 4430 curabitur,
594 4365 641 4433 qui
666 4363 746 4416 huius
771 4365 870 4424 ,houd
897 4368 1035 4437 cognitum
1066 4368 1207 4432 hebemus3
1244 4383 1336 4435 quem-
