3064 4940
227 311 266 372 re
660 306 930 386 ιιιιιιοροσι

224 479 283 552 τὸν
298 489 412 552 παῖδα.
435 471 523 570 ἦσαν
540 480 578 549 δὲ
595 487 641 574 τῷ
655 488 790 573 Κροίσῳ
807 478 869 550 δύο
890 485 1024 564 παῖδες,
1048 485 1118 549 τῶν
1139 476 1275 568 οὕτερος
1299 479 1361 570 μὲν

226 588 428 676 διέφθαρτο·
463 575 506 674 ἦν
525 581 589 674 γὰρ
607 583 650 675 δὴ
670 583 800 674 κωφός·
832 579 907 652 ὅδὲ
925 585 1036 672 ἕτερος
1057 587 1127 651 τῶν
1145 577 1273 671 ἡλίκων
1295 613 1359 674 μα-

225 694 296 782 κρῷ
313 688 354 759 τὰ
368 689 477 759 πάντα
491 693 634 778 πρῶτος·
658 686 786 777 οὔνομα
805 689 846 757 δέ
867 691 902 756 ol
916 677 957 776 ἦν
971 684 1081 766 Ἄτυς.
1108 691 1228 758 τοῦτον
1250 684 1292 776 δὴ
1312 679 1361 758 οἷν

224 791 283 863 τὸν
292 788 394 864 1Ἀτυν
409 800 565 881 σημαίνει
578 799 624 887 τῷ
638 799 773 884 Κροίσῳ
787 787 805 860 ὁ
821 788 968 879 ὄνειρος,
983 785 1027 870 ὦς
1041 787 1175 860 ἀπολέει
1189 820 1248 881 μιν
1259 797 1361 884 αἰχμῇ
1369 814 1374 825 ·

224 899 363 986 σιδηρέη
384 899 565 984 βληθέντα.
593 893 612 966 ὁ
638 897 676 966 δὲ
694 893 820 965 ἐπείτε
846 891 1010 983 ἐξηγέρθη
1017 947 1026 980 ,
1050 896 1107 964 καὶ
1123 896 1238 992 ἑωυτῷ
1257 896 1360 984 λόγον

224 1006 349 1086 ἔδωκε,
375 1000 636 1092 καταρρωδήσας
653 997 712 1070 τὸν
727 997 860 1088 ὄνειρον
869 1049 879 1083 ,
898 994 1013 1085 ἄγεται
1031 999 1095 1088 μέν
1115 1005 1161 1095 τῷ
1183 1003 1279 1070 παιδὶ
1297 1029 1372 1088 γυ-Ι

224 1119 343 1191 ναῖκα,
371 1105 504 1175 ἐωθότα
530 1105 567 1175 δὲ
587 1104 802 1194 στρατηγέειν
818 1130 878 1191 μιν
903 1107 973 1173 τῶν
988 1107 1131 1190 Λυδῶν,
1158 1103 1289 1196 οὐδαμῇ
1312 1111 1360 1174 ἔτι

225 1211 280 1280 ἐπὶ
295 1214 426 1280 τοιοῦτο
446 1214 580 1302 πρῆγμα
598 1211 772 1295 ἐξέπεμπε·
802 1203 941 1276 ἀκόντια
959 1208 998 1277 δὲ
1015 1211 1071 1279 καλ
1090 1207 1227 1298 δοράτια
1250 1210 1305 1278 καλ
1321 1207 1361 1278 τὰ

225 1321 362 1386 τοιαῦτα
381 1313 507 1402 πάντα,
527 1329 610 1384 τοῖσι
626 1313 779 1400 χρέονται
798 1312 831 1392 ἐς
852 1308 998 1400 πόλεμον
1018 1309 1212 1402 ἄνθρωποι,
1235 1315 1272 1382 ἐκ
1292 1317 1360 1381 τῶν
1448 1307 1461 1329 ’

223 1513 305 1580 pauci
313 1515 376 1580 port
388 1514 553 1580 attigerant,
567 1511 600 1562 ab
613 1510 765 1577 interprett.

223 1583 258 1632 nd
275 1583 301 1632 h.
322 1583 339 1634 l.
359 1581 478 1633 laudati:
505 1583 641 1634 Diodorus
664 1583 693 1632 in
711 1585 766 1635 Ex-

222 1657 321 1718 cerptt.
346 1651 378 1702 de
395 1653 504 1703 virtntt.
528 1657 556 1702 et
579 1652 654 1702 vitiis
673 1651 753 1720 II.p

222 1721 274 1774 553
292 1723 334 1774 ed.
353 1721 531 1788 wesseling„
560 1722 691 1774 Nicolaua
709 1725 766 1776 Da-

222 1808 364 1844 masceuua
395 1791 423 1842 in
444 1793 588 1858 Exaerptis
610 1793 714 1845 Valeeii
738 1811 763 1860 p.

222 1864 273 1914 457
299 1861 431 1932 (eiusdem
457 1863 582 1928 fragmm.
610 1881 636 1930 p.
662 1863 696 1916 58
721 1866 764 1917 ed.

224 1933 337 1997 orell),
368 1933 421 1983 Dio
455 1932 665 1998 Chrysostomua
690 1937 766 1986 Orat.

224 2003 314 2054 LXIV
331 2003 371 2068 (p.
385 2001 435 2054 328
448 2001 525 2053 Τοιιι.
547 2005 576 2055 ΙΙ
594 2005 637 2057 ed.
649 2007 742 2057 Reisk.
744 2007 765 2070 ).

221 2089 249 2138 p.
270 2073 320 2124 592
331 2071 435 2122 Morell.
455 2073 547 2138 ibique
560 2075 650 2126 Schol.
661 2075 767 2127 Morell.

221 2145 261 2208 (p
283 2142 334 2194 708
351 2143 428 2192 Τοπι.
443 2143 472 2193 11
490 2145 532 2194 ed.
546 2143 662 2210 Reiekq)
681 2145 768 2195 Maxi-

221 2227 280 2262 mua
306 2212 405 2277 TyrIne
430 2213 548 2264 Dissert.
568 2215 626 2266 XL.
655 2230 681 2280 p.
705 2215 765 2277 267,

222 2283 267 2350 qui
283 2287 373 2332 tamen
385 2298 446 2333 curu
459 2289 563 2365 rputum
575 2285 669 2334 Croesi
681 2284 766 2334 filiurn

220 2355 294 2432 Atyn
313 2345 475 2418 appellatff
462 2348 614 2420 αμάρτημα
626 2369 764 2419 μνημονι-

219 2414 273 2471 ιιὸν
297 2424 447 2488 commisit,
472 2425 562 2475 iudice
584 2425 698 2474 Heinsio
723 2429 765 2473 at-

219 2507 271 2558 que
306 2494 436 2555 Davlai03
476 2494 611 2545 Aristides
649 2494 765 2559 denique

220 2564 310 2614 Orati.
336 2564 422 2615 Platt.
448 2564 687 2630 I.Tom.11.p.
715 2565 764 2616 125

220 2633 297 2684 lebb.
318 2633 384 2700 ibiq
404 2634 511 2698 Schol,
534 2633 626 2687 Valer.
651 2635 763 2685 Maxim.

220 2703 243 2766 I,
263 2704 288 2753 7.
309 2709 364 2755 ext.
384 2707 411 2754 4.

253 2758 291 2836 ἦν
316 2766 369 2839 γὰρ
394 2765 430 2838 δὴ
461 2765 570 2840 κωφός]
598 2764 695 2838 κωφὸς
723 2777 765 2824 eet

217 2850 313 2906 mutua,
340 2846 386 2910 qai
406 2845 486 2925 loqui
507 2860 561 2894 non
583 2847 689 2910 potest,
718 2845 765 2909 qui

218 2912 328 2977 idemI‚
349 2917 383 2966 85
400 2928 518 2996 αφωνος
541 2914 641 2964 dieitur
659 2913 721 2965 coll.
741 2915 764 2978 Ι,

217 2985 261 3046 47,
280 2951 328 3033 ubl
347 2977 443 3049 κωφὸς
467 2989 494 3034 et
513 2975 547 3033 σι’·
567 2978 688 3049 φωνέων
706 2985 765 3034 iun·

218 3020 320 3118 gulrtur
350 3055 443 3104 eodem
473 3069 565 3105 sensu.
599 3053 689 3118 Atque
711 3055 765 3104 En-

218 3123 348 3174 etathium
373 3125 397 3174 ei
421 3125 517 3174 audias
545 3123 580 3174 ad
604 3123 704 3187 Odyaa.
730 3124 764 3176 V.

218 3210 245 3259 p.
264 3193 325 3258 230,
344 3195 433 3260 Ssqq.
453 3195 495 3246 ed.
508 3193 594 3245 Basil.
613 3199 641 3242 et
657 3194 765 3245 Ammo

218 3264 292 3313 nium
313 3281 339 3328 p.
353 3265 387 3316 86
398 3264 573 3344 (quoalocoa
592 3265 639 3314 Cr.
660 3264 764 3314 adscri-

217 3333 301 3399 psit),
326 3326 424 3398 κωφὸς
450 3339 572 3385 veterum
598 3335 763 3385 Graecorum

217 3405 324 3454 ratione
347 3405 446 3455 dicitur
464 3413 557 3469 mutue,
582 3406 764 3455 recentiorum

218 3489 251 3524 ex
269 3489 321 3524 ura
339 3489 446 3541 quoque
462 3476 564 3526 eundae.
595 3476 656 3537 Qua
668 3475 763 3527 (Iram

217 3545 378 3595 maticorum
396 3545 533 3596 observat'
514 3550 602 3608 t‚10ne
618 3549 690 3595 teate
703 3545 761 3610 Cra,

217 3616 260 3665 nsi
286 3619 350 3665 aunt
368 3615 402 3665 ad
420 3617 595 3666 Ηοιιιοιίοιιιιι
612 3617 714 3680 Hymn.
734 3617 763 3666 ia

216 3684 379 3736 Mercurium
398 3686 518 3738 Homero
542 3685 761 3749 abiudicandnm,

216 3756 318 3836 quippe
337 3757 364 3805 in
383 3769 435 3820 quo
454 3773 495 3808 vs.
511 3756 546 3807 92
564 3761 690 3807 occurrat
708 3771 761 3804 αω-

216 3815 272 3887 φὸς
290 3816 423 3883 ἀκούσας.
456 3826 536 3878 Conl.
555 3827 664 3878 Erneet.
683 3829 761 3876 notu-

215 3893 270 3944 lam
288 3895 367 3946 adh.
386 3895 405 3945 l.
442 3896 526 3947 Sed
518 3912 577 3963 ipae
594 3895 760 3976 Herodotus,

215 3966 262 4030 qui
281 3965 374 4016 Croesi
392 3965 519 4017 dliumh.
534 3966 553 4018 l.
567 3958 676 4032 κωφὸν,
697 3967 716 4018 1.
735 3981 757 4016 e.

214 4043 315 4100 ναιίααι,
343 4035 476 4102 appellat,
502 4037 616 4088 eundern
639 4036 712 4086 inira
734 4035 757 4097 1,

215 4103 249 4156 38
261 4111 343 4156 vocat
360 4097 619 4172 διεφθαρμένον
588 4121 642 4172 την
656 4097 758 4170 αιιοὴν,

213 4175 232 4224 1.
253 4191 276 4226 e.
297 4178 414 4234 sardan:
438 4177 486 4227 ubi
510 4176 545 4226 af.
571 4180 642 4225 nott.
673 4174 759 4226 Addit

213 4245 261 4296 Cr.
281 4247 414 4298 Heracliti
427 4247 525 4312 fragm.
540 4246 612 4311 apud
626 4243 756 4296 Clamant.

211 4315 358 4368 Alexandr.
377 4332 404 4382 p.
423 4317 475 4368 718
493 4316 536 4366 ed.
555 4315 658 4366 Potter.
693 4314 757 4366 Alia

211 4385 290 4452 plura
313 4385 406 4438 iuveni
430 4386 460 4436 in
477 4383 652 4437 Valckenarit
673 4383 755 4438 Obie.

817 1511 852 1562 ad
869 1511 993 1562 Ammon.
1012 1526 1040 1576 p.
1062 1509 1207 1563 rar-1³8.
1237 1509 1360 1562 Partica-

816 1583 870 1632 lam
889 1574 938 1646 δὴ,
958 1593 1028 1647 quae
1045 1582 1127 1632 simili
1145 1581 1201 1632 iore
1220 1580 1299 1632 modo
1313 1595 1361 1645 po-

817 1655 871 1704 eita
890 1651 1066 1715 inveniturl,
1081 1653 1131 1703 114
1145 1651 1222 1714 inin,
1241 1651 1362 1700 illustrat

816 1725 952 1788 Hartung.
962 1723 1087 1772 Lehred.
1098 1721 1204 1773 Partilr.
1224 1722 1248 1773 1
1260 1737 1285 1786 p.
1300 1721 1361 1772 287.

815 1795 903 1843 -In
921 1809 996 1876 eeqq.
1017 1792 1052 1842 ad
1068 1807 1166 1868 nomep
1177 1781 1269 1856 Ἄτυς,
1289 1790 1362 1856 quod

816 1864 970 1930 frequens'
962 1879 991 1913 ιιι
1008 1863 1147 1928 Lydorum
1166 1862 1246 1912 rebus
1269 1877 1363 1911 occur-

818 1936 868 1998 rit,
895 1935 931 1984 ci.
951 1933 980 1997 Ι,
1000 1935 1063 1984 let
1081 1932 1114 1985 35
1138 1933 1231 1999 ibique
1248 1936 1318 1982 nott
1338 1931 1362 1992 1,

818 2003 1010 2084 9471175.

853 2039 1022 2131 deducitur
1040 2070 1100 2138 μιν]
1127 2073 1170 2124 Ad
1187 2072 1302 2122 sormam
1320 2069 1363 2120 in-

818 2145 871 2194 turi
887 2134 1001 2194 ἀπολέει
1024 2144 1070 2196 Or.
1092 2144 1198 2194 confert
1220 2142 1362 2193 Maittaire

818 2213 851 2264 de
872 2213 994 2264 dialectt.
1013 2229 1040 2278 p.
1062 2213 1112 2264 160
1130 2213 1173 2264 ed.
1192 2213 1283 2264 Stura.
1316 2211 1362 2262 Sic

816 2283 889 2333 iulra
907 2285 929 2346 Ι,
948 2282 983 2334 38
1001 2279 1215 2348 κερδανέεις.
1243 2284 1286 2332 Tu
1304 2281 1359 2332 vid.

816 2352 931 2404 Bredov.
954 2370 981 2419 p.
1006 2352 1058 2403 856
1076 2369 1133 2420 seq.
1171 2353 1303 2403 Futurum
1321 2352 1361 2401 in·

817 2423 931 2473 dieativi
947 2425 976 2473 in
991 2423 1115 2474 oratione
1133 2422 1257 2488 obliqua,
1282 2435 1360 2487 prae-

816 2494 909 2544 sertim
928 2495 956 2544 ln
973 2493 1216 2545 vaticinationibus
1229 2493 1297 2542 eatis
1313 2505 1360 2540 no-

816 2567 888 2626 tum,
908 2568 938 2614 ut
955 2579 1039 2630 cupra
1058 2565 1081 2628 Ι,
1103 2563 1135 2615 13
1152 2568 1206 2614 ete.
1241 2561 1360 2613 Notatur

815 2640 958 2699 praeterea
976 2634 1108 2685 orationis
1125 2632 1257 2700 quaedam
1274 2631 1359 2681 ebun-

817 2705 947 2754 dantia
935 2720 963 2754 m
987 2720 1032 2767 eo,
1060 2705 1133 2770 qaod
1155 2718 1205 2768 μιν
1232 2701 1361 2753 adiicitur

816 2789 981 2840 pronomen,
1006 2775 1072 2825 licet
1082 2775 1216 2857 proxime
1239 2777 1362 2824 antecen-

816 2846 882 2895 oen‘t
899 2841 1003 2894 τοῦτον
1020 2837 1071 2894 τὸν
1082 2835 1173 2895 Ἀτνν.
1206 2843 1269 2895 Vid.
1289 2849 1359 2894 nott.

816 2914 852 2964 ad
867 2915 920 2978 111,
933 2915 976 2966 85.
1013 2915 1046 2964 ln
1063 2930 1140 2982 seqq.
1159 2914 1287 2965 revocavi
1300 2929 1362 2964 cum

815 2985 932 3035 Bredov.
949 3001 977 3050 p.
994 2984 1045 3037 300
1056 2985 1197 3052 vulgatam
1208 2974 1361 3048 ἐξηγέρθη,

816 3070 832 3105 e
854 3054 975 3105 Florent.
999 3060 1132 3108 mutatam
1162 3055 1190 3104 in
1215 3045 1257 3115 ίξε
1260 3048 1361 3119 γέρθ,

816 3125 935 3210 itemque
944 3117 1176 3191 καταρρωδήσας
1188 3139 1237 3188 pra
1246 3067 1362 3187 antod-

816 3186 963 3260 ρωδήοας,
988 3211 1049 3245 cnm
1072 3199 1202 3248 constane
1220 3195 1257 3244 ait
1274 3195 1363 3246 Hero-

816 3263 874 3315 doti
892 3255 1289 3331 εσιίρῑαιοιιαταόδωδήοας,
1308 3263 1361 3314 hoc

815 3350 922 3401 quoque
940 3335 1001 3387 loco
1019 3334 1124 3400 aliquot
1146 3334 1223 3385 libris
1242 3334 1360 3384 firmata.

814 3405 877 3456 Vid.
902 3407 981 3456 modo
1011 3405 1157 3457 1)1ιιδοι1.’
1172 3420 1199 3470 p.
1224 3405 1360 3456 XXXIII.

813 3475 930 3527 Bredov.
955 3491 982 3542 p.
1010 3476 1070 3527 161.
1107 3474 1149 3525 Ad
1167 3475 1265 3526 verba:
1291 3466 1361 3525 ἕωσ-

813 3543 853 3614 τῷ
871 3537 956 3610 λόγον
975 3541 1062 3596 ἔδωκε
1082 3545 1145 3608 (τινι
1157 3545 1300 3610 dilipentiaa
1318 3559 1360 3595 re·

809 3595 930 3680 putabat)
960 3617 1006 3667 Cr.
1032 3615 1127 3666 laudat
1150 3615 1295 3665 Helndori.
1325 3613 1362 3664 ad

812 3685 936 3736 Platonis
969 3685 1091 3752 Sophiat.
1125 3684 1150 3748 ξ.
1171 3683 1213 3736 34.
1241 3701 1268 3751 p.
1298 3685 1360 3737 320.

813 3755 892 3806 Conl.
911 3756 947 3806 ad
965 3756 1003 3820 11,
1026 3757 1074 3808 162
1092 3760 1193 3836 potatt.

847 3838 971 3909 aperui.
986 3793 1038 3890 μὲν
1063 3841 1102 3893 τῳ
1123 3819 1207 3875 παιδὶ
1226 3821 1359 3890 γυναῖκα]

812 3883 971 3959 αγεσθαι·
963 3911 992 3946 ιιι
1016 3896 1105 3947 medio
1138 3894 1172 3946 de
1201 3899 1280 3977 patre
1303 3893 1360 3944 lilio

811 3979 922 4020 uxorem
952 3965 1061 4017 locante
1093 3967 1121 4015 in
1156 3965 1241 4030 ipaiua
1276 3964 1359 4014 aedes

811 4037 890 4101 quani
909 4035 1096 4088 abducendum
1111 4033 1308 4086 illustrevaua
1322 4033 1358 4084 ad

811 4105 920 4157 (Itoniae
937 4107 1057 4158 Peraicc.
1076 4105 1101 4169 6.
1120 4107 1146 4157 2.
1156 4121 1190 4185 p.
1209 4103 1243 4156 92
1262 4121 1326 4186 aeq.

843 4178 917 4226 τοιοι
935 4172 1066 4241 χρέονται
1081 4169 1109 4234 ἐς
1123 4168 1248 4239 πόλεμον
1267 4164 1326 4224 oi'
1307 4188 1357 4224 αν-

809 4243 937 4312 θρωποι]
958 4245 1103 4311 χρέονται,
1123 4245 1196 4311 quod
1214 4243 1305 4310 plnres
1323 4244 1357 4293 li-

808 4314 850 4364 bri
866 4315 1005 4378 ferebant,
1024 4331 1085 4367 cum
1097 4315 1205 4381 Schwg.
1224 4319 1251 4365 et
1267 4313 1356 4366 Gaias.

808 4385 926 4450 reposui.
956 4385 1019 4438 Vid.
1035 4385 1152 4438 Bredov.
1172 4399 1200 4452 p.
1217 4383 1288 4449 386,
1308 4382 1356 4450 qni
