3088 4922
229 241 290 302 474
663 245 930 311 ΗΕΒΟΒΟΤΙ
972 315 977 322 ,

230 443 345 512 γιοτον
358 419 542 511 μαρτύριον
558 425 593 492 oi
603 417 720 511 ἄνεμοι
734 424 945 512 παρέχονται,
964 426 1121 504 πνέοντες
1135 421 1201 495 dud
1215 429 1284 495 τῶν
1298 453 1364 514 χω-

231 529 319 616 ρέων
334 527 480 595 τουτέων
497 532 638 616 θερμοί.’
659 524 820 615 δεύτερον
835 526 889 611 bi,
909 523 959 595 ὅτι
980 525 1147 616 ἄνομβρος
1168 524 1294 618 ἦχόρη
1309 531 1364 598 καὶ

230 699 309 760 nolet,
335 695 448 758 colligat,
472 694 538 743 nullo
555 693 626 743 modo
642 693 774 758 probabile
824 699 915 745 monet
926 695 1121 760 Wesselingius
1136 696 1252 746 testibus
1263 679 1363 759 allatis,

119 781 123 790 ·
231 781 300 828 esre,
325 771 383 812 ute
402 765 458 812 niue
472 762 544 812 Nilne
557 761 651 828 sluct.“
685 764 774 825 Quae·
824 765 922 830 quibus
950 765 1003 815 elin
1032 765 1127 815 adiicit
1151 765 1303 816 Lercherns
1331 765 1365 816 ds

231 837 300 888 ritur
320 832 406 894 enim,
431 847 547 896 quonam
574 833 708 896 pertinent
727 849 774 898 ge·
824 834 939 899 pluviis,
958 850 1026 900 quus
1045 836 1079 884 ab
1096 835 1176 886 Iunio
1193 851 1285 886 mense
1303 836 1365 886 inde

231 903 334 956 nitivue
358 898 429 964 τοῖν,
461 901 537 951 cuius
562 900 632 981 loco⁸
646 902 774 952 Reiskins
823 919 911 970 usqne
929 905 963 954 sd
979 905 1163 968 Septembrem
1179 905 1207 954 in
1220 905 1365 970 Aethiopia

232 975 295 1027 olim
313 971 461 1049 repositpm
474 970 585 1020 volchst
603 986 638 1020 τω
650 960 697 1042 ¹nie
714 986 774 1020 τεκ-
824 973 922 1024 cedere
935 975 1098 1025 recentiores
1113 975 1300 1025 observarunt.
1319 976 1366 1024 At·

231 1035 319 1110 μήρια
336 1038 425 1088 πολλα
442 1030 507 1102 ἐστι,
523 1040 684 1104 repudiante
698 1041 775 1091 Wes-
825 1059 877 1107 que
896 1045 948 1094 ism
967 1045 1038 1094 inter
1055 1048 1162 1094 veteres
1179 1044 1301 1094 nonnulli
1319 1043 1365 1094 Ni·

232 1109 361 1176 selingio,
381 1109 428 1173 qui
445 1109 480 1158 ed
493 1109 578 1159 verbe
593 1108 650 1158 τῶν
660 1103 694 1159 τὰ
705 1109 772 1159 rnol-
825 1113 880 1162 lum
898 1115 993 1179 augeri
1016 1112 1211 1163 contenderent
1234 1113 1365 1164 imbribus

232 1173 265 1233 ti
289 1177 458 1256 subintelligi
478 1178 538 1228 vult
556 1170 692 1243 τεκμήρια
713 1181 772 1229 sive
825 1183 956 1244 aestivis,
984 1183 1030 1247 qui
1052 1183 1080 1232 in
1100 1181 1245 1246 Aethiopia
1263 1187 1291 1233 et
1308 1183 1365 1247 qui-

232 1261 384 1318 μαρτνριαε
404 1263 506 1312 quonam
524 1245 616 1312 (paulo
633 1250 773 1299 antescri·
826 1253 886 1302 dem
909 1253 1054 1317 praecipue
1078 1255 1107 1302 in
1130 1251 1266 1302 montibus
1296 1251 1366 1302 deci·

232 1314 353 1388 piorum)
379 1318 472 1368 indicia
493 1319 570 1367 multa
599 1319 692 1369 adsunt
719 1321 773 1368 niro
825 1323 901 1372 dunt.
944 1322 1023 1372 Coni.
1041 1321 1169 1372 Strnbon.
1193 1321 1282 1372 XVII.
1302 1337 1364 1386 pag.

233 1397 287 1443 etc.
320 1386 401 1436 Hune
424 1388 556 1437 rationem
582 1389 704 1453 seqnitur
721 1389 774 1438 Ne·
827 1390 987 1442 1138A.B.
1012 1391 1076 1441 1130
1088 1392 1120 1441 B.
1141 1406 1163 1440 s.
1181 1407 1206 1454 p.
1222 1391 1274 1442 789
1289 1407 1364 1455 seqq.

233 1461 289 1528 gris
310 1455 464 1578 syllenne:
483 1453 540 1535 μῶν
555 1450 712 1535 εἰρημένων
725 1471 773 1521 μοι
825 1461 884 1522 Sic,
908 1459 977 1508 elios
994 1459 1168 1522 nt'teceem,
1190 1460 1366 1524 Agatharchi-

233 1527 322 1580 ταῦτα
348 1539 390 1575 οτι
405 1524 495 1574 πολλα
510 1541 651 1590 μαρτνρια
667 1541 692 1575 e.
708 1541 732 1575 τ.
748 1525 772 1574 i.
826 1529 874 1579 des
897 1529 1025 1592 Cnidius,
1055 1531 1099 1595 qui
1122 1529 1186 1579 inde
1215 1530 1249 1584 ud
1275 1546 1366 1580 vemm

234 1595 489 1662 Schweighaeuscro
512 1595 645 1719 menius
662 1586 697 1644 τὰ
715 1611 775 1646 ors·
825 1600 944 1664 proxime
962 1599 1113 1650 accessisse
1131 1599 1231 1649 dicitur
1248 1599 1365 1650 Diodoro

234 1671 335 1720 tionem
358 1667 468 1719 turbore
489 1665 517 1714 vi
565 1680 610 1726 ur,
639 1665 686 1730 qni
710 1664 775 1729 quid
826 1671 848 1730 1,
867 1670 914 1731 ll,
935 1669 1072 1734 epluviis,
1092 1685 1161 1733 ques
1179 1671 1322 1734 quotannis
1338 1669 1365 1718 in

233 1740 286 1790 huc
305 1737 399 1797 iaciat,
417 1733 490 1786 hnud
503 1747 533 1784 se
549 1733 702 1800 intelligere
715 1749 776 1800 pro·
825 1739 985 1804 Aethiopiae
1002 1739 1137 1788 montibus
1154 1739 1288 1788 exsistant
1305 1753 1366 1788 con-

234 1808 335 1860 fitetur.
377 1803 566 1854 Infelicissime
590 1805 618 1853 in
640 1805 692 1854 hoc
714 1803 775 1854 loco
825 1810 959 1868 tinentee,
985 1809 1135 1858 increscere
1153 1807 1245 1857 Nilum
1264 1813 1366 1858 stutue-

235 1875 403 1930 emendendo
421 1880 449 1925 et
472 1873 632 1938 explicando
650 1877 775 1924 versutus
825 1884 878 1928 ret.
925 1877 987 1926 Vid.
1016 1877 1140 1927 Tristen:
1171 1879 1213 1926 De
1233 1877 1366 1941 Agathar-

234 1953 276 1998 est
294 1947 438 2010 Stegerus,
456 1945 484 1992 in
502 1946 624 1994 Preeint.
642 1943 776 1994 Herodot.
825 1947 904 1998 chide
929 1947 1025 1996 Cnidio
1051 1946 1147 2010 (Bm.
1175 1945 1262 2008 1848.)
1287 1963 1313 2011 p.
1333 1945 1365 1996 73

234 2034 297 2084 ρος.
316 2016 370 2076 XI,
397 2014 457 2076 uhi,
477 2013 554 2092 quod
579 2013 660 2064 scribi
682 2013 773 2062 iubet:
826 2033 882 2081 seq.
908 2016 940 2066 75
959 2033 1016 2081 seq.
1058 2015 1113 2065 Alii
1132 2016 1273 2080 Aegyptii,
1297 2020 1367 2064 teste

234 2086 291 2138 τῶν
312 2077 378 2138 τάδε
394 2081 485 2132 πολλοι
502 2073 573 2145 ἐστι,
591 2083 658 2132 illud
673 2083 714 2132 sic
732 2097 775 2131 ex·
825 2085 903 2150 Lydo
921 2085 954 2133 de
973 2101 1071 2138 menes.
1091 2101 1152 2150 pag.
1170 2085 1234 2144 obt,
1258 2085 1292 2134 sb
1311 2089 1366 2134 ete-

234 2155 331 2222 plicnt:
358 2154 447 2218 „cuim
463 2154 503 2202 rei
521 2150 591 2216 (τῶν
601 2151 726 2217 hemps),
744 2167 775 2201 ue
826 2156 875 2204 siis
893 2155 1063 2205 tradiderunt
1081 2169 1172 2204 omnes
1190 2155 1275 2204 nubes
1291 2169 1307 2204 e
1322 2169 1366 2204 sn·

232 2224 365 2290 probabile
389 2221 485 2287 quidem
508 2237 576 2285 enee,
605 2238 657 2272 eruo
682 2237 696 2270 e
722 2223 776 2271 niue
825 2225 975 2290 periorihus
989 2224 1144 2288 regionibus
1156 2223 1292 2274 meridiem
1307 2239 1367 2274 ver-

232 2297 326 2361 fluere,
355 2292 418 2341 baec
442 2293 519 2340 mlta
545 2297 605 2340 sunl
629 2299 775 2355 aramenta
826 2311 872 2344 sus
895 2293 1000 2343 detrudi
1028 2299 1055 2343 et
1082 2291 1157 2354 inde,
1189 2309 1248 2342 cum
1274 2295 1366 2355 gravis

236 2359 304 2429 (τῶν
316 2351 406 2410 πολλοὶ
422 2349 521 2424 ἒστι),“
558 2359 691 2424 Equidem
708 2359 775 2408 nihil
825 2363 919 2428 pluvie
936 2362 1059 2422 decidet,
1084 2362 1175 2411 Nilum
1193 2366 1365 2422 exeestner03

235 2431 394 2483 mutandum
416 2429 553 2490 existimo,
579 2429 627 2478 sed
646 2429 776 2493 interpre-
826 2438 908 2497 etque
937 2434 1021 2483 etiem
1043 2430 1223 2493 Thrseyelees
1248 2430 1366 2480 Thasius

235 2503 340 2553 tutione
357 2497 447 2548 iocum
471 2497 674 2561 illustrandum,
698 2499 775 2548 cuiue
827 2518 886 2552 enm
903 2503 991 2552 tenuit
1009 2500 1184 2560 sententium,
1208 2499 1300 2548 etesiis
1316 2499 1365 2547 Ni·

235 2573 279 2622 hic
306 2569 371 2619 mihi
394 2569 502 2618 videtur
524 2583 632 2618 sensus:
669 2569 776 2630 Quonam
825 2571 879 2622 lum
900 2573 1006 2622 extrudi
1025 2568 1169 2618 eiiirmens.
1203 2567 1269 2617 (ium
1294 2568 1363 2617 enim

233 2645 357 2706 pleraque
376 2637 462 2702 (quse
476 2637 542 2687 'scih
566 2637 600 2687 de
618 2636 673 2687 Nili
691 2638 776 2687 incre·
826 2641 970 2706 Aethiopis
994 2637 1133 2690 altioribus
1156 2637 1292 2686 mentibus
1315 2636 1365 2686 cir-

234 2713 326 2762 mento
341 2709 368 2756 in
381 2707 452 2758 hene
470 2707 623 2772 opinionem
637 2707 776 2771 disputan·
826 2710 966 2761 cumdetur
976 2713 1056 2775 etque
1066 2706 1183 2771 excipiet
1192 2706 1286 2768 nubes,
1297 2719 1367 2772 quee

235 2781 291 2842 tur)
314 2779 377 2828 lolia
392 2783 462 2836 ome,
489 2785 517 2827 ut
537 2779 592 2828 uiro
609 2808 644 2816 -
662 2791 692 2827 oe
715 2792 776 2839 pro·
828 2781 919 2830 etesiis
941 2777 1146 2844 protrudentur,
1177 2775 1269 2826 Nilum
1290 2776 1366 2825 inun-

235 2849 316 2900 bcbile
340 2847 437 2912 quidem
462 2847 544 2898 videri
569 2848 662 2909 possit,
694 2847 776 2897 Nilum
828 2849 896 2899 deri.
945 2849 1040 2914 Neque
1075 2845 1154 2896 aliter
1188 2844 1367 2898 Callisthenes

233 2921 313 2985 fluere
334 2920 388 2967 nive
411 2925 516 2966 auctum.
540 2942 575 2952 -
601 2915 711 2966 Retinui
735 2910 776 2965 oi·
827 2918 918 2969 Nilum
934 2934 963 2968 se
979 2917 1117 2967 invenisse
1132 2918 1321 2966 testetuseret
1334 2930 1367 2964 ex

235 2981 286 3045 κὸς
307 2985 368 3051 (pro
386 2977 473 3048 εἰκὸς)
492 2989 520 3035 et
535 2985 562 3035 h.
577 2983 594 3034 l.
612 2989 640 3035 et
657 3000 716 3050 cup.
731 2987 775 3046 24,
825 2987 939 3038 infinitis
952 2987 1083 3036 imbribus
1099 2986 1128 3034 in
1141 2984 1287 3050 Aethiopis
1301 2985 1367 3034 ortis

236 3073 297 3109 curn
313 3056 366 3105 hec
382 3054 469 3106 iorme
477 3056 605 3104 Nostrum
619 3059 777 3104 constanter
828 3057 936 3108 deferri.
972 3057 1071 3106 Nostra
1095 3057 1187 3104 netnte
1205 3055 1272 3103 entis
1296 3069 1367 3102 com·

235 3141 314 3180 usum
337 3139 397 3174 esse
417 3129 548 3189 epperest
575 3139 608 3174 ex
630 3124 679 3185 iis,
706 3137 776 3189 quse
826 3131 931 3192 pertnm
952 3125 1095 3185 hebemus,
1118 3125 1146 3172 in
1167 3121 1266 3187 pluviis
1284 3121 1368 3186 tropi-

235 3195 353 3250 Bredov.
372 3208 400 3257 p.
422 3193 471 3245 194
492 3209 548 3259 seq.
569 3193 675 3253 attulit3
699 3194 775 3243 item·
828 3197 866 3246 cis
893 3209 963 3259 quoe
987 3194 1113 3243 dicuntur
1137 3207 1153 3242 e
1178 3191 1252 3241 Mein
1277 3207 1368 3241 mense

236 3281 288 3331 que
317 3262 415 3327 scripsi
437 3259 550 3328 χωρέων
574 3279 635 3313 eum
661 3265 775 3313 recenti.
825 3262 958 3328 usquead
972 3262 1155 3328 Septembrem
1173 3261 1368 3310 ieredeciden-

236 3335 298 3386 edd.
321 3349 336 3384 e
358 3331 518 3384 Florentino
544 3333 603 3384 cod.
627 3347 676 3396 pro
700 3331 775 3396 vulg.
825 3333 898 3383 tibus
923 3347 1016 3383 rerem
1033 3331 1089 3382 Nili
1108 3331 1256 3382 crescentis
1277 3335 1304 3380 et
1328 3329 1368 3378 in·

235 3402 474 3535 χωὸρτίιωένομβρος
490 3459 509 3532 ἡ
527 3460 604 3535 χώρη
621 3463 669 3517 uni
690 3459 776 3530 ἄκρύ-
824 3397 1367 3536 pinqduqnqlpotqaffiffiiqqtitfiegqqliipqqpispg,

236 3541 352 3598 οτοιλλος
371 3537 479 3604 mul]
498 3540 516 3590 i.
535 3555 559 3590 e.
578 3539 775 3604 quodeonelan·
825 3541 913 3592 Indic.
942 3541 968 3592 6.
1009 3539 1087 3589 Geni.
1111 3539 1274 3588 Hertmnnn.
1299 3535 1368 3586 Erd-

235 3623 275 3663 τιν
292 3611 354 3661 baec
370 3611 441 3673 repio
459 3607 575 3658 iubribne
592 3615 617 3657 el
633 3609 716 3671 plocio
733 3622 776 3655 co·
826 3611 932 3660 beschr.
956 3625 983 3659 τ.
1006 3608 1123 3672 Aegypt.
1147 3623 1210 3672 psg.
1235 3605 1269 3656 92
1293 3619 1367 3671 seqq.

235 3689 285 3733 ree.
309 3671 453 3744 ἄνομβρος
473 3677 545 3726 inire
564 3676 608 3738 11,
633 3679 667 3726 25
689 3667 775 3738 ἀτρύ-
826 3681 880 3740 97,
899 3677 1112 3730 Heeren.1deen
1131 3681 1183 3726 etc.
1202 3675 1241 3736 11,
1257 3676 1284 3724 2.
1303 3687 1368 3739 pag.

236 3749 352 3805 σταλλθθ
372 3749 472 3798 Noster
495 3746 578 3806 dixit,
604 3745 650 3810 qni
671 3745 722 3809 IV,
741 3747 776 3797 28
826 3747 860 3800 56
884 3764 940 3811 seq.
963 3745 1026 3797 coli.
1051 3747 1150 3796 Ritter.
1169 3743 1317 3795 Erdkunde
1342 3741 1366 3792 1.

232 3822 337 3885 glaciem
358 3815 426 3866 dixit
443 3807 631 3878 epicoenon,
655 3829 709 3865 non
728 3813 776 3863 sii·
826 3832 888 3881 pag.
902 3817 963 3868 835.
982 3814 1094 3866 Russeiz
1112 3815 1213 3878 Egypt.
1232 3811 1272 3876 (in
1285 3812 1368 3862 Ediu-

236 3891 378 3950 tenetque
396 3885 507 3936 Homer.
527 3881 687 3946 Ili.'XX11,
716 3884 774 3933 152.
824 3886 912 3951 burgh
932 3884 989 3935 Cel.
1015 3883 1118 3947 librery
1137 3884 1169 3933 T.
1193 3881 1258 3946 ΙΙΙ.)
1282 3897 1308 3946 p.
1333 3881 1367 3931 35

236 3957 288 4008 Od.
307 3955 384 4016 XIV,
403 3955 455 4002 477
476 3958 503 4003 et
526 3951 700 4017 Thucydides
720 3953 774 4014 III,
826 3971 882 4020 seq.
908 3957 950 4004 De
964 3955 1054 4004 ventis
1071 3949 1200 4002 nonnulle
1216 3951 1367 4000 monuimus

235 4025 278 4076 23.
324 4023 467 4072 Caeterum
496 4022 659 4073 Herodoteis
688 4022 776 4072 eonsi—
826 4023 861 4073 nd
879 4023 923 4084 11,
942 4023 985 4076 20.
1022 4022 1155 4072 Referunt
1175 4020 1227 4070 huc
1254 4033 1367 4134 quoqne,

235 4093 310 4144 milio
328 4092 432 4156 profert
448 4091 584 4142 Diodorus
601 4091 624 4152 1,
642 4089 685 4141 38.
722 4091 776 4141 Sed
827 4092 987 4158 quodNilus
1000 4091 1054 4140 iem
1066 4092 1184 4140 Homero
1202 4081 1301 4138 dicitur
1333 4091 1369 4134 ot-

236 4162 353 4214 celsiore
369 4159 530 4224 Aethiopiae
546 4159 621 4222 loce,
645 4161 777 4210 muntium
827 4152 925 4225 πετὴς,
961 4167 1049 4210 auctos
1082 4159 1188 4210 scilicet
1212 4157 1302 4220 pluuiis
1335 4155 1368 4204 de

235 4231 394 4298 praesertim
413 4229 555 4279 cacumine
577 4243 628 4278 nec
645 4229 709 4279 nive
726 4243 777 4279 uec
825 4233 896 4280 coelo
908 4231 1029 4291 delapsis,
1042 4233 1073 4278 ut
1085 4231 1193 4292 poetam
1206 4241 1271 4277 vers
1284 4237 1368 4274 conse

236 4301 367 4368 grandine
391 4301 474 4363 etque
495 4297 557 4363 gelu
574 4313 679 4361 cerere,
707 4298 776 4349 bene
827 4300 903 4349 fluvii
920 4299 993 4348 sueti
1009 4297 1083 4348 haud
1098 4295 1220 4347 intuerit.
1243 4293 1314 4346 Vide
1328 4297 1367 4342 te-

238 4571 293 4584 Α
