3058 4928
216 246 278 306 616
650 235 918 300 HERODOTI

218 415 462 506 ἑβδομήκοντα·
517 418 665 493 πλεῦνας
693 411 729 482 δὲ
756 411 904 480 τουτέων
934 406 997 478 οὐκ
1023 411 1128 490 ἔξεστι
1155 405 1356 498 ταριχεύειν.

220 633 282 682 eus,
309 618 356 668 ubi
383 617 439 668 vid.
466 615 591 667 Piersoni
616 617 674 664 not.
698 629 762 680 pag.
815 613 886 664 tavit
904 611 1031 662 Creueer.
1049 609 1068 661 l.
1088 609 1107 662 l.
1126 627 1154 676 p.
1167 611 1279 660 41—45.
1311 610 1359 658 At-

220 689 282 740 246.
318 687 388 738 Add.
413 685 535 736 Lobeck.
559 683 594 734 ad
617 683 763 749 Phrynioh.
815 681 1360 745 ealiminernteetpraeoipuenatmurcar·

220 776 247 824 p.
266 757 316 810 305
335 761 362 807 et
376 757 447 807 coni.
467 753 557 806 Idolor
573 753 608 802 ad
622 751 763 803 Aristotel.
816 753 925 802 bonicum
940 751 984 800 hic
1003 749 1119 814 intelligi
1141 749 1234 800 docuit
1253 764 1360 816 quoque

221 825 400 892 Meteorolog.
420 825 444 876 I.
462 841 488 890 p.
508 822 569 876 639.
589 823 629 874 ΙΙ.
653 839 681 888 p.
701 824 764 874 474.
816 821 909 872 Fritne
925 819 944 871 l.
962 820 982 870 l.
1000 836 1027 885 p.
1046 819 1091 870 20.
1126 819 1258 884 Magnus,
1277 819 1358 884 quil.

222 899 273 948 Est
287 911 352 945 vero
369 895 437 944 satis
452 909 523 943 nuno
543 893 692 957 cognitum,
711 907 765 942 uon
817 892 835 943 l.
854 907 881 956 p.
900 890 934 942 32
946 905 1006 954 seq.
1025 889 1117 938 varias
1130 889 1249 939 virorum
1266 889 1360 938 docto·

222 981 282 1017 esse
294 964 421 1014 hoesalis
434 978 528 1028 genus,
539 961 587 1012 sed
598 961 680 1023 istud,
693 961 766 1026 quod
816 977 876 1011 rum
896 960 1048 1010 sententias
1076 959 1227 1020 recensuit,
1255 963 1360 1009 certum

222 1045 321 1085 restrum
347 1039 374 1082 et
398 1035 475 1082 olenii
490 1033 609 1082 nriuerole
629 1047 701 1081 nunc
719 1047 765 1081 vo·
816 1031 857 1080 sal
871 1030 915 1080 hic
926 1027 1043 1094 intelligi
1062 1043 1141 1092 posse
1157 1033 1252 1093 negat:
1273 1028 1361 1093 Aegy·

222 1100 764 1166 camus(„ruiueral·slkalischesSaln“),
816 1101 888 1166 ptios
906 1098 1085 1164 probabiliter
1104 1097 1262 1148 adhibuisse
1281 1103 1362 1162 putat

223 1174 295 1240 quod
313 1173 397 1222 variis
410 1173 437 1222 iu
456 1171 622 1236 regionibus,
641 1169 766 1220 australi·
817 1170 860 1220 vel
878 1173 919 1219 sni
934 1170 1064 1218 alcaliuum
1075 1166 1277 1230 („lraustisuhes
1289 1168 1362 1218 Lau-

223 1245 273 1294 bus
296 1243 470 1308 praesertim,
495 1241 634 1290 invenitur
665 1247 692 1290 et
724 1254 767 1289 sa·
818 1238 963 1306 gensaln“)
976 1238 1012 1288 ad
1026 1237 1134 1288 viscera
1145 1235 1301 1299 evertenda,
1316 1237 1362 1288 rel

223 1313 286 1378 poni
310 1310 477 1362 conficiendo
505 1311 632 1370 inservit,
660 1323 767 1374 quoque
818 1309 859 1360 sal
878 1307 1001 1358 neutrale
1018 1307 1137 1356 solutum
1156 1307 1247 1370 („eine
1264 1306 1361 1356 Aeuo-

223 1382 304 1432 hodie
329 1382 410 1431 etiam
435 1395 482 1444 per
505 1381 658 1444 Aegyptum
682 1379 768 1428 lintea
818 1394 887 1444 sung
900 1393 954 1427 von
967 1375 1210 1435 Neutralsalnen“)
1226 1375 1262 1426 ad
1274 1380 1362 1426 toturn

223 1456 382 1516 purgantur.
400 1449 463 1500 Vid.
476 1447 697 1513 Theophrastus
708 1448 764 1513 ign.
817 1447 934 1499 cadaver
946 1446 1088 1497 eluendum
1101 1445 1144 1496 vel
1159 1446 1193 1496 ad
1203 1447 1363 1498 iniectiones

223 1537 250 1586 p.
274 1519 326 1571 434
345 1519 514 1584 (Selrueider.
537 1517 652 1582 Eclogg.
671 1517 764 1582 physe.
816 1520 846 1568 in
860 1515 975 1567 arterias
994 1516 1144 1566 iaciendas.
1180 1517 1223 1566 De
1240 1520 1363 1566 veterum

224 1607 250 1654 p.
272 1589 320 1639 154
340 1593 367 1637 et
389 1593 459 1638 nott.
485 1603 511 1651 p.
531 1587 566 1638 90
590 1587 655 1652 ibiq.
682 1587 766 1636 Beck·
817 1588 889 1638 uitro
907 1585 1029 1650 pluribus
1042 1590 1227 1651 exposuerunt
1236 1585 1360 1636 Harless.

224 1673 315 1708 mann.
329 1657 363 1708 ad
376 1656 515 1708 Aristotel.
523 1657 582 1706 mir.
593 1671 683 1706 auscc.
692 1656 764 1706 LIV.
818 1663 846 1707 et
860 1653 1030 1706 'I'hierielder
1047 1657 1076 1704 in
1093 1655 1180 1705 libro:
1206 1656 1289 1704 lanus
1308 1661 1362 1706 eto.

224 1745 250 1793 p.
273 1727 318 1776 lll
335 1731 363 1776 et
380 1727 416 1778 ad
429 1727 558 1790 Antigou.
576 1726 683 1790 Caryst.
701 1741 764 1790 pag.
819 1727 841 1776 1.
861 1741 888 1791 p.
906 1726 957 1776 457
976 1740 1051 1790 seqq.
1070 1725 1124 1775 111.
1145 1741 1171 1788 p.
1191 1725 1224 1774 te
1243 1739 1321 1790 seqq.

224 1795 297 1862 Ι216).
340 1796 404 1846 Guis
430 1796 515 1861 ipsius
538 1811 599 1846 oum
622 1795 698 1845 nulla
719 1795 768 1844 fiet
853 1785 1015 1858 κρύψαντες
1040 1785 1145 1859 ἡμέρας
1158 1785 1363 1859 ἑβδομήκοντα·

225 1865 298 1930 apud
307 1865 456 1916 Diodorum
468 1865 676 1929 mentio,ueque
687 1865 769 1914 etiam
820 1862 943 1920 πλεῦνας
956 1857 994 1942 δὲε
1004 1860 1128 1912 τουτέων
1145 1878 1171 1912 τ.
1186 1879 1210 1913 τ.
1227 1861 1265 1928 L]
1280 1861 1364 1912 nied·

207 1937 284 1987 eius
311 1941 413 1986 certum
436 1935 582 2000 vestigium
612 1935 639 1982 in
662 1935 768 1984 mumiis
820 1949 872 1990 νας
897 1933 956 1983 scil.
980 1931 1095 1997 ημέρας.
1137 1933 1240 1994 Fuere,
1266 1933 1364 1997 quibus

226 2005 347 2057 chemica
357 2003 543 2068 exploratione
556 2004 712 2068 perquisitis
722 2020 770 2068 ap·
820 2003 871 2053 hoc
889 2003 1064 2068 septuaginta
1078 2001 1181 2052 dierurn
1194 2003 1312 2066 spatium
1325 2003 1365 2051 iu-

225 2079 334 2140 pareat,
362 2074 522 2124 dubitarunt
544 2073 596 2122 viri
620 2073 694 2122 docti
718 2088 769 2122 nec
820 2079 863 2122 eto
882 2072 989 2138 lougius
998 2071 1147 2134 videretur,
1166 2072 1206 2121 ita
1216 2077 1247 2122 ut
1259 2087 1313 2122 non
1329 2071 1365 2122 ad

226 2143 373 2211 quidquam
402 2143 469 2192 certi
495 2142 671 2207 pronuntiare
694 2141 770 2192 volu·
820 2141 975 2192 salitionem
993 2146 1111 2202 tautum,
1135 2157 1229 2191 verum
1253 2141 1288 2192 ad
1305 2141 1366 2190 uni-

226 2217 314 2263 erunt.
351 2211 405 2262 Sed
422 2212 574 2276 nuperrime
592 2215 709 2260 testatus
728 2215 770 2260 est
820 2227 927 2261 versam
941 2210 1110 2261 condituram
1128 2211 1171 2261 vel
1184 2227 1262 2262 omne
1274 2211 1366 2261 luctus

226 2281 452 2332 Blumenbachius
468 2281 607 2344 (Beitrtige
626 2297 650 2330 a.
669 2280 768 2330 Natur-
820 2287 925 2346 tempus
941 2295 987 2331 eas
1003 2280 1099 2330 reterri
1108 2279 1229 2343 mallent,
1241 2295 1366 2346 praeser-

227 2348 319 2416 gesclr.
338 2349 376 2398 11.
402 2365 465 2414 pag.
490 2349 533 2400 53.
553 2347 585 2398 87
605 2364 627 2398 s.
650 2348 720 2411 113),
739 2364 769 2399 se
819 2351 868 2400 tim
884 2366 944 2400 oum
954 2349 1091 2402 Diodorus
1111 2352 1215 2414 triginta
1234 2355 1282 2400 aut
1301 2366 1366 2415 pnn-

227 2419 299 2470 natri
315 2417 387 2468 haud
402 2418 529 2482 ambigua
547 2418 576 2466 in
589 2417 769 2468 cadaveribus
820 2420 940 2484 draginta
959 2423 1045 2483 ponat
1068 2419 1141 2481 dies,
1164 2420 1262 2483 quibus
1281 2420 1366 2468 etiam

227 2487 422 2550 Aegyptiorum
435 2487 577 2536 medicatis
595 2487 713 2551 vestigia
730 2487 771 2537 oi·
820 2489 913 2538 Iacobi
932 2487 1109 2538 Patriarobae
1130 2489 1300 2538 condituram
1318 2489 1366 2538 ab·
1389 2499 1393 2508 '

228 2555 361 2617 tendisse,
382 2571 469 2620 neque
483 2571 590 2606 earnem
609 2556 704 2618 solum,
722 2572 770 2606 ve·
821 2557 939 2608 solutam
957 2573 1017 2608 esse
1034 2557 1149 2622 legimus
1167 2559 1196 2608 iu
1214 2559 1312 2609 Genea.
1330 2559 1364 2619 1.‚

227 2641 285 2676 rum
304 2625 386 2675 etiam
402 2625 549 2690 spondylos
567 2631 645 2676 nstro
661 2641 770 2676 arrosus
821 2625 847 2690 3,
867 2627 965 2692 quibus
990 2627 1174 2691 quadraginta
1197 2627 1291 2678 diebus
1316 2628 1366 2676 inr-

227 2693 339 2744 ridisse.
375 2695 464 2760 Atque
480 2695 587 2744 nstrum
603 2696 637 2745 ob
657 2695 789 2746 calidam'
822 2697 904 2762 pletis
930 2697 1063 2747 fleverunt
1085 2697 1214 2746 Iacobum
1236 2697 1366 2762 Aegyptii

227 2767 353 2813 naturam
372 2763 471 2814 efficax
488 2764 523 2814 ad
542 2764 714 2818 siccandum
732 2766 772 2815 ita
822 2765 943 2831 (alteris)
963 2767 1139 2830 septuaginta
1158 2765 1268 2817 diebus:
1295 2781 1366 2830 quas

227 2837 272 2896 ut,
290 2849 349 2884 oum
368 2834 423 2882 iam
441 2839 523 2884 antea
541 2839 664 2884 aromata
682 2833 710 2883 in
728 2851 772 2884 ca·
821 2837 882 2900 ipsa
899 2851 961 2885 eum
978 2835 1141 2886 Herodoteis
1160 2836 1201 2886 its
1218 2836 1366 2886 convenire

228 2903 312 2952 darer
326 2901 419 2952 inlusa
434 2919 481 2968 per
499 2919 536 2954 ,se
559 2903 704 2954 absorbere
728 2920 772 2954 ex·
821 2904 880 2955 vult
893 2905 1104 2970 Hengsteuberg
1118 2904 1181 2967 (Die
1191 2905 1298 2956 Biieher
1308 2905 1367 2955 Mo·

228 2973 386 3037 siccareque
399 2987 448 3037 par
467 2974 515 3034 sit,
536 2973 667 3039 quidquid
678 2973 772 3024 bumo-
821 2975 858 3024 sis
879 2979 931 3024 ete.
945 2991 972 3038 p.
990 2975 1024 3025 70
1040 2974 1120 3039 seq),
1137 2979 1177 3035 ut,
1198 2990 1265 3040 quos
1280 2975 1367 3024 Hero·

228 3042 266 3090 ris
285 3043 314 3091 in
332 3042 498 3092 novitatibus
518 3041 648 3108 reliquum
668 3043 713 3105 sit,
732 3042 771 3092 nil
821 3043 902 3094 dotus
932 3048 1016 3108 ponat
1041 3045 1218 3109 septuaginta
1242 3044 1313 3107 dies,
1336 3043 1366 3093 hi

229 3111 369 3174 impediat,
384 3127 436 3176 quo
449 3111 537 3162 minus
550 3127 648 3177 corpus
659 3113 773 3162 siecou-
824 3128 902 3163 omne
920 3112 1010 3164 luctus
1035 3118 1142 3178 tempus
1167 3113 1301 3179 complere
1318 3129 1367 3178 pu·

230 3180 315 3229 ditum
334 3185 362 3230 et
384 3180 442 3230 sale
460 3180 574 3232 alcalioo
598 3183 680 3232 etiam
699 3197 773 3246 pror·
823 3187 928 3244 tentur,
947 3197 1033 3248 neque
1050 3187 1157 3234 tanturn
1174 3183 1209 3232 ad
1227 3183 1368 3234 salinatio·

229 3263 275 3298 sus
286 3249 452 3299 exsiccatum
463 3266 510 3314 par
524 3252 700 3316 septuaginta
714 3250 772 3301 dies
824 3267 885 3302 uem
904 3253 1069 3316 pertineant.
1107 3252 1186 3303 eonl.
1201 3251 1366 3317 Wesseliug.

132 3331 135 3338 ’
230 3317 298 3368 adeo
309 3317 474 3382 indurescat,
486 3321 696 3385 utaputrediue
706 3319 773 3370 nihil
824 3321 858 3371 ad
881 3321 1038 3383 Diodor.1,
1063 3321 1107 3384 91,
1131 3323 1223 3387 Zosga
1248 3322 1282 3372 de
1305 3323 1368 3372 obe·

231 3387 267 3436 sit
294 3388 476 3440 metuendum.
518 3390 597 3452 Quod
623 3405 687 3440 vero
712 3390 772 3456 quis
822 3390 899 3441 liaeo.
928 3407 990 3458 pag.
1023 3392 1082 3454 253,
1109 3392 1206 3456 Heyne
1235 3389 1366 3456 spicileg.

231 3457 357 3521 opinatus
383 3461 439 3520 est,
467 3459 539 3508 nutri
568 3465 629 3523 post
659 3459 773 3508 immissi
823 3475 931 3511 mumm.
951 3477 1016 3526 pag.
1035 3462 1061 3512 8.
1098 3460 1152 3511 Sed
1171 3459 1368 3526 talequidmi-

230 3541 289 3577 eam
299 3526 417 3576 suturam
433 3541 493 3577 esse
511 3528 579 3588 vim,
594 3533 624 3578 ut
641 3527 773 3593 quidquid
823 3530 894 3580 nime
910 3530 984 3581 iusta
994 3530 1209 3582 Herodoteorum
1223 3531 1368 3581 verborum

230 3597 259 3644 iu
277 3593 332 3644 illis
350 3597 516 3646 aromatibus
538 3596 711 3648 efficacitatis
733 3597 773 3646 in·
823 3599 1011 3662 interpretatio
1041 3601 1159 3664 patitur,
1189 3614 1223 3649 ex
1250 3615 1304 3664 qua
1326 3615 1368 3650 se·

231 3669 304 3715 esset
322 3665 358 3714 ad
377 3665 592 3716 conservandum
610 3683 721 3732 eorpus,
745 3665 773 3716 id
822 3669 951 3733 ptuginta
975 3669 1031 3720 dies
1058 3669 1093 3718 ad
1116 3667 1186 3717 hane
1212 3668 1368 3720 salitionem

231 3750 309 3784 omne
336 3733 393 3784 iere
414 3749 461 3798 per
484 3733 552 3784 illud
575 3741 671 3800 postea
696 3751 773 3786 aoce-
824 3739 903 3787 unice
929 3739 1093 3802 pertinuisse
1115 3737 1290 3788 statuendum
1314 3743 1368 3790 est.

231 3803 298 3854 dens
316 3803 343 3852 in
362 3817 490 3866 saponem
514 3809 719 3855 converteretur
746 3809 774 3855 et
824 3808 881 3857 Nee
898 3808 1029 3858 excedere
1045 3807 1181 3857 debebant
1201 3807 1252 3857 hoc
1266 3809 1368 3872 spatio,

231 3872 266 3921 ad
289 3869 401 3920 nihilum
423 3872 603 3938 redigeretur,
629 3873 680 3925 hoo
704 3875 773 3924 satis
824 3877 904 3940 quia,
926 3880 1005 3926 nstro
1029 3876 1132 3926 diutins
1154 3874 1273 3938 incluso,
1298 3877 1368 3941 peri-

231 3942 286 3990 iam
296 3940 413 4004 explosit
427 3941 563 3992 Lauthius
573 3943 601 3992 iu
610 3943 773 3994 Anatomiae
825 3945 914 3994 culum
937 3950 1008 4006 erat,
1033 3961 1067 3994 ue
1091 3943 1231 3996 solidiores
1259 3961 1368 4010 quoque

231 4007 327 4060 histor.
346 4008 369 4058 Ι.
392 4026 418 4073 p.
436 4010 470 4060 20
486 4026 543 4076 seq.
569 4011 683 4074 doeens,
706 4029 773 4063 nun·
824 4013 944 4078 corporis
955 4019 1046 4078 partes
1057 4014 1283 4074 dissolverentur;
1295 4013 1368 4066 unde

232 4091 312 4142 quam
332 4093 460 4142 saponem
478 4080 541 4132 iude
559 4079 645 4143 effici,
670 4083 772 4147 siquis
825 4083 907 4132 etiam
922 4081 988 4132 lotio
1001 4083 1063 4132 dein
1081 4083 1204 4146 adiecta,
1224 4099 1277 4148 quo
1294 4086 1368 4134 nalri

233 4145 771 4217 salemalouliouruoumresiua(cedria)
824 4166 1004 4215 vasorumque
1041 4151 1267 4216 lymphatioorum
1305 4152 1368 4202 reli-

232 4213 386 4265 ooniuderit
404 4221 431 4266 et
449 4219 659 4269 commiscuerit.
696 4223 773 4271 Haeo
824 4221 903 4286 quise
931 4220 1152 4286 abstergerentur
1179 4237 1195 4272 a
1220 4221 1368 4275 cadavera.

233 4285 290 4338 iere
302 4299 408 4340 summa
418 4290 576 4350 ostreorum,
596 4303 666 4355 quae
682 4289 773 4356 dispu·
822 4287 960 4342 -Plura
980 4290 1106 4344 Crenaer.
1129 4291 1148 4342 1.
1175 4290 1193 4342 l.
1216 4291 1368 4344 &monens
