3020 4930
459 291 526 350 sn
549 291 806 354 flnnooou.
827 293 874 367 n,
899 299 959 352 nn.
1215 292 1277 356 sos

139 461 299 514 Sesostride
321 462 399 516 valde
422 463 633 518 discernendum
649 481 712 518 esse
727 465 826 517 docent
843 481 874 516 ec
895 463 1020 534 plerique
1041 481 1090 532 ea,
1113 481 1184 535 quae
1202 468 1276 536 opud

138 545 324 614 Herodotum,
340 547 508 616 Diodorum,
526 549 595 603 alios
613 549 647 602 de
662 549 821 602 Sesostride
837 549 938 602 tradita
952 549 1149 616 inveniuntur,
1166 551 1201 603 ad
1217 568 1277 605 eum

138 647 230 698 regem
246 634 352 686 referre
366 634 484 706 malunt,
507 635 554 704 qui
570 636 643 705 apud
658 633 852 688 Manethonem
867 634 896 686 in
911 633 955 700 iis,
971 650 1042 704 quse
1058 635 1145 687 relert
1160 635 1276 703 Syncel·

137 713 182 768 lus
197 734 225 785 p.
242 719 275 774 72
291 718 351 771 sire
366 737 393 788 p.
413 723 464 780 134
486 719 529 773 ed.
548 720 656 786 Boon,
678 719 802 772 decimae·
820 736 908 772 nonae
923 719 1068 787 dynastiae
1089 738 1138 772 rex
1159 727 1276 773 vocatur

133 792 279 872 Ῥάμψης,
302 803 350 872 qui
372 805 518 873 sexaginta
540 822 589 856 sex
611 821 700 857 annos
721 805 842 857 obtinuit
862 821 978 872 regnum
998 803 1124 874 idemque
1145 823 1161 856 a
1176 804 1274 862 Tacito

136 884 155 936 l.
169 885 187 937 l.
207 894 321 940 vocetur
335 889 460 944 liquasse:
476 907 531 960 quo
547 889 641 942 eodem
660 889 767 942 nomine
783 890 898 943 eundem
913 907 1005 957 regem
1021 905 1094 942 nunc
1109 890 1171 958 ipse
1182 889 1274 958 Aegy-

136 970 257 1040 ptiorum
277 972 406 1026 exhibent
425 981 611 1042 monumenta,
636 975 664 1026 in
680 975 782 1044 quibus
797 973 858 1026 aliis
874 991 985 1044 quoque
1004 973 1228 1040 ornatustitulis
1244 991 1276 1026 ao

136 1057 195 1110 Soli
206 1060 353 1128 probatus,
373 1063 469 1114 Anauni
481 1061 605 1126 dilectus,
621 1061 690 1112 Solis
705 1069 805 1124 custos,
821 1061 939 1114 veritatis
956 1062 1089 1126 columen,
1112 1057 1164 1111 alie
1182 1058 1210 1110 id
1226 1077 1273 1127 ge-

137 1157 205 1208 nus,
222 1143 413 1212 praedicatur;
432 1145 505 1216 apud
521 1145 666 1214 losephum
682 1149 770 1197 contr.
790 1143 921 1213 Apionem
938 1163 965 1214 p.
983 1150 1015 1203 16
1032 1143 1102 1196 idem
1118 1160 1274 1196 commemo-

136 1233 215 1278 retur
237 1227 373 1298 habetque
392 1248 542 1298 cognomen
560 1227 722 1296 Miumun*)
743 1229 869 1299 idemque
887 1229 1033 1298 sexaginte
1053 1247 1103 1282 sex
1126 1246 1215 1281 annos
1231 1247 1274 1282 re-

135 1328 219 1379 gnum
239 1313 365 1366 tenuisse
390 1313 505 1368 dicituro
531 1331 548 1366 a
568 1314 771 1367 recentioribus
790 1331 864 1366 nunc
890 1314 972 1382 vulgo
993 1313 1095 1366 dicitnr
1112 1316 1222 1368 Rornses
1239 1317 1273 1380 ll,

134 1395 218 1466 idque
239 1397 342 1449 rectius
358 1416 438 1468 quam
454 1401 563 1454 Ramnes
577 1402 632 1466 111,
657 1401 809 1471 Magnique
828 1399 909 1452 titulo
931 1399 1091 1468 plerumque
1110 1398 1272 1466 insignitur,

134 1497 189 1550 quo
205 1498 221 1533 a
238 1480 365 1550 pluribus
380 1484 441 1536 aliis
454 1483 651 1553 Aegyptiorum
669 1485 782 1552 regibus
796 1484 866 1536 idem
883 1502 979 1536 nomen
995 1483 1158 1550 gerentibus
1174 1483 1273 1536 distin·

134 1573 245 1632 guatur.
284 1566 353 1619 Vide
374 1567 531 1621 Willinson
556 1569 687 1623 Manners
708 1577 761 1622 etc.
778 1569 802 1620 Ι.
824 1586 851 1637 p.
870 1574 905 1628 69
925 1587 1015 1639 seqq,
1038 1567 1173 1620 Rosellini
1194 1568 1272 1630 Men.

133 1650 228 1702 storici
245 1651 268 1702 I.
286 1669 313 1730 p.
323 1657 375 1714 256
390 1672 468 1724 seqq.
487 1657 538 1713 267
550 1672 630 1724 seqq.
647 1654 700 1707 ΙΙΙ.
713 1673 739 1723 p.
749 1661 775 1712 2.
793 1672 820 1724 p.
830 1659 944 1723 62sqq„
965 1653 1076 1706 Boeclh
1091 1653 1135 1705 ins
1151 1652 1274 1706 Schmidt

132 1733 296 1788 zeitschrift
310 1737 356 1790 fnr
371 1739 473 1791 Gesch.
492 1739 529 1792 11.
543 1743 604 1798 666.
619 1743 673 1799 678
687 1757 777 1809 seqq„
801 1738 942 1791 Gesenius
958 1739 1001 1790 in:
1023 1737 1096 1790 Hull.
1115 1737 1272 1790 titt-zen.

134 1824 212 1879 1841.
222 1838 267 1873 no.
275 1824 335 1882 146.
345 1841 373 1892 p.
383 1829 445 1883 656.
462 1821 690 1876 Raoullloohette
706 1824 752 1876 in:
769 1822 884 1876 Journal
899 1823 948 1875 des
957 1824 1065 1875 Sauone
1076 1827 1153 1882 1848.
1164 1827 1272 1894 p.308.,

133 1904 166 1956 1..
183 1905 298 1974 Georgii
317 1908 345 1959 in
362 1907 449 1975 Pauly
466 1908 677 1977 Realencyolop.
696 1908 742 1970 Vl,
756 1915 781 1966 1.
798 1926 824 1977 p.
842 1912 894 1967 391
909 1926 1005 1978 seqq,
1032 1907 1168 1977 Lepsius=
1184 1908 1272 1960 Chro-

133 1989 242 2058 nologie
257 1992 284 2043 d.
302 1992 420 2062 Aegypt.
436 1993 460 2045 1.
478 2012 505 2063 p.
513 1999 566 2054 278
582 2012 671 2063 seqq,
697 1993 826 2045 Osburn:
843 1993 903 2045 The
920 1991 1103 2045 monumentel
1119 1993 1227 2060 history
1244 1992 1275 2044 oi

133 2073 237 2144 Egypt.
254 2077 291 2127 ΙΙ.
309 2095 337 2146 p.
352 2081 405 2137 430
419 2096 497 2149 seqq.
512 2083 566 2138 434
580 2096 669 2147 seqq,
690 2077 737 2148 qui
755 2083 829 2130 recte
845 2077 956 2144 scribit,
979 2077 1083 2130 nullius
1105 2079 1164 2130 iere
1179 2076 1270 2144 Aegy-

132 2158 252 2226 ptiorum
270 2161 345 2230 regis
370 2163 584 2232 frequentiorem
605 2163 758 2216 memoriam
778 2162 848 2231 ipsis
868 2161 1067 2232 Aegyptiorum
1088 2161 1272 2214 monumentis

133 2243 221 2296 adhuc
236 2247 437 2314 superstitibus
452 2247 544 2318 iisque
560 2248 629 2300 varii
645 2247 758 2316 generis
775 2247 918 2300 declarari.
945 2247 966 2298 A
983 2247 1086 2316 quibus
1099 2246 1166 2298 viris
1182 2245 1272 2296 doctis

135 2344 208 2382 unus
223 2330 356 2384 dissentit
371 2333 483 2386 Bnnsen
504 2333 532 2385 in
549 2331 738 2402 alternosque
755 2331 871 2400 Anglica
886 2331 1007 2386 editione
1026 2331 1118 2400 operis
1137 2329 1272 2398 praeclari

134 2411 168 2464 de
191 2415 316 2484 Aegypto
338 2421 432 2470 vetere
460 2417 610 2487 conscripti
634 2418 765 2487 (Egypts
791 2416 872 2470 Plece
893 2417 920 2470 in
943 2415 1076 2468 Univers.
1098 2415 1215 2482 History
1233 2414 1270 2466 ll.

133 2515 161 2567 P·
178 2503 355 2571 tussam),
389 2503 437 2572 qui
458 2501 641 2555 Sesostridem
664 2502 736 2554 hunc
757 2501 975 2566 celeberrimum,
1006 2517 1087 2570 quem
1110 2501 1272 2553 Herodotus

132 2589 161 2634 et
174 2583 314 2638 Diodorus
334 2587 450 2656 ipsoque
465 2591 637 2640 monumento
650 2585 848 2656 Aegyptiorum
863 2587 1013 2652 declarant,
1034 2603 1088 2638 non
1104 2585 1229 2638 llamsem
1247 2603 1271 2638 s.

131 2665 288 2722 Ramessem
309 2671 399 2724 fuisse
422 2672 579 2738 contendit,
603 2673 653 2723 sed
675 2677 779 2740 patrem
794 2671 872 2739 eius,
894 2672 942 2742 qui
958 2665 1062 2732 Σεθώς
1081 2671 1154 2740 opud
1174 2671 1271 2722 bione-

131 2754 241 2806 thonem
258 2761 388 2824 vocatur,
409 2757 597 2810 contusionem
612 2756 676 2808 inde
691 2761 777 2808 ortem
793 2775 856 2809 esse
872 2764 965 2822 ratus,
990 2755 1063 2826 quod
1086 2763 1220 2823 uterque,
1245 2760 1274 2804 et

133 2843 214 2906 pater
226 2843 254 2890 et
268 2838 352 2908 tilius,
368 2840 468 2894 multas
484 2841 662 2912 susceperint
676 2840 788 2894 bellicas
804 2841 996 2911 expeditiones
1011 2839 1166 2908 multasque
1182 2844 1272 2889 terras

133 2923 334 2991 expugnarint,
355 2926 441 2995 patris
457 2945 523 2980 vero
538 2925 665 2980 memoria
681 2944 730 2996 per
747 2925 845 2994 lilium,
870 2925 917 2996 qui
933 2925 1047 2976 tamdiu
1064 2939 1179 2990 regnum
1201 2921 1272 2972 obti-

134 3007 229 3058 nuerit
248 3007 386 3080 multaque
406 3017 580 3064 monumenta
601 3011 708 3081 etipse
728 3011 912 3078 exstruxerit,
937 3007 1071 3061 oblivioni
1092 3007 1155 3058 dats
1176 3005 1271 3058 luerit.

133 3091 196 3144 Nec
210 3109 277 3144 sane
294 3093 395 3147 desunt
412 3095 474 3164 alii,
497 3095 545 3166 qui
561 3097 589 3148 in
608 3113 686 3162 eum,
703 3097 751 3166 qui
766 3095 905 3146 Sesostris
921 3099 1067 3145 vocatura
1083 3091 1200 3143 Graecis
1216 3107 1270 3142 ma-

133 3177 259 3246 ximeque
278 3178 448 3250 celebratur,
465 3181 545 3250 plura
561 3182 669 3234 omnino
685 3181 810 3233 coniecta
826 3197 889 3232 esse
906 3177 1008 3244 velint,
1027 3194 1098 3246 quae
1114 3175 1174 3228 sive
1191 3193 1206 3226 a
1224 3191 1271 3243 pe-

134 3267 177 3313 tre
195 3262 253 3316 sive
269 3263 302 3314 ab
316 3263 376 3317 eliis
398 3266 505 3318 omnino
521 3267 634 3334 regibus
649 3265 753 3318 fuerint
775 3271 855 3332 geste
877 3264 924 3336 (de
943 3279 997 3333 qus
1012 3280 1042 3314 re
1061 3261 1134 3313 conf.
1151 3259 1272 3329 Lepsiua

133 3345 152 3398 l.
168 3345 186 3398 Ι.
211 3367 237 3417 p·
252 3353 295 3406 52.
312 3351 394 3418 279);
418 3369 450 3404 ex
467 3367 522 3421 qna
537 3357 565 3403 et
579 3351 666 3422 petris
683 3354 710 3402 et
728 3349 776 3402 lilii
794 3350 958 3402 contusione
973 3347 1041 3398 adeo
1065 3363 1161 3398 nomen
1183 3346 1273 3414 ipsum

134 3428 315 3505 (Σέσωστρις)
337 3443 425 3488 ortum
449 3435 561 3502 volunt,
590 3436 663 3507 quod
685 3435 719 3486 ud
734 3434 822 3504 patris
837 3451 933 3486 nomen
956 3425 1072 3501 (Σεθώς
1091 3449 1115 3484 s.
1131 3427 1273 3500 Σέθωσις)

133 3517 269 3572 detortum
290 3519 334 3572 vel
357 3521 421 3572 inde
448 3520 630 3591 probabiliter
652 3520 797 3572 deductum
820 3537 836 3570 a
860 3517 977 3570 Graecis
1001 3516 1081 3586 plane
1102 3515 1215 3568 differre
1238 3514 1272 3564 ab

132 3603 271 3672 Aegyptio
295 3605 402 3658 nomine
420 3607 537 3671 Rornsis,
557 3623 612 3676 quo
633 3605 694 3674 ipso
718 3605 791 3656 hunc
813 3622 904 3672 regern
926 3605 959 3656 ab
983 3601 1130 3670 Aegyptiis
1152 3597 1272 3669 appella·

131 3693 188 3739 tum
204 3689 294 3741 fuisse
310 3691 510 3760 Aegyptiorum
527 3695 710 3760 monumenta,
727 3689 762 3740 ad
780 3705 851 3759 quse
866 3689 944 3742 modo
961 3685 1181 3757 provocavimus,
1202 3682 1272 3735 satis

130 3771 247 3826 docent:
271 3775 307 3826 ci.
324 3775 404 3827 etiam
416 3775 455 3828 M.
469 3776 594 3828 Fritsch:
614 3773 777 3828 Uebersicht
792 3774 842 3826 der
855 3773 996 3826 Versnche
1012 3788 1063 3823 zur
1074 3769 1272 3834 Entzili'erung

130 3855 182 3909 der
197 3858 381 3928 Hieroglyph.
399 3879 426 3929 p.
443 3863 486 3927 71,
504 3859 652 3913 Rossellini
667 3859 685 3912 l.
703 3875 788 3928 supra
805 3857 823 3910 l.
854 3859 914 3911 Alia
929 3859 963 3910 de
978 3853 1146 3908 Sesostridis
1164 3851 1272 3904 nomine

130 3941 208 3994 dabit
223 3943 367 3996 iablonski
382 3944 466 3998 Voce.
483 3945 614 4014 Aegyptt.
631 3963 658 4014 p.
675 3949 728 4004 286
748 3943 822 4014 (sire
839 3962 866 4014 p.
887 3941 1023 3996 CCLXXI
1041 3940 1068 3991 in
1082 3939 1119 3992 Η.
1136 3935 1272 4006 Stephani

200 4110 227 4176 ¹⁸)
252 4111 313 4162 Hoc
338 4126 488 4175 cognomen
512 4110 548 4160 ad
571 4124 653 4159 unum
677 4125 691 4160 e
716 4109 866 4159 maioribus
891 4105 1054 4158 Sesostridis
1072 4103 1167 4168 Magni
1189 4099 1272 4152 hnius

128 4181 270 4245 pertinere
288 4195 395 4244 regem,
416 4181 461 4245 qui
481 4183 599 4230 vocntnr
618 4177 723 4230 Rornses
743 4178 884 4240 Meiemun,
903 4177 1023 4226 decimus
1042 4176 1137 4224 sextus
1156 4189 1204 4222 rex
1223 4171 1270 4236 dy·

128 4249 241 4300 nostiae
259 4250 497 4301 duodevicesimus
512 4247 733 4313 Diospolitunee‚
752 4248 894 4298 contendit
908 4243 1100 4309 champollion
1119 4245 1160 4294 ins
1179 4241 1270 4292 Yorke

127 4325 156 4368 et
164 4319 272 4370 Leolse:
287 4321 340 4370 Les
350 4319 515 4384 principuus
526 4319 856 4383 monumentsEgyptiens
868 4313 1007 4368 duMusde
1018 4315 1125 4364 Britan.
1137 4330 1163 4379 p.
1175 4315 1217 4363 21.
1228 4314 1270 4362 22.

125 4391 224 4454 Neque
243 4405 309 4440 vero
328 4387 395 4437 mihi
415 4389 556 4454 persuasit
573 4387 617 4440 uir
636 4388 743 4438 doctus.

181 4494 350 4535 nunooon.
376 4495 399 4534 1.
1045 4471 1084 4531 55
