3096 4930
573 313 698 375 CLIO.
721 315 746 374 I.
769 323 830 376 tot.
853 323 915 377 205.
1254 315 1313 375 tlt

181 485 460 575 στρατεύσασθαι.
497 487 605 558 πολλά
624 516 660 558 τε
678 489 743 580 γάρ
755 519 814 578 μιν
832 493 889 561 καὶ
909 490 1037 580 μεγάλα
1054 487 1095 562 τὰ
1117 488 1316 582 ἐπαείροντα

183 591 238 658 καλ
252 586 478 679 ἐποτρύνοντα
493 581 545 680 ἦν.
583 598 717 680 πρῶτον
735 594 798 682 μὲν
813 592 834 685 ἡ
853 598 998 682 γένεσις,
1013 593 1050 666 τὸ
1065 599 1197 665 δοκέειν
1213 599 1315 666 πλέον

182 721 213 762 τι
235 691 320 762 εἶναι
340 689 543 782 ἆνθροὶττον,
571 696 712 786 δεύτερα
735 698 772 767 δὲ
794 691 966 788 ἡεύτνχίη
984 695 1103 790 rixare}
1122 697 1200 780 τούς
1215 703 1313 771 πολέ-

181 824 265 886 μους
276 799 456 886 γενομένη·
482 793 542 887 ὅιιη
556 796 619 888 γὰρ
633 799 765 870 iocinere
779 802 1020 892 στρατεύεσθαι
1036 809 1165 894 Κῦρος,
1186 801 1312 895 ἀμήχα-

183 927 243 971 νον
257 891 300 988 ἦν
316 897 426 970 ἐκεῖνο
439 898 477 971 τὸ
491 907 591 983 ἔθνος
605 908 814 992 ὃιαφυγέειν.

251 994 314 1074 Ἦν
335 1005 372 1074 δὲ
392 1009 453 1074 τοῦ
475 1002 598 1095 ἀνδρὸς
618 1005 850 1091 ἀποθανόντος
869 1007 956 1098 γυνὴ
975 1013 1043 1078 τῶν
1062 1002 1381 1095 Μασσαγέτέωνῖθὸ

180 1114 355 1198 βασίλεια,
381 1107 525 1199 Τόμυρίς
546 1116 580 1180 ολ
602 1102 646 1200 ἦν
667 1109 804 1202 οὕνομα.
854 1112 980 1203 ταύτην
999 1115 1140 1199 πέμπων
1159 1107 1177 1180 ὁ
1202 1117 1314 1202 Κῦρος

181 1311 337 1375 recipiente.
373 1311 468 1376 Neque
483 1326 550 1362 saue
565 1312 614 1363 tali
633 1329 721 1366 emen·
771 1331 865 1381 φαινε,
892 1306 930 1374 ὡς
951 1305 1039 1373 αὐτὸς
1063 1306 1116 1379 μὲν
1140 1305 1315 1380 τελευτήσειν

181 1381 291 1431 datione
310 1395 377 1462 opus
395 1395 455 1431 esse
472 1381 588 1434 videtur.
770 1379 861 1436 αὐτοῦ
883 1376 971 1453 ταύτῃ
991 1382 1086 1450 μέλλοι
1110 1400 1136 1434 ιι.
1156 1399 1178 1434 τ.
1198 1383 1221 1433 λ.
1249 1385 1313 1435 Vid.

216 1449 418 1514 στρατενεσθαι
437 1448 544 1516 Κῦρος]
558 1445 720 1516 στρατεύειν
771 1457 882 1522 Ditges:
900 1457 942 1506 De
961 1455 1012 1507 feti
1030 1454 1104 1522 apud
1115 1454 1248 1506 Herodot.
1267 1471 1314 1506 no·

180 1521 369 1584 numlibet,
405 1520 477 1585 quod
510 1537 564 1572 non
595 1523 721 1588 displicet
773 1527 847 1577 tione
864 1543 891 1592 p.
909 1525 934 1578 8.
1286 1545 1293 1556 ·

181 1589 445 1656 Schweighaeueem,
462 1594 630 1656 comparanti
643 1595 665 1654 1,
677 1596 719 1644 77.

180 1661 228 1722 VI,
247 1661 272 1711 7.
309 1661 414 1721 Quibus
435 1661 551 1712 Bredov.
576 1679 602 1727 p.
622 1665 656 1716 24
674 1663 722 1714 ed-

181 1730 221 1780 un
238 1729 285 1793 vr,
301 1730 359 1781 ros.
379 1731 428 1792 rx,
444 1728 488 1792 eo,
506 1733 626 1782 acervum
644 1748 720 1797 prae.
959 1698 1025 1808 ⁰⁸2¹·
1045 1697 1122 1811 Οῗν·

180 1799 319 1850 ferendum
336 1799 423 1850 videri
440 1804 532 1864 ratus,
549 1802 603 1852 uici
619 1804 680 1867 quis
692 1803 720 1852 id
807 1795 933 1866 Τόμυρίς
951 1795 981 1851 of
996 1817 1033 1865 ην
1051 1797 1174 1864 ονναμα]
1195 1799 1226 1849 In
1245 1816 1312 1851 voce

179 1873 257 1935 putet
274 1869 541 1934 interpretamentum
560 1887 621 1923 esee
632 1887 665 1922 ex
677 1873 719 1922 his
773 1864 899 1935 Τόμυρις
921 1870 1064 1922 scribenda
1082 1869 1230 1920 Herodotei
1250 1871 1312 1921 libri

179 1939 246 2005 Ipsis
264 1938 332 1990 loeis
349 1939 469 1990 ductum.
505 1939 603 2006 Itaque
622 1943 720 1992 retinui
771 1942 956 2004 consentiunt,
978 1955 1140 2006 quamquem
1158 1938 1223 1988 aiibi
1240 1940 1313 2006 apud

180 2003 391 2072 supersedendae.
439 2010 509 2060 Ante
537 2009 634 2073 Κῦρος
657 2013 721 2062 arti·
771 2011 840 2062 aiios
858 2016 982 2062 auctores
1002 2009 1082 2061 vaide
1103 2009 1222 2060 variant.
1258 2010 1312 2060 Sed

180 2076 269 2130 culum
291 2069 316 2142 ὁ,
342 2078 417 2129 libris
449 2079 542 2131 inritis
566 2081 649 2146 vulgo
675 2082 721 2132 nd·
770 2082 821 2132 hec
840 2080 873 2131 de
890 2098 919 2132 re
937 2081 1046 2132 uberius
1066 2079 1216 2145 disputavit
1232 2081 1312 2130 Hem-

180 2149 288 2210 iectum‚
303 2149 451 2199 emisimus.
478 2149 718 2203 Sicinantecedd.
771 2151 887 2204 stenhue.
911 2151 947 2201 ad
971 2151 1086 2202 Lucien.
1110 2149 1262 2214 Contempi.
1284 2154 1309 2213 ξ.

180 2233 229 2282 pro
253 2210 383 2282 δεύτερα,
412 2218 483 2284 quod
505 2221 600 2283 optimi
627 2225 720 2272 teuent
772 2222 804 2272 13
824 2237 845 2272 s.
866 2237 893 2286 p.
911 2221 962 2272 393
989 2236 1046 2286 seq.
1071 2225 1092 2272 t.
1117 2220 1163 2272 111
1186 2219 1228 2270 ed.
1248 2221 1308 2284 Bip.

179 2288 255 2350 iibri,
278 2287 324 2338 alii
340 2279 488 2351 δεύτερον,
514 2305 575 2340 cnm
592 2296 674 2344 antea
692 2293 719 2342 iu
770 2290 832 2342 coll.
851 2290 1025 2356 Oudendorp.
1038 2290 1073 2341 ad
1090 2289 1213 2341 Frontiu.
1235 2289 1272 2352 ΙΙ,
1286 2292 1311 2352 5,

179 2354 294 2422 πρῶτον
316 2373 409 2408 omnes
428 2361 593 2424 conspirent.
630 2362 720 2427 Atque
770 2359 971 2423 5.-Ctesies,
991 2361 1063 2426 quod
1075 2362 1143 2410 satie
1156 2363 1311 2422 notumest,

179 2427 248 2477 alias
264 2427 337 2492 apud
353 2429 483 2479 Nostrum
502 2428 600 2491 πρῶτα
617 2424 669 2494 μὲν
683 2461 719 2472 -
769 2448 819 2482 uec
836 2431 1053 2497 Massagetarum
1071 2447 1120 2480 uec
1132 2430 1257 2494 Tomyris
1272 2446 1311 2480 re·

179 2489 298 2560 δεύτερα
315 2491 356 2560 di,
374 2501 406 2548 ut
423 2499 477 2559 111,
496 2497 539 2552 80.
557 2501 637 2562 VIII,
659 2501 717 2552 106.
769 2500 942 2566 ginaeuilam
957 2501 1022 2552 fecit
1040 2501 1211 2561 mentionem,
1229 2515 1312 2564 quen-

178 2565 328 2617 Adnotavit
346 2567 414 2618 haec
426 2568 587 2634 Schweigh„
605 2572 664 2634 ipse
679 2577 719 2620 ta·
772 2577 828 2622 turn
841 2571 948 2636 quidem
965 2587 998 2622 ex
1014 2571 1071 2620 eius
1086 2570 1245 2636 fragmentis
1258 2569 1312 2620 col-

180 2652 241 2686 men
258 2636 360 2687 addens
379 2638 547 2689 Herodotum
569 2641 597 2690 iu
615 2640 656 2690 his
675 2657 720 2691 va·
770 2641 855 2706 ligere
872 2641 950 2702 licet,
972 2639 1058 2692 sedin
1073 2655 1235 2705 pugnacem
1246 2640 1312 2689 Der-

179 2707 250 2756 rinre
277 2707 408 2758 orationis
431 2708 541 2759 formas.
588 2710 621 2760 Id
649 2710 720 2775 quod
770 2711 877 2762 bicihue
897 2711 995 2775 Cyrum
1014 2709 1183 2760 vulneratum
1200 2725 1234 2758 ac
1249 2709 1311 2758 dein

180 2777 249 2826 satis
267 2781 419 2826 monstrant
436 2778 551 2842 piurima
568 2781 689 2845 exempla
704 2795 721 2830 a
772 2785 905 2831 mortuum
930 2795 989 2830 esse
1013 2779 1221 2839 referretis
1246 2779 1310 2828 Per-

179 2847 303 2896 Werfero
329 2852 460 2912 congesta
487 2850 515 2898 in
541 2849 615 2900 Actt.
644 2851 719 2915 phili.
772 2851 846 2912 ricc„
865 2851 912 2900 ubi
925 2849 981 2899 vid.
999 2863 1069 2914 quae
1081 2847 1234 2898 notavimus
1247 2863 1310 2910 pag.

179 2917 304 2966 Menace.
322 2916 345 2978 1,
364 2919 390 2968 2.
408 2933 471 2982 pag.
485 2920 545 2970 251.
583 2920 626 2970 Cf.
641 2921 720 2970 medo
774 2921 823 2970 110
841 2935 917 2983 seqq.
950 2921 984 2968 Iu
996 2917 1079 2982 priori
1092 2922 1182 2966 autem
1195 2915 1311 2979 quadam

180 3003 214 3038 ex
239 2985 290 3036 hoc
311 3000 366 3036 uno
389 2987 522 3038 Herodoti
546 2987 615 3040 libro
639 2990 661 3052 Ι,
686 2990 719 3040 511
771 2989 834 3054 Cyri
853 2987 1025 3052 expeditione
1036 2987 1168 3036 adversus
1180 2987 1311 3035 Sacas-

180 3055 283 3121 (ibique
295 3054 388 3120 nott),
399 3055 442 3120 ur,
452 3058 510 3120 112,
523 3057 581 3120 126,
593 3059 651 3120 134,
661 3059 718 3121 138,
770 3073 851 3124 quem
868 3065 975 3121 gentem
988 3055 1134 3121 Scythicae
1151 3055 1243 3119 stirpis
1256 3070 1311 3104 uon

182 3125 240 3188 179,
258 3141 328 3190 quae
340 3125 482 3178 lectionem
494 3132 630 3193 receptam
643 3121 719 3191 (ded-
770 3127 914 3178 admodum
933 3131 1063 3176 remotam
1082 3141 1141 3176 cese
1160 3125 1194 3176 ab
1208 3125 1313 3176 Maeee-

178 3193 256 3259 τερα)
282 3197 350 3246 eatis
373 3198 444 3247 tueri
467 3203 604 3262 poterunt.
641 3199 720 3260 Quod
771 3197 841 3264 getis
870 3195 959 3261 quivis
982 3197 1113 3248 concedet
1136 3227 1171 3236 -
1196 3193 1311 3246 similem

180 3265 215 3316 ad
237 3266 326 3330 ipsum
338 3265 391 3316 loci
415 3272 602 3332 argumentum
621 3269 720 3317 attinet
771 3266 906 3332 quandem
923 3266 1060 3331 reginam,
1084 3271 1166 3330 etque
1183 3265 1312 3317 hocloco

180 3351 330 3400 causasque
351 3335 427 3398 ilias,
452 3337 551 3402 quibus
568 3337 667 3401 Cyrum
684 3337 719 3388 ad
772 3337 915 3401 Tomyrin,
939 3341 1022 3386 vocat
1041 3335 1220 3400 Spareetranr,
1241 3351 1311 3400 quae

178 3405 230 3456 hoc
247 3405 345 3456 bellum
371 3405 517 3456 adductum
540 3421 600 3456 cese
621 3408 720 3457 Noster
771 3406 918 3458 fortissime
952 3421 1013 3456 cum
1043 3405 1113 3471 Cyro
1149 3405 1312 3470 pugnaverit

179 3475 287 3538 scribit,
303 3476 376 3540 quod
393 3475 499 3526 scilicet
516 3475 602 3525 meins
618 3476 720 3542 aliquid
771 3476 939 3540 eundemque
954 3475 1064 3536 vicerit,
1082 3473 1107 3536 5.
1125 3473 1150 3526 3.
1187 3476 1247 3536 Quo
1266 3473 1312 3522 iti-

179 3544 287 3594 homine
309 3561 339 3595 se
368 3561 428 3595 esse
457 3547 612 3611 opinaretur
633 3547 720 3610 Cyrus
771 3549 831 3598 dem
851 3545 969 3608 fuciunt,
988 3561 1057 3610 quae
1077 3544 1110 3594 de
1128 3545 1239 3593 lerina.
1258 3543 1309 3592 for-

181 3619 311 3680 pcrpetua
329 3614 469 3681 hucusque
494 3615 521 3664 in
540 3614 618 3665 bellis
636 3615 720 3665 felici·
770 3617 877 3667 tissima
906 3616 1012 3680 regina,
1042 3613 1137 3664 scrIbit
1165 3611 1311 3673 Diodorus,

181 3687 239 3734 tate
261 3700 339 3746 usus,
363 3684 430 3734 haec
453 3699 560 3750 quoqne
584 3685 618 3736 ad
638 3685 720 3736 Grae·
771 3686 839 3746 alic,
858 3701 928 3748 quae
943 3685 977 3734 ed
991 3682 1097 3734 fabulas
1109 3681 1237 3732 traducta
1252 3697 1312 3730 nar·

181 3769 272 3804 corum
279 3755 412 3805 rationem
425 3755 719 3806 dictaexistimebimus
770 3755 975 3820 rationibusque
985 3755 1149 3804 Amazonum
1163 3751 1312 3801 additaaut

181 3839 213 3873 ex
231 3839 264 3874 ea
282 3824 391 3874 fluxisse
409 3825 559 3886 sententia,
582 3841 662 3891 quarn
686 3825 720 3876 de
771 3841 832 3876 cum
849 3825 883 3874 iis
902 3825 1049 3874 coniuncte
1071 3823 1156 3872 fuisse
1174 3821 1309 3871 videntur.

144 3945 149 3958 ,
181 3892 262 3942 rebus
279 3893 379 3944 divinis
397 3900 480 3959 etque
498 3894 532 3945 de
553 3895 655 3945 invidia
672 3894 721 3944 ilie
771 3895 825 3946 Sed
843 3893 877 3943 de
893 3895 926 3943 iie
944 3909 1027 3958 penes
1040 3907 1256 3956 unumquemque
1273 3891 1313 3941 iu-

181 3961 388 4046 divine'Noste'r
405 3964 515 4026 hahuit,
534 3965 720 4029 quahomiues
771 3965 870 4014 dicium
893 3971 966 4026 esto,
990 3961 1114 4028 equidem
1136 3962 1313 4027 pronuntiare

180 4033 291 4164 :titt
304 4049 453 4154 ..tutu
466 4035 721 4169 tietuini]
771 4033 868 4154 etit*
884 4031 1313 4153 .⁰.¹¹‘et⁵.‘:.⁸.d·ft.¹¹:.i⁰.'¹¹d¹.t

181 4169 260 4220 ediis
278 4171 318 4221 ita
335 4171 503 4236 plectuntur,
524 4179 555 4223 nt
569 4175 597 4223 in
609 4175 721 4224 exitium
773 4171 818 4234 eri,
838 4185 907 4236 quae
925 4171 964 4220 ibi
979 4171 1111 4222 adnotavi
1129 4187 1192 4236 pag.
1206 4170 1240 4222 28
1253 4186 1311 4235 seq.

181 4243 279 4302 sponte
295 4247 393 4302 ruant3
412 4243 447 4293 cf.
460 4247 530 4294 nott.
546 4244 581 4293 ad
595 4243 616 4305 1,
636 4243 677 4302 ³2,
695 4248 722 4292 et
771 4242 823 4291 His
841 4241 925 4300 adde,
950 4255 1020 4305 quae
1043 4241 1076 4290 de
1096 4241 1220 4305 Tomyri,
1247 4241 1313 4304 Scy·

182 4309 270 4359 refero
288 4311 340 4359 huc
361 4327 481 4392 quoqne,
504 4327 573 4375 quae
596 4312 722 4378 teguntur
772 4311 880 4360 tharum
894 4311 997 4374 regine,
1009 4311 1154 4360 traduntur
1166 4311 1238 4372 apud
1249 4311 1312 4358 Vin-

183 4377 255 4432 intre
272 4380 296 4446 1,
315 4380 378 4432 210:
397 4372 723 4450 τφδλὸδαίμωναροέ-
773 4381 891 4437 centium
932 4379 1112 4446 Cadlubouis,
1147 4378 1312 4436 Poleucrutu
