3086 4932
236 255 296 322 178
671 257 937 320 HERODOTI

235 435 385 502 Μαλέων
406 426 427 520 ἡ
448 427 529 519 πρὸς
554 432 698 521 ἑσπέρην
717 428 893 522 Ἀργείων,
917 428 994 520 ἣτε
1017 434 1054 500 ἐν
1074 459 1114 523 τη
1134 428 1262 527 ἠπείρῳ
1281 433 1373 526 γοόρη

235 538 291 606 καὶ
306 532 327 625 ἡ
340 542 500 622 Κυθηρίη
515 540 614 622 νῆσος
628 537 684 604 καλ
704 540 742 604 αί
759 537 871 606 λοιπαὶ
886 540 954 606 τῶν
968 535 1091 626 νήσων.
1125 537 1373 625 βοηθησάντων

236 641 274 708 dl
291 637 451 729 Ἀργείων
477 643 518 727 τῇ
538 643 683 728 σφετέρῃ
707 637 980 729 ἀποταμνομένῃ,
1010 637 1160 709 ἐνθαῦτα
1182 646 1374 730 συνέβησαν

236 740 269 823 ἐς
289 743 409 829 λόγους
428 742 670 829 συνελθόντες,
698 740 783 813 ὥστε
803 751 1014 834 τριηκοσίους
1042 745 1209 832 ἑκατέρων
1229 750 1372 834 μαχέσα-

235 858 332 916 σθαι·
363 842 513 936 ὁκότεροι
536 842 577 914 d''
590 841 632 916 ἂν
647 852 906 938 περιγένωνται,
926 847 1055 916 τούτων
1070 847 1157 918 εἶναι
1172 845 1232 917 τόν
1246 855 1372 940 χῶρον·

234 947 272 1021 τό
294 951 331 1020 δὲ
358 954 488 1038 πλῆθος
513 954 574 1018 τοῦ
595 957 740 1042 στρατοῦ
766 949 1042 1022 ἀπαλλάσσεσθαι
1065 951 1224 1042 ἑκάτερον
1252 949 1286 1033 ἐς
1313 952 1375 1044 τὴν

234 1119 368 1169 montorio
382 1119 429 1181 IV
444 1117 502 1168 173.
518 1120 585 1198 VII,
608 1120 664 1170 168.
685 1149 719 1160 -
736 1119 778 1170 Ad
830 1119 864 1170 ad
883 1119 932 1182 VI,
952 1120 1011 1170 127.
1038 1118 1110 1171 Illud
1134 1120 1222 1171 solnm
1240 1121 1373 1186 addimus,

234 1189 339 1254 reliqua
363 1187 451 1253 suppl.
484 1181 575 1254 χώρη,
601 1195 632 1240 ut
654 1191 721 1240 haec
741 1191 778 1238 sit
829 1157 969 1252 Mausolei,
989 1190 1047 1239 viro
1071 1191 1166 1255 docto,
1190 1192 1242 1241 hoo
1259 1193 1374 1258 Argivo-

234 1259 370 1310 Herodoti
386 1259 535 1310 sententia:
561 1261 722 1325 Argivorum
738 1260 778 1310 iu
829 1275 888 1309 rum
911 1260 1052 1324 imperium
1075 1261 1104 1310 in
1127 1262 1250 1312 Laconia
1273 1279 1287 1312 e
1311 1279 1374 1313 con-

234 1329 289 1378 isse
308 1344 382 1380 oram
398 1329 579 1393 Peloponnesi
599 1330 778 1380 omneminde
829 1330 966 1380 iunctione
976 1332 1109 1396 Argorum
1123 1336 1150 1381 et
1159 1333 1288 1398 Spartae
1308 1333 1374 1382 Ore-

235 1413 251 1448 a
275 1399 384 1463 Thyrea
406 1414 492 1463 usque
519 1399 553 1448 ad
577 1399 694 1450 Maleam
718 1415 778 1481 pro·
829 1403 871 1448 ste
888 1415 965 1464 rege,
983 1401 1159 1465 repetendum
1171 1403 1257 1452 rideri
1270 1401 1372 1470 (Spart

234 1469 397 1518 montorium
417 1467 497 1532 (quae
522 1469 583 1517 Ioni
605 1483 638 1518 ac
659 1468 731 1518 vel
725 1470 778 1534 ipsi
828 1469 850 1519 1.
870 1486 896 1534 p.
918 1472 973 1536 72).

234 1539 337 1602 ArgIvo
355 1538 390 1586 ad
409 1552 535 1588 occasum
554 1538 608 1587 sita
626 1538 714 1588 videri
731 1555 777 1603 po-

235 1613 299 1670 test,
319 1621 378 1656 cum
397 1607 432 1656 ah
446 1607 574 1672 Argolide
592 1607 729 1674 usquead
747 1608 778 1658 il-

234 1677 281 1728 lud
304 1679 518 1742 promontorium
541 1693 654 1729 occasus
681 1694 777 1729 versus

234 1747 299 1797 inde
317 1747 423 1812 tendat)
443 1753 500 1798 tarn
523 1753 621 1798 terram
640 1751 778 1800 continen-

235 1823 289 1867 tern
309 1833 389 1882 quam
408 1817 553 1882 Cytheram
578 1819 695 1870 Insulam
718 1820 779 1870 reli-

235 1903 357 1953 quasque
379 1888 492 1939 insulas.
529 1889 607 1940 Unde
631 1895 706 1955 patet
724 1907 778 1940 ser-

234 1974 339 2008 monem
356 1959 400 2008 hic
418 1974 477 2009 esse
497 1959 530 2009 de
547 1977 579 2010 ea
597 1961 778 2026 Peloponnesi

863 1564 953 1622 aul
939 1589 957 1638 η
970 1571 1118 1654 Κυθηρίη
1151 1571 1240 1654 γῆσος
1271 1571 1317 1624 καλ
1344 1569 1376 1624 αἴ

827 1638 923 1692 λοιπαί
943 1641 1000 1692 τῶν
1020 1635 1157 1710 νησων]
1143 1661 1161 1709 η
1176 1644 1312 1724 Κυθηρίη
1326 1643 1374 1710 νὴ

829 1726 887 1776 σος,
901 1730 961 1764 curn
974 1713 1041 1764 alias
1054 1715 1208 1764 inveniatur
1221 1710 1271 1763 Iiv'
1279 1715 1325 1780 θη
1334 1729 1374 1780 ρα

828 1801 927 1836 nomen
945 1784 1061 1846 Insulae,
1077 1801 1147 1850 quae
1165 1800 1236 1834 nuno
1254 1785 1374 1852 appella-

829 1857 990 1920 tmnrOcripo.
1029 1823 1373 1918 vlo.V11,“3500111,

830 1925 890 1976 105.
921 1926 1036 1992 Reliqua
1048 1926 1204 1975 testimonia
1222 1925 1298 1976 dabit
1310 1927 1375 1976 For-

235 2044 292 2090 ora,
311 2044 390 2093 quam
407 2029 564 2079 orientalem
581 2045 631 2080 nos
649 2046 778 2080 vocamus

235 2113 321 2161 usque
342 2098 377 2147 ad
396 2099 526 2162 Maleam,
552 2101 624 2149 unde
647 2100 682 2149 ad
708 2101 778 2150 oeci-

236 2167 343 2216 dentem
362 2169 450 2232 rergit
468 2184 529 2228 ora;
554 2169 589 2218 ad
609 2175 694 2232 'quam
716 2185 778 2219 ean-

235 2235 295 2284 dem
314 2237 450 2299 pertinent
469 2238 548 2286 nrhes
570 2238 697 2300 Prasino,
728 2240 778 2302 Cy-

235 2304 346 2368 phanta,
369 2307 533 2370 Epidaurus,
551 2307 703 2371 Epidelion.
730 2311 778 2357 At-

235 2389 287 2438 que
306 2375 345 2423 sic
360 2376 443 2424 etiam
459 2382 530 2425 recte
549 2377 656 2440 accepit
668 2377 778 2426 Curtius

235 2444 253 2492 l.
274 2443 291 2494 l.
319 2444 357 2494 11.
376 2461 403 2509 p.
428 2443 488 2494 310.
525 2447 585 2508 Quo
610 2447 668 2495 iure
694 2447 778 2510 igitur

236 2514 268 2562 dc
278 2513 495 2563 oraocoidentali
504 2513 579 2578 (,‚die
589 2531 676 2579 ganne
694 2517 778 2566 Wese-

235 2585 315 2633 hiiste
340 2583 387 2633 dcs
414 2583 584 2648 Peloponnes
610 2585 652 2634 bis
676 2584 776 2649 Malea)

235 2655 265 2703 C.
286 2653 319 2704 0.
340 2653 486 2703 Muellerus
512 2655 588 2716 (Dor.
614 2655 636 2703 Ι.
660 2671 686 2719 p.
715 2652 777 2717 154)

236 2724 366 2788 accipiat,
386 2725 443 2788 ipse
460 2725 562 2774 videat.
597 2723 673 2773 Idem
696 2729 778 2774 antea

236 2793 385 2858 (Aeginett.
402 2809 466 2858 pag.
485 2794 529 2858 54)
549 2795 711 2859 quaesierat,
724 2810 777 2876 quo

234 2870 355 2928 tempore
383 2863 467 2913 hocce
496 2865 634 2914 Laconiae
656 2865 757 2914 litus'
750 2881 779 2913 rn

235 2936 397 2999 Argivorum
416 2935 544 2984 ditionem
560 2936 679 2997 venerit,
697 2934 807 3001 idque

236 3007 306 3053 inter
332 3004 489 3054 Echcstrati
516 3005 587 3068 regis
619 3009 724 3070 ternpus
751 3010 779 3054 et

236 3073 423 3137 Olympiadem
446 3075 713 3138 undesexagosimam
738 3076 777 3124 fa-

236 3149 309 3194 ctum
327 3143 377 3192 sub
395 3159 459 3208 rege
477 3144 637 3209 Argivorum
656 3145 778 3195 Phidone

236 3217 404 3272 asseruerat,
435 3229 497 3262 eum
533 3219 597 3264 ante
627 3214 778 3264 Phidonem

236 3297 340 3333 aramma
357 3281 539 3346 Peloponnesi
561 3299 643 3347 penes
667 3285 778 3349 Sparta·

235 3367 285 3403 uos
304 3353 386 3402 luerit
403 3357 431 3402 et
449 3353 484 3403 ad
503 3354 611 3404 eosdem
634 3361 697 3419 post
714 3355 778 3404 Phi·

236 3424 333 3473 donom
363 3437 486 3474 eversum
518 3439 624 3488 qnoque
656 3425 777 3475 redierit.

237 3496 313 3556 Quae
331 3497 422 3542 tamen
440 3497 502 3558 post
521 3494 572 3558 ipsi
582 3495 659 3556 (Dor.
674 3495 698 3546 1.
713 3510 776 3559 pag.

238 3563 298 3628 154)
328 3564 415 3627 magis
439 3563 521 3612 dubia
548 3565 724 3626 videbantur,
746 3569 778 3614 nt

236 3633 397 3695 Argivorum
417 3633 557 3697 imperium
582 3633 670 3683 litoris
694 3635 780 3683 Laco-

236 3703 292 3752 nici
309 3708 374 3752 ante
391 3701 498 3767 Olyrnp.
517 3704 564 3754 IV.
584 3705 640 3752 fere
657 3709 778 3768 poneret.

236 3771 304 3820 Mihi
323 3771 430 3836 quIdern
449 3774 495 3821 vix
518 3772 573 3822 alio
594 3773 661 3824 haec
683 3774 780 3823 referri

237 3855 318 3903 posse
334 3841 472 3901 videntur,
497 3847 578 3906 atque
600 3843 635 3894 ad
658 3849 781 3908 tempora

237 3909 377 3970 Phidonis,
390 3911 437 3973 qui
452 3911 608 3973 ambiguum
620 3913 714 3962 harum
727 3919 780 3963 ter-

237 3993 326 4027 rarum
345 3980 485 4042 imperium
503 3980 591 4031 denuo
610 3983 645 4032 ad
664 3983 780 4048 Argivos

238 4063 367 4096 revocare
385 4053 467 4112 atque
485 4051 608 4101 omnibus
623 4053 727 4102 viribus
740 4069 780 4102 re·

238 4117 324 4166 tinere
338 4117 453 4168 studuit.
472 4119 533 4168 Vid.
546 4121 660 4170 Kortiim
670 4123 778 4173 Griech.

238 4187 336 4235 (lesoh.
354 4187 375 4235 Ι.
387 4202 412 4250 p.
430 4188 479 4236 124
503 4193 529 4236 et
548 4191 583 4239 cf.
599 4192 633 4240 H.
650 4191 777 4242 Fischer:

237 4255 310 4306 IIist.
338 4257 430 4320 Argis.
455 4258 591 4322 Fragmm.
617 4261 777 4320 (Vratlslav.

239 4323 329 4390 1851.)
345 4341 371 4390 p.
395 4326 433 4377 12.
454 4325 496 4376 De
512 4326 635 4380 Phidone
654 4331 690 4381 cl.
703 4337 775 4381 nott.

830 1995 943 2060 bigoth
962 1996 981 2047 l.
1000 1995 1055 2048 Ill.
1074 2011 1101 2060 p.
1122 1996 1251 2048 101o.-
1267 1990 1299 2046 ui
1315 1996 1372 2044 λοι-

830 2013 881 2113 nugi
900 2063 957 2113 τῶν
982 2059 1078 2128 νήσων
1096 2069 1174 2114 erunt
1193 2067 1313 2129 proxime
1339 2066 1373 2114 si-

830 2139 875 2183 tae
893 2132 975 2184 maris
994 2135 1096 2199 Aegaei
1116 2133 1234 2195 insulae3
1254 2137 1373 2201 adquae

830 2204 911 2252 etiem
935 2203 1067 2267 Aeginam
1095 2205 1230 2267 pertInere
1264 2221 1281 2254 a
1311 2206 1374 2255 Phi-

822 2272 899 2322 'done
917 2273 1079 2337 Argivorum
1098 2271 1195 2321 ditioni
1218 2273 1281 2322 olim
1299 2275 1374 2323 adie-

830 2347 915 2402 ctam,
940 2347 967 2390 et
991 2341 1099 2390 omnino
1118 2345 1192 2389 arcte
1217 2358 1278 2391 cum
1295 2345 1373 2406 Argi-

829 2412 871 2460 vis
896 2411 1070 2460 coniunctam
1098 2410 1253 2474 suspicatur
1281 2410 1311 2460 C.
1338 2411 1371 2460 Ο.

829 2479 976 2530 Muellerus
995 2479 1110 2544 Aegina.
1128 2495 1192 2544 pag.
1212 2481 1255 2531 53.
1295 2480 1372 2541 Quae

830 2565 889 2600 cum
912 2551 953 2599 ita
975 2550 1043 2612 sInt,
1068 2548 1141 2598 haud
1159 2548 1297 2615 intelligo,
1324 2565 1372 2598 cur

829 2620 913 2672 Grote
926 2619 1042 2684 (history
1054 2619 1084 2668 ot'
1094 2619 1195 2670 Graece
1206 2619 1243 2670 11.
1256 2635 1282 2684 p.
1298 2619 1371 2684 410),

829 2705 900 2772 quas
915 2689 1019 2739 insulas
1033 2689 1132 2740 Noster
1144 2689 1324 2754 intellexerit,
1342 2707 1372 2740 se

828 2761 932 2810 nescire
949 2759 1032 2811 dicat.

865 2854 993 2913 ἐνθαῦτα
1023 2859 1182 2932 συνέβησαν
1214 2854 1242 2922 lg
1270 2853 1373 2927 λόγους

829 2926 1054 2992 σννελθόντεςκ.
1069 2951 1092 2984 τ.
1108 2933 1144 3002 λ.)
1163 2933 1372 2986 Herodotumin

828 3004 879 3055 hac
898 3020 990 3070 pugna
1004 3005 1157 3056 enarranda
1171 3005 1374 3070 seqniturl’an·

830 3075 921 3125 sanias
947 3076 990 3136 II,
1010 3075 1057 3138 38,
1077 3077 1108 3138 5,
1137 3077 1256 3125 breviter
1279 3073 1373 3138 attigit

828 3145 927 3197 Strabo
945 3145 1025 3196 VIII.
1043 3161 1069 3210 p.
1091 3145 1142 3196 316
1159 3145 1209 3195 has
1228 3160 1283 3208 res,
1303 3159 1373 3208 qnae

827 3215 909 3279 paulo
930 3214 1009 3264 aliter
1028 3215 1145 3265 traditae
1165 3219 1275 3266 exstant
1301 3212 1373 3277 apud

827 3285 1109 3336 PlutarchumParall.
1117 3286 1228 3336 Graeco.
1236 3286 1371 3334 etRomm.

828 3371 855 3420 p.
872 3355 959 3406 306A
975 3371 1042 3422 seq.,
1061 3371 1106 3421 qm
1099 3355 1308 3420 Chrysermum
1326 3367 1374 3401 aa·

828 3430 932 3476 ctorem
948 3426 1036 3477 affert.
1071 3426 1137 3490 lpsa
1158 3439 1263 3490 pugna,
1282 3421 1371 3486 qualis

828 3495 863 3544 ab
882 3495 1022 3546 Herodoto
1045 3499 1185 3555 narratur,
1209 3493 1245 3541 ad
1269 3491 1297 3539 id
1316 3504 1372 3539 cer-

829 3566 961 3614 taminum
979 3579 1064 3630 genus
1082 3564 1213 3629 pertinet,
1233 3559 1312 3626 quale
1325 3572 1372 3622 per

829 3635 945 3685 medium
966 3649 1073 3699 qnoque
1100 3647 1195 3682 aevum
1222 3629 1372 3680 obtinuisse

829 3705 968 3766 novimus,
992 3705 1113 3753 ordalium
1139 3717 1162 3751 s.
1182 3699 1225 3749 dei
1242 3698 1372 3748 iudicium

830 3773 912 3838 vulgo
931 3741 1045 3834 vdcant,
1070 3773 1147 3821 ouius
1169 3785 1219 3819 nee
1237 3768 1310 3834 apud
1328 3784 1372 3817 ve-

830 3847 902 3892 teres
921 3841 1044 3906 exempla
1056 3841 1163 3890 desunt.
1200 3839 1272 3889 Hine
1288 3839 1372 3888 etiam

830 3919 972 3977 poetarum
989 3911 1155 3961 carminibus
1167 3909 1235 3959 haee
1251 3911 1310 3974 ipsa
1325 3924 1373 3974 pu-

829 3997 884 4046 gna
895 3981 976 4032 raldo
988 3981 1134 4042 celebrata,
1145 3979 1292 4030 Simonidis
1305 3979 1372 4041 (An-

828 4052 894 4101 thol.
915 4053 961 4102 Gr.
982 4051 1015 4101 T.
1034 4051 1056 4101 1.
1077 4051 1139 4114 VII,
1159 4050 1236 4115 431),
1256 4049 1372 4100 Chaere-

828 4121 915 4170 monis
928 4119 1019 4188 (720),
1032 4120 1202 4170 Dioscoridis
1215 4119 1298 4185 (430),
1318 4121 1372 4169 Da-

828 4191 929 4256 mngeti
951 4189 1038 4256 (432),
1059 4189 1194 4242 Gaetulici
1212 4192 1301 4256 (244),
1325 4190 1371 4240 Ni-

829 4261 922 4310 eandri
945 4259 1105 4325 Colophonii
1128 4261 1215 4324 (oum
1241 4275 1308 4325 qnos
1332 4261 1371 4309 in·

828 4329 932 4382 dloavit
947 4329 984 4382 Η.
1004 4329 1126 4382 Fischer.
1147 4329 1164 4382 l.
1185 4330 1204 4382 l.
1223 4343 1286 4396 pag.
1304 4333 1347 4381 22.
