3032 4916
520 287 769 349 EUTERPE.
790 287 832 348 11.
852 295 896 352 99.
1212 295 1270 358 641

143 462 289 554 λέγουσιὶ
307 464 392 532 ἐστι·
438 459 477 530 τὸ
498 457 741 530 etinimicis
762 465 971 547 Αἰγυπτίους
995 469 1131 555 ἔρχομαι
1153 468 1274 555 λόγους

143 572 267 660 ἐρέων,
294 563 378 636 κατὰ
399 562 545 653 ἤκουον,
573 567 753 654 προσέσται
775 563 812 634 δὲ
838 561 973 636 αὐτοῖσί
990 595 1021 636 τι
1042 572 1099 638 καὶ
1118 577 1177 660 τῆς
1195 575 1275 662 ἐμῆς

143 671 248 756 ὄφιος.
298 667 364 740 Τὸν
386 674 508 758 Μήνα,
528 665 588 737 τὸν
601 673 736 756 πρῶτον
755 667 1002 756 βασιλεύσαντα
1021 673 1214 761 Αἰγύπτου,
1242 681 1276 745 ol

144 779 230 866 ἱρέες
245 781 363 860 ἔλεγον
378 777 478 840 τοῦτο
494 771 556 861 μὲν
570 768 833 862 ἀπογεφυρῶσαι
849 770 911 861 τὴν
925 776 1085 862 Μέμφιν·
1130 776 1190 848 τὸν
1210 777 1274 867 γὰρ

144 875 292 968 ποταμὸν
314 875 423 946 πάντα
451 878 543 964 ῥέειν
568 873 657 964 παρὰ
682 875 719 944 τὸ
742 865 842 964 οὖρος
862 873 900 944 τὸ
919 876 1092 966 ψάμμινον
1113 879 1197 970 πρὸς
1211 891 1272 952 Λι-

143 1078 342 1132 Dahlmanuns:
362 1075 502 1126 Herodoto
526 1075 554 1126 in
572 1073 686 1126 historia
736 1076 867 1140 repetitur
894 1077 922 1128 in
944 1078 1035 1128 verbis
1059 1077 1145 1130 τοῦτο
1169 1075 1221 1145 μὲν
1245 1073 1276 1132 ἐν

145 1148 342 1202 conscribenda
358 1147 412 1196 ianr
429 1150 538 1210 praesto
557 1144 642 1196 inisse
656 1144 686 1194 li·
735 1141 813 1212 αὐτῷ
828 1137 913 1196 πόλιν
925 1142 1141 1214 κτίσαιταύτην,
1159 1153 1277 1216 pertinet

145 1220 253 1270 brorum
270 1216 394 1268 historici
412 1221 439 1265 et
455 1213 629 1281 geographici
644 1229 686 1264 ar·
736 1215 771 1265 ad
789 1214 916 1267 alterum:
937 1213 1023 1270 τοῦτο
1042 1211 1087 1280 dh,
1110 1217 1162 1269 τοῦ
1174 1212 1276 1286 Ἡφαί-

145 1289 266 1356 gnrnenti
277 1288 383 1353 copiam
396 1285 546 1350 quandam,
562 1284 686 1336 eundem·
737 1299 804 1335 orco
822 1276 854 1334 τὸ
871 1277 937 1350 ἱρὸν
953 1301 979 1336 ιι.
998 1303 1022 1336 τ.
1043 1287 1077 1352 i„
1102 1294 1133 1338 nt
1154 1290 1218 1340 hina
1236 1307 1277 1341 re-

146 1375 197 1424 que
224 1356 408 1423 composuisse
432 1369 500 1420 ορεε
531 1369 609 1404 εεεει
631 1369 686 1404 non
736 1355 779 1421 gis
802 1369 886 1419 opera
909 1355 1065 1408 sacerdotes
1088 1357 1172 1423 digna
1192 1360 1277 1410 habn-

146 1428 333 1490 andientibns,
357 1439 450 1476 verum
468 1424 635 1489 legentibus,
658 1423 686 1474 id
737 1424 822 1486 erint,
846 1439 916 1490 qnae
936 1426 1076 1478 Herodoto
1106 1437 1275 1482 enarrarent:

146 1500 217 1550 unde
235 1497 328 1563 colligi
350 1495 451 1561 possit,
473 1493 596 1562 equidem
614 1493 686 1544 hand
737 1493 851 1544 alteram
870 1509 937 1560 opus
948 1495 1024 1546 fluvii
1041 1496 1096 1548 alio
1110 1499 1220 1550 deducti
1234 1515 1277 1550 nr·

145 1569 288 1634 perspicio.
330 1565 409 1616 Cont.
432 1563 546 1615 eundern
573 1580 599 1629 p.
627 1563 685 1616 140.
736 1565 833 1628 bisque
850 1564 878 1614 in
895 1565 956 1615 loco
978 1566 1051 1617 sicco
1068 1568 1122 1618 iam
1140 1570 1277 1632 conditae,

147 1639 288 1690 Caeterum
297 1637 344 1687 vix
357 1649 466 1686 monere
478 1634 586 1696 attinet,
603 1649 687 1699 quan·
737 1633 852 1684 alterum
876 1633 970 1699 templi
1000 1635 1134 1701 splendidi
1155 1639 1277 1691 Vulcano

146 1713 203 1758 tum
223 1708 267 1760 hic
283 1705 360 1757 loona
377 1703 469 1756 valeat
483 1703 520 1754 ad
536 1705 622 1768 ipsam
633 1704 686 1754 He·
738 1703 865 1754 dedicati.
907 1705 995 1766 Quam
1023 1713 1086 1760 ante
1112 1709 1196 1759 rerba
1224 1701 1278 1773 τὴν

147 1777 236 1828 rodcti
258 1774 441 1826 narrationem
468 1774 580 1838 eiusque
607 1771 687 1822 fldem
737 1765 859 1836 Μέμφιν
881 1773 987 1840 aliquot
1009 1774 1085 1838 libri,
1109 1793 1176 1842 qnos
1200 1779 1278 1830 (lais-

147 1851 221 1898 recte
255 1843 470 1896 diiudicandum:
505 1844 605 1908 qnippe
640 1841 686 1907 qui
737 1842 840 1893 tordius
862 1849 972 1894 secntns
994 1853 1049 1909 est,
1073 1847 1176 1898 addunt
1196 1863 1278 1899 vocn-

147 1931 228 1982 qnam
246 1919 373 1966 accurate
388 1913 526 1964 discernat
544 1914 615 1962 inter
631 1912 688 1962 lon·
736 1911 791 1963 lam
815 1908 886 1975 acl,
918 1915 1042 1980 equidem
1077 1933 1137 1967 cnm
1163 1923 1277 1969 recentt.

147 1992 202 2050 tes,
227 1985 299 2036 unde
325 1982 447 2048 singula,
475 1995 545 2048 qnae
566 1979 687 2044 tradidit,
738 1981 800 2033 edd.
813 1982 889 2046 eieci,
909 1985 1007 2049 qnippe
1024 1989 1279 2053 ortamexpraece·

148 2057 288 2118 tinxerint,
313 2054 447 2105 neminem
471 2053 566 2118 ingere
587 2056 687 2117 potest,
738 2052 828 2103 dentis
845 2054 921 2104 vocis
939 2054 1045 2119 syllaba
1058 2061 1178 2110 extrema
1190 2073 1279 2124 neque

147 2127 195 2192 qni
206 2127 266 2191 ipae
276 2125 367 2176 omnia
377 2127 451 2174 recte
463 2122 616 2172 discernere
625 2136 688 2172 ean·
740 2127 833 2187 aptam
860 2123 895 2174 ad
918 2123 1005 2188 ipsam
1028 2124 1082 2175 loci
1104 2127 1278 2179 sententiam.

148 2197 262 2262 demque
276 2195 358 2246 crisin
369 2193 497 2244 adhibere
513 2192 589 2254 velit,
608 2205 688 2257 quam
738 2219 774 2230 -
792 2182 1011 2256 ἀπογεφυρῶσαι
1027 2186 1081 2260 τὴν
1093 2191 1215 2260 Μέμφιν
1232 2213 1280 2248 va-

147 2266 229 2332 longe
254 2269 318 2316 ante
340 2263 410 2314 hanc
430 2263 517 2327 ipsam
541 2268 626 2312 artem
650 2261 689 2310 in·
739 2263 788 2312 let:
817 2265 895 2312 locum
918 2261 957 2326 (in
984 2279 1037 2329 qno
1061 2265 1194 2331 Memphis
1217 2271 1280 2332 post

148 2341 256 2388 ventam
268 2332 457 2398 excultamque
469 2331 599 2382 historiae
610 2336 689 2396 pater
739 2335 878 2382 exstructa
896 2337 949 2394 est)
967 2349 1062 2399 capere
1078 2335 1172 2387 obiecto
1192 2354 1209 2386 ο
1222 2337 1281 2388 Nilo

148 2421 252 2458 summa
272 2404 414 2470 diligentia
432 2401 557 2456 adhibuit
569 2400 687 2454 luculen-
738 2403 1279 2472 eiusqneinundatiouitestutroapraeatare.

147 2482 242 2543 terque
265 2475 317 2526 hoc
340 2473 412 2536 loco,
440 2473 486 2524 ubi
511 2473 546 2523 ad
567 2471 689 2537 singulas
739 2464 962 2538 Νειεγεφύραν,
980 2465 1279 2542 εεὰεάιιογεφυροῦν,

147 2545 343 2612 Aegyptiorum
354 2559 396 2595 res
414 2548 506 2608 gestas
525 2543 631 2594 accedit
645 2541 690 2592 de·
740 2557 795 2592 non
812 2541 899 2592 solum
913 2551 1019 2608 pontes,
1038 2545 1185 2596 sedetiam
1204 2562 1280 2614 αγρε-

148 2615 306 2677 clarandaa,
331 2614 470 2680 protessus
488 2619 540 2664 est.
577 2613 638 2676 Qua
657 2611 690 2662 de
740 2627 793 2663 rem
804 2610 972 2676 significare,
991 2614 1060 2667 satis
1071 2616 1221 2680 probarunt
1229 2615 1281 2666 viri

148 2702 178 2738 re
194 2686 250 2737 vid.
267 2685 448 2736 commentat.
464 2683 565 2735 Herod.
583 2686 609 2746 ξ.
627 2681 654 2734 9.
741 2681 828 2740 docti,
847 2685 878 2730 nt
894 2681 1003 2733 minime
1020 2683 1047 2734 h.
1070 2683 1089 2733 l.
1107 2701 1175 2750 opns
1195 2687 1231 2736 sit
1245 2685 1282 2735 le-

741 2765 805 2818 gere
821 2742 1219 2817 inconsummationem
1228 2757 1283 2805 eins

740 2820 873 2871 occludere
890 2827 915 2870 et
932 2819 1091 2884 arefacere),
1111 2823 1282 2888 quemadmo-

149 2857 240 2976 {2¹1¹}
248 2856 372 2975 ”wlff
373 2855 600 2989 bggegzt’film}
622 2855 691 2904 ΗΜ
742 2889 806 2940 dum
824 2888 887 2939 olim
906 2891 1059 2941 coniecerat
1074 2892 1281 2957 Weaaelingins.

231 2962 236 2969 “
542 2962 548 2987 ’
597 2939 690 2988 'pag'
743 2960 827 3008 —De
846 2957 996 3011 Menevid.
1015 2961 1193 3022 ad11,4fin.
1212 2951 1306 3010 nott.'

150 2995 202 3046 ²⁰⁸
221 3010 279 3060 Μ’
299 2993 360 3044 ⁰⁰H’
380 3010 406 3059 Ρ·
420 2993 469 3046 421
489 2989 590 3060 ⁸⁰qq')'
610 3007 691 3057 qm
742 3029 832 3078 Unum
859 3027 930 3078 addo
957 3029 1070 3081 Diodor.
1098 3029 1121 3091 1,
1154 3030 1197 3092 50,
1226 3029 1283 3092 ubi,

151 3079 256 3129 cnnqne
281 3063 333 3112 iarn
363 3078 395 3113 ex
418 3063 553 3128 Aegyptia
576 3062 692 3112 historia
1182 3099 1188 3112 ,

151 3134 336 3200 proferantur,
351 3149 385 3182 ea
400 3132 634 3198 Memplriticornm
649 3145 691 3180 sa-
725 3095 1219 3232 ,ἓζῗῗιὲθρξζὲῗὲἥῗθὲἓάῗῖἰῶ
1230 3113 1285 3219 ¹1:2-

152 3203 291 3286 cerdotum
316 3199 394 3284 (qnos
425 3203 569 3267 praecipue
593 3201 692 3251 Noster
743 3252 804 3302 gem
822 3236 976 3287 referuntur
1012 3238 1045 3290 de
1088 3253 1122 3290 uo
1145 3238 1181 3290 of·
1206 3239 1283 3290 wes-

152 3272 302 3333 consnlurt3
329 3271 384 3322 vrd.
410 3271 446 3336 11,
466 3271 493 3338 3)
517 3287 550 3321 ex
573 3285 620 3320 ore
645 3270 692 3320 flu.
743 3305 914 3385 solipg'npt.
982 3275 988 3301 ι
1069 3255 1086 3304 q

152 3346 238 3406 risse,
256 3341 406 3393 Diodorum
418 3357 482 3392 vero
495 3339 640 3390 Thebanos
651 3355 693 3390 sa·
1030 3367 1036 3385 ι
1121 3368 1127 3384 ι
1232 3369 1239 3386 ,

153 3413 276 3464 cerdotes
300 3421 422 3461 secutum
446 3425 519 3472 esse,
550 3409 693 3460 Manetbo-
777 3391 829 3425 τον
854 3391 906 3440 m
929 3390 1060 3441 ”mim
1087 3391 1181 3426 ’ΝΜ
1207 3369 1284 3442 &m

154 3499 215 3534 nem
232 3479 424 3548 Heliopolites.
460 3479 540 3532 Unde
562 3483 635 3530 certe
653 3480 693 3528 in-

155 3551 297 3618 telligitur,
315 3551 361 3615 qni
374 3551 477 3601 lactum
489 3551 539 3613 sit,
554 3549 626 3599 utin
641 3550 694 3598 sin-

155 3621 226 3688 golis
243 3621 360 3686 Aegypti
377 3619 486 3686 regibus
506 3617 694 3670 enumerandis

154 3691 195 3743 illi
210 3692 356 3756 scriptores
369 3695 511 3756 tantopere
522 3689 694 3740 dissentiant.

155 3764 197 3812 De
214 3761 359 3826 participio
378 3749 487 3824 ἐρέων
503 3758 579 3810 coni.¹
597 3757 620 3820 1,
635 3757 693 3810 194.

156 3863 192 3872 -
206 3823 294 3880 κατὰ
315 3829 441 3895 rescripsi
458 3829 567 3880 iubente
584 3827 695 3878 Struvio

157 3906 185 3950 et
202 3900 326 3964 Bredov„
344 3915 412 3965 qnos
431 3899 515 3950 citavi
537 3897 572 3950 ad
591 3897 614 3960 1,
634 3897 695 3960 208,

183 2775 690 2853 Αἰγυπτιόυςέρχομαιλόγουςἐρέων]

744 3460 771 3498 ιι.
788 3461 812 3495 ε.
830 3444 866 3512 L]
890 3446 1030 3497 Pertinent
1056 3445 1108 3496 hnc
1139 3461 1184 3508 ea,
1214 3461 1284 3512 qnae

745 3514 779 3565 ad
800 3515 839 3577 11,
864 3516 897 3567 10
925 3515 1116 3567 adnotavimus
1144 3515 1177 3566 de
1201 3515 1284 3580 priori

745 3585 800 3636 Nili
817 3599 899 3636 cursu
915 3601 962 3651 per
980 3587 1085 3651 Libyae
1103 3586 1219 3636 deserta.
1245 3584 1285 3634 Ac

744 3653 834 3706 Nilum
854 3654 942 3720 ipsum
961 3655 984 3704 ei
1002 3671 1033 3706 eo
1047 3655 1144 3706 itinere
1161 3653 1196 3704 ad
1211 3667 1285 3704 mare

744 3723 864 3774 volvisse
891 3740 976 3791 aquas
999 3739 1095 3791 neges,
1126 3723 1184 3774 eins
1213 3727 1285 3773 certe

745 3794 855 3844 fluvium
868 3795 926 3845 siue
940 3801 1042 3859 partem
1055 3794 1094 3844 sic
1108 3793 1218 3844 tinxisse
1232 3791 1286 3842 exi·

745 3862 908 3914 stimandum
925 3865 986 3916 erit.
1020 3862 1232 3925 QuaeHeerenii
1244 3865 1286 3911 est

155 3966 695 4104 ξξζζξςγγγῗῆγγξςφγζγξρ
745 3937 881 4066 :titii
894 3931 1286 4065 litisliihisttgi

155 4107 203 4170 1v,
221 4107 264 4159 ιι.
284 4107 333 4172 vr,
353 4107 395 4159 ss.
430 4109 482 4160 nu
498 4123 563 4160 varo
579 4097 651 4157 κατὰ
668 4105 696 4156 n
745 4071 853 4136 idisti·
871 4076 923 4122 020·
943 4087 1005 4137 ονε·
1024 4071 1057 4123 ³⁷
1078 4085 1134 4136 νε·
1169 4070 1212 4120 Tu
1230 4067 1287 4120 vid·

155 4177 198 4226 his
216 4177 335 4244 positum
350 4193 399 4242 pro
417 4167 490 4226 κατ’
508 4167 606 4244 (καθ’)
622 4165 649 4227 ἅ.
746 4139 1005 4276 ἓῗὲωῶὓξὲξωᾶ
1015 4137 1286 4274 ggayegtpsgffiffln

189 4275 276 4329 rodco
308 4273 360 4344 pic
388 4269 614 4345 ἀπογεφυρῶσαι
644 4273 697 4342 τὴν
746 4277 766 4330 l.
783 4277 803 4328 l.
821 4293 848 4343 p.
867 4279 902 4330 40
919 4293 976 4344 seq.
995 4277 1126 4343 Parthey:
1149 4279 1207 4328 Das
1231 4276 1287 4326 Nil-

157 4343 286 4414 Μέμφιν]
305 4341 471 4413 roriconis,
495 4347 567 4414 qnod
585 4347 697 4398 interius
747 4346 806 4398 thal
823 4361 849 4412 p.
866 4347 926 4400 128.
946 4373 979 4384 -
996 4347 1060 4400 Mox
1080 4347 1177 4412 scripsi
1200 4335 1288 4410 οὖρος

197 4449 363 4494 nsnonor.
387 4451 410 4491 ι.
745 4493 749 4502 ,
935 4449 939 4456 ’
1066 4429 1103 4490 41
