3064 4940
624 253 751 316 CLIO.
774 255 800 316 Ι.
823 261 867 318 ll.
1274 259 1315 320 95

174 425 346 520 τεύεσθαι.
380 424 627 517 Ἐντειλάμενος
647 427 686 498 δὲ
706 443 792 498 τοῖσι
813 432 956 498 Λυδοῖσι
982 428 1063 500 τάδε
1085 426 1258 520 ἀπέπεμπε
1278 429 1360 514 ε’ς47

175 530 239 621 τὴν
252 527 430 622 διάπειραν
449 537 518 602 τῶν
531 538 755 622 χρηστηρίων·
785 527 845 601 ἀπ’
862 521 901 621 ἧς
919 527 962 602 δν
975 529 1098 623 ἡμέρης
1118 529 1310 626 ὁρμηθέωσι

130 632 214 706 ssiu
231 640 408 728 Σαρδίων,
430 632 496 706 ἀπὸ
516 635 637 725 ταύτης
658 629 938 726 ἡμερολογέοντας
957 635 1017 708 τὸν
1038 635 1158 707 λοιπὸν
1176 639 1310 730 χρόνον,

175 743 334 830 ἑκατοστῇ
363 735 469 830 ἡμέρη
490 746 635 830 χρᾶσθαι
657 754 741 810 τοῖσι
766 748 1010 830 χρηστηρίοισι,
1041 737 1310 830 έπειρωτέοντας,

175 841 194 912 ὅ
209 871 241 915 τι
256 848 379 914 ποιέων
392 844 551 931 τυγχάνοι
565 837 583 914 ὁ
597 848 721 912 Λυδῶν
741 842 898 930 βασιλεὺς
910 853 1054 937 Κροῖσος
1076 841 1094 915 ὁ
1113 843 1309 918 Ἀλυάττεα.

175 945 261 1018 ἅσσα
277 944 309 1016 δ’
328 943 370 1018 ἂν
384 951 507 1018 ἕκαστα
520 953 590 1016 τῶν
602 953 811 1036 χρηστηρίαν
823 956 987 1038 θεσπίσῃ,
1009 954 1311 1039 συγγραψαμένους

175 1049 360 1142 ἀναφέρειν
374 1047 453 1141 παρ’
471 1050 608 1122 ἑαυτόν.
643 1047 683 1120 Ὅ
704 1078 735 1120 τι
750 1054 812 1139 μέν
825 1079 891 1120 νυν
909 1050 950 1122 τὰ
970 1051 1070 1124 λοιπὰ
1083 1059 1151 1122 τῶν
1168 1075 1309 1144 χρηστη-

176 1163 262 1246 ρίων
283 1151 459 1241 ἐθέσπισε,
485 1152 526 1225 οὐ
551 1159 681 1243 λέγεται
706 1152 788 1242 πρὸς
814 1151 989 1244 οὐδαμῶν·
1024 1153 1061 1226 έν
1089 1157 1125 1225 δέ
1146 1167 1311 1246 Δελφοῖσι

176 1255 223 1340 ιδς
249 1256 395 1350 ἐσῆλθον
416 1258 551 1348 τάχιστα
578 1256 611 1340 ές
631 1256 668 1328 τὸ
687 1261 836 1350 μέγαρον
853 1263 889 1329 οί
906 1261 1014 1330 Λυδοί
1040 1259 1239 1351 χρησόμενοι
1265 1269 1312 1356 τῷ

173 1461 224 1511 tit:
239 1477 271 1510 ιιπ
289 1460 471 1524 expeditionem
484 1464 612 1526 τιατίμεντ
630 1461 685 1512 deb
694 1477 719 1512 e·
770 1460 844 1512 ribus
855 1463 942 1513 secuti
954 1477 1046 1514 sumus
1057 1463 1217 1530 palmariam
1230 1463 1313 1529 Berg-

174 1531 240 1597 rei)
260 1529 372 1580 offendit
384 1532 479 1582 modus
488 1537 544 1597 opt.
558 1523 718 1596 ἐπιχειρέοι,
769 1531 818 1582 leri
834 1533 1049 1585 emendationem
1069 1533 1107 1600 (in
1130 1537 1204 1585 nott.
1221 1534 1311 1614 LipsS.

175 1603 206 1650 in
230 1601 431 1652 coniunctlmm
453 1592 601 1667 έττιχειρέη,
624 1605 720 1666 utpote
772 1603 848 1653 luto.
869 1619 931 1669 pag.
955 1603 1033 1668 ian:
1056 1597 1193 1671 ἑκατοστῇ
1212 1594 1312 1669 ἡμερη,

173 1670 721 1734 modumdeliberativum,mutandusDe
771 1673 790 1722 i.
816 1687 839 1722 e.
865 1676 997 1724 centesimo
1020 1676 1061 1726 die
1089 1673 1151 1726 illos
1175 1671 1313 1724 oraculum

175 1755 231 1808 quo
255 1741 428 1792 coniunctivo
449 1743 504 1792 vid.
530 1741 564 1791 ad
589 1742 612 1804 1,
632 1739 673 1792 53.
694 1745 721 1790 et
772 1741 913 1792 consulere
941 1744 1036 1804 iussit,
1064 1748 1095 1792 ut
1127 1743 1233 1793 scilicet
1259 1757 1315 1792 uua

175 1811 252 1862 coni.
263 1811 297 1876 V,
312 1812 356 1864 67.
374 1813 418 1863 82.
437 1811 575 1873 vl11‚or‚
594 1811 641 1860 ubi
660 1825 723 1860 con·
773 1811 921 1878 eademque
932 1813 1056 1862 omnibus
1070 1818 1143 1864 esset
1155 1811 1315 1862 sciscitandi

174 1882 327 1932 iunctivnm
339 1883 478 1932 Werierue
492 1881 641 1946 repositum
654 1879 722 1943 vult,
772 1881 844 1944 dics,
867 1871 910 1932 vd
933 1882 981 1944 iis,
1005 1883 1103 1948 quibus
1130 1881 1239 1946 longius
1264 1881 1316 1930 iter

175 1952 270 2018 pronti
297 1953 379 2002 etiam
406 1951 547 2017 placuerat
576 1950 722 2001 Scheeiero
773 1955 846 2001 esset
867 1951 1035 2003 faciundum.
1065 1981 1101 1992 -
1130 1952 1195 2001 Mox
1219 1950 1316 2014 scripsi

175 2021 214 2073 ed
231 2023 370 2082 Lambert.
391 2023 456 2073 Bos.
476 2021 510 2071 de
527 2019 639 2086 Ellipss.
658 2035 721 2086 pag.
772 2019 899 2086 χρᾶσθαι
920 2037 969 2088 pro
988 2019 1128 2088 χρῆσθαι,
1153 2021 1231 2072 cuius
1253 2019 1314 2070 loco

176 2095 240 2144 754.
261 2093 362 2143 Nostro
384 2091 445 2142 loco
468 2107 521 2156 quo
547 2091 634 2141 miuus
656 2090 723 2141 reoi-
772 2090 817 2140 vel
843 2089 970 2156 χρᾶσθαι
991 2091 1035 2143 vel
1064 2089 1198 2158 χρέεσθαι
1221 2090 1314 2156 reponi

175 2163 285 2229 piamus
298 2153 567 2228 iotzeroiqpobstsnt
581 2160 644 2210 libri
657 2161 722 2211 scri-
771 2161 827 2211 iam
856 2162 979 2212 voluerat
1004 2162 1147 2214 Matthiae.
1185 2161 1229 2212 Tu
1257 2157 1324 2210 vid?

175 2229 723 2354 iliutffintfiiizlilbisti!
772 2232 979 2353 tillidi
997 2233 1315 2354 Prlllnililtll

176 2388 282 2434 semus;
298 2374 392 2423 obstat
407 2373 467 2438 ipse
484 2371 538 2422 loci
550 2372 630 2436 ratio,
642 2386 721 2437 quem
772 2371 842 2422 dixit
858 2371 1000 2437 χρᾶσθαις
1018 2374 1073 2425 vid.
1091 2372 1204 2424 Siebelis
1222 2372 1257 2421 sd
1276 2371 1314 2434 ΙΙ,

175 2446 200 2494 si
222 2444 374 2509 acceperis:
394 2459 428 2492 απ
445 2443 627 2506 expeditionem
643 2443 722 2493 πιττί-
772 2441 816 2494 28.
840 2446 864 2506 fi.
894 2443 920 2494 3.
945 2443 1064 2494 Dindorf
1083 2449 1111 2492 et
1133 2442 1246 2493 Dietscb
1271 2442 1315 2490 de-

173 2529 242 2578 pere
261 2521 350 2577 posset
373 2511 414 2578 (nt
434 2511 468 2564 G.
490 2513 639 2562 Hermann.
663 2510 722 2561 red·
773 2513 872 2563 derunt
888 2509 1037 2578 χρίεσθαι,
1056 2519 1087 2564 ut
1101 2513 1124 2575 Ι,
1144 2514 1187 2564 21.

176 2585 222 2635 dit
239 2584 275 2634 sd
293 2583 386 2648 Viger.
409 2599 437 2648 p.
459 2581 532 2647 oin),
554 2582 597 2632 vel
614 2583 720 2647 potius:
808 2573 1038 2651 herennianus]
1061 2583 1149 2635 Valde
1173 2583 1217 2632 hic
1242 2564 1316 2631 codi-

176 2671 233 2718 „on
250 2655 314 2704 dero
329 2660 452 2710 cerneret,
467 2655 517 2716 ipei
533 2650 656 2719 (Croeso)
674 2667 721 2702 ex·
774 2667 818 2704 ces
842 2653 965 2717 variant,
994 2669 1108 2720 quorum
1132 2652 1180 2702 alii
1201 2643 1316 2714 ἔπειρα-

175 2725 328 2789 pediiionem
350 2739 406 2774 erre
430 2723 626 2786 sardonicum,
655 2720 723 2772 nihil
773 2721 881 2780 τῶντας
906 2725 978 2788 (sive
1008 2715 1240 2789 έπειρωτιδνχες),
1266 2718 1316 2769 alii

176 2795 303 2860 proiecto
324 2794 375 2844 erit
393 2791 561 2843 mutandum.
592 2793 632 2842 Ac
654 2791 723 2842 setis
773 2784 994 2857 ίπηρτστέοντας.
1021 2795 1063 2843 De
1086 2794 1128 2842 hie
1153 2792 1248 2842 formis
1271 2791 1314 2840 Gr.

177 2865 278 2930 opinor
300 2864 419 2930 patebit,
447 2877 517 2928 quae
544 2863 579 2912 sit
604 2861 723 2928 optativi
773 2861 879 2913 consuli
902 2861 961 2914 vult
988 2863 1101 2928 Gregor.
1132 2859 1253 2913 Corinth.
1283 2858 1317 2908 de

176 2937 222 2985 vis
242 2949 303 2984 cum
322 2933 496 2986 coniunctivo
507 2947 593 2998 neque
605 2947 723 2984 commu·
773 2932 883 2984 dialect.
902 2933 962 2984 Ion.
981 2935 1007 2997 5.
1028 2933 1070 2984 73.
1089 2947 1153 2997 pag.
1177 2931 1228 2982 482
1248 2928 1314 2993 ibiq.

176 3005 260 3055 tandi
275 3019 363 3070 neque
383 3003 535 3069 explicandi
552 3002 588 3052 ad
603 3018 663 3054 eam
680 3017 723 3054 ra-
772 3003 912 3055 Scboeicr.
949 3003 1032 3054 Plura
1056 3002 1134 3053 dabit
1154 2999 1269 3052 Bredov.
1289 3013 1315 3062 p.

177 3078 299 3139 tionem,
324 3089 405 3140 quum
422 3073 588 3139 propositam
611 3073 689 3124 video
705 3089 722 3122 a
774 3072 835 3125 383.
858 3103 894 3114 -
916 3072 1003 3124 Paulo
1026 3078 1089 3140 post
1113 3089 1161 3138 pro
1181 3062 1317 3136 τυγχάνοι

178 3143 723 3210 Μιιδτὶχῄο(ίτι8οΙιιιείδενιίιιίΡΙιὶΙοΙος.
770 3144 844 3194 mele
862 3143 925 3193 libri
948 3143 1058 3209 quidem
1081 3135 1234 3208 τυγχάνει,
1255 3153 1316 3190 cum

180 3217 222 3267 11.
255 3214 350 3280 snppl.
379 3230 406 3279 p.
430 3211 478 3278 25)
502 3214 655 3279 optativum
678 3213 724 3263 bic
774 3215 927 3279 optativum
950 3215 1011 3278 ipsa
1039 3215 1175 3264 sententia
1199 3211 1316 3276 flagitet.

179 3286 247 3352 poni
259 3287 389 3352 opinante
398 3299 458 3335 eam
472 3284 506 3334 ob
519 3297 638 3344 causam,
652 3282 724 3347 quod
774 3285 826 3334 Est
844 3284 915 3332 cuim
931 3282 985 3333 lori
1005 3299 1115 3334 seusus:
1141 3282 1224 3348 „quid
1246 3281 1316 3343 forie

180 3355 347 3406 antecedens
373 3345 518 3418 ἐπείρηται
545 3351 669 3416 quamvis
697 3351 725 3400 in
775 3359 865 3418 oper-et
882 3353 1000 3402 Croesus
1018 3353 1155 3417 Lydorum
1173 3351 1249 3400 rex.“

181 3427 358 3477 coniunctivo
376 3426 495 3490 positum
518 3421 669 3486 praesentis
686 3419 726 3468 hi·
811 3411 849 3476 ὡς
868 3410 992 3484 ἐσῆλθον
1008 3415 1124 3484 τάχιστοι
1141 3411 1169 3476 ές
1187 3411 1218 3466 τὸ
1236 3410 1318 3481 μέγα·

182 3496 279 3547 storici
309 3496 408 3546 habent
437 3494 576 3545 notionem
610 3489 726 3556 indeque
778 3487 840 3555 ρον]
860 3485 983 3553 μέγαρον
1005 3489 1088 3554 vulgo
1111 3487 1227 3553 quodvis
1249 3485 1318 3534 iudi·

182 3567 336 3634 optativum
353 3567 382 3616 iu
399 3581 475 3631 seqq.
494 3563 625 3628 requirat.
777 3564 824 3609 cst
854 3558 1020 3609 domicilium
1046 3563 1093 3608 aut
1120 3555 1263 3614 conclav03
1290 3555 1318 3602 in

772 3629 858 3680 rebus
874 3629 960 3678 sacris
971 3629 1135 3680 Graecorum
1147 3624 1319 3691 mysteriisva

775 3697 1236 3835 {simmitrii
1249 3694 1319 3816 ul

219 3833 462 3909 ἡμερολογέοντας
479 3834 531 3891 τὸν
543 3831 728 3906 λοιπόνχρό-
778 3841 926 3906 pertinens.
958 3839 1028 3890 Vide
1052 3839 1131 3891 modo
1150 3839 1226 3891 auio.
1247 3854 1269 3888 s.
1289 3853 1316 3888 v.

187 3927 249 3978 νον,
280 3907 450 3980 ἑκατοστῇ
474 3902 563 3978 ἡμέρη
591 3909 727 3976 χρῆσθαι]
777 3911 857 3962 Unde
870 3911 996 3980 frequens
1012 3910 1041 3961 in
1058 3911 1169 3962 heroum
1186 3908 1262 3960 cultu
1275 3923 1319 3960 οο-

185 3983 263 4034 Libri
274 3983 370 4048 scripti
384 3997 491 4033 omnes:
508 3976 625 4038 ἕκαστος
639 3979 674 4048 τῇ
685 3979 728 4031 vel
778 3985 892 4032 currunt
908 3979 1022 4046 μέγαρα,
1042 3987 1073 4032 ut
1095 3982 1190 4033 Oreus.
1214 3979 1319 4030 monuit

185 4049 307 4102 ἕκαστον
332 4050 382 4119 τῇς
406 4053 478 4118 quod
502 4067 562 4102 cum
586 4051 652 4102 ferri
673 4066 728 4101 nou
778 4053 806 4101 iu
819 4051 939 4116 Symbol.
958 4052 1010 4102 111.
1030 4067 1094 4118 pag·
1114 4051 1165 4105 noo
1183 4049 1225 4102 cd.
1243 4053 1318 4110 tert.⁹

185 4124 330 4186 potuisset,
342 4123 419 4172 vurio
433 4121 512 4173 modo
525 4123 614 4174 locum
630 4135 728 4171 souare
778 4121 825 4171 ubi
846 4121 902 4173 rid.
928 4121 1059 4173 Volckcn.
1087 4121 1122 4172 ad
1145 4119 1247 4173 Herod.
1270 4120 1318 4180 vl,

185 4193 349 4243 studuerunt
365 4192 418 4242 riri
436 4193 519 4254 docti,
538 4207 650 4257 quorum
666 4205 729 4240 con·
781 4191 839 4244 134.
858 4193 898 4242 Δο
917 4193 1092 4244 sanctissimo
1113 4191 1208 4257 templi
1229 4189 1319 4238 cuius-

186 4261 579 4327 iecturesretuiitwesseling.
597 4261 728 4311 Noscmu
778 4277 830 4328 que
852 4277 916 4328 para
939 4263 967 4312 in
988 4261 1085 4312 intimo
1111 4261 1186 4310 illius
1209 4269 1319 4307 recessu

186 4331 281 4383 eodem
303 4329 484 4398 wesseliuglc
508 4329 623 4396 sliiaqne
645 4325 729 4380 edito·
777 4327 901 4397 μέγαρον
919 4327 1115 4398 appellabatur,
1133 4333 1164 4378 ut
1179 4322 1320 4380 Eleusinia
