3088 4944
216 274 278 336 370
572 309 576 316 ·
649 275 917 338 HERODOTI

215 448 276 521 τὸν
288 447 475 538 Εὐφρήτην
489 446 657 538 ποταμὸν,
682 458 753 538 τρίς
772 475 808 518 τε
829 446 864 530 ἐς
881 445 944 537 τὴν
965 444 1072 537 αὐτὴν
1088 445 1216 534 ταύτην
1236 447 1353 536 κύμην

216 561 458 644 παραγίνονται
487 555 543 622 καὶ
570 551 608 623 ἐν
633 556 722 642 τρισί
749 549 901 644 ἡμέρῃσι.
938 557 1038 620 τοῦτο
1062 549 1125 640 μὲν
1151 548 1193 639 δὴ
1218 557 1352 621 τοιοῦτο

217 655 363 746 ἐποίησε.
416 661 511 746 χεῦμα
531 656 569 726 δὲ
593 657 766 747 παρέχωσε
788 653 861 745 παρ’
885 653 1042 744 ἑκάτερον
1062 659 1124 724 τοῦ
1144 661 1294 744 ποταμοῦ
1314 653 1352 724 τῦ

216 771 340 850 χεῖλος,
360 757 455 841 ἄξιον
468 760 663 849 revectos,
683 759 832 848 μέγαθος
845 761 901 828 καὶ
915 755 1000 840 deos
1023 754 1103 828 ὅσον
1120 765 1156 826 τί
1176 754 1257 827 ἔστι.
1291 787 1350 828 κα-

215 863 366 954 τύπερθε
387 863 424 932 dl
444 869 556 958 πολλῷ
574 870 777 953 Βαβυλῶνος
796 860 927 953 ῦρυσσε
942 869 1082 952 ἔλυτρον
1097 869 1215 952 λίμνῃ,
1237 859 1352 950 ὀλίγον

215 996 247 1038 τι
269 973 516 1056 παρατείνουσα
536 965 602 1038 ἀπὸ
619 975 680 1038 τοῦ
702 974 870 1056 ποταμοῦ,
889 965 996 1055 βάθος
1010 965 1072 1054 μὲν
1087 963 1122 1046 ἐς
1136 963 1174 1034 τὸ
1186 962 1282 1056 ὕδωρ
1299 962 1352 1034 ἀεὶ

216 1068 426 1158 ὀρύσσουσα,
450 1062 548 1160 εὖρος
566 1071 603 1141 δὲ
628 1070 665 1141 τὸ
686 1079 887 1160 περίμετρον
909 1065 1015 1139 αὐτοῦ
1035 1075 1177 1140 ποιεῦσα
1192 1076 1302 1140 εἴκοσί
1315 1097 1351 1138 τε

217 1177 272 1244 καὶ
286 1183 512 1262 τετρακοσίων
530 1181 693 1245 σταδίων·
721 1173 781 1244 τὸν
801 1175 838 1244 δὲ
857 1171 1086 1262 ὀρυσσόμενον
1105 1178 1190 1262 χοῦν
1212 1176 1249 1243 ἐκ
1271 1172 1349 1243 τοῦ·

216 1305 277 1349 του
297 1283 358 1348 τοῦ
379 1275 566 1368 ὀρύγματος
589 1276 786 1367 ἀναισίμου,
814 1275 904 1368 παρὰ
924 1274 964 1346 τὰ
984 1284 1095 1366 χείλεα
1116 1281 1177 1346 τοῦ
1200 1282 1350 1366 ποταμοῦ

217 1383 440 1472 παραχέουσα.
471 1385 547 1452 ἐπεί
564 1410 600 1451 τε
623 1387 712 1453 etot
729 1378 876 1471 ὄρυκτο,
899 1389 1018 1461 λίθους
1037 1378 1244 1470 ἀγαγομένη,
1266 1408 1348 1469 κρη-

217 1491 300 1555 πῖδα
319 1484 433 1578 κύκλῳ
455 1487 530 1574 περὶ
555 1483 661 1575 αὐτὴν
682 1483 794 1574 ἤλασε.
828 1482 955 1555 Ἐποίεε
977 1486 1013 1554 dl
1034 1481 1207 1574 ἀμφότερα
1232 1489 1348 1570 ταῦτα,

216 1684 282 1734 terri
299 1698 354 1732 uon
377 1696 458 1747 posse
473 1682 702 1747 praepositionem
720 1671 757 1745 ἐς,
809 1671 875 1730 ἐστι.
893 1711 924 1720 -
945 1680 988 1731 De
1005 1681 1065 1745 ipso
1087 1693 1168 1744 opere
1191 1679 1262 1730 conl,
1281 1679 1351 1729 Hee-

215 1752 286 1803 male
312 1753 442 1803 insertam
471 1757 519 1802 aut
544 1767 623 1816 essu,
647 1752 689 1801 nti
717 1749 757 1814 tit,
809 1767 866 1802 ren.
886 1751 970 1800 ldeen
980 1751 1003 1814 1,
1022 1753 1048 1800 2.
1067 1765 1131 1816 pag.
1149 1748 1198 1799 140
1207 1763 1266 1814 seq.
1277 1749 1352 1800 Brei-

216 1829 264 1874 aut
287 1821 457 1874 librariorum
477 1823 598 1872 inscitia.
635 1821 689 1872 Sed
712 1837 759 1885 po·
809 1835 865 1886 ger.
897 1820 930 1870 de
960 1819 1075 1871 dillieill.
1106 1819 1233 1884 quibusd.
1269 1820 1352 1870 Asiae

216 1894 280 1944 terit
295 1889 497 1950 καταπλέοντες
515 1892 559 1942 hic
573 1893 661 1956 accipi
677 1906 758 1941 sensu
808 1891 942 1941 Herodot.
961 1890 1014 1940 lec.
1032 1905 1096 1956 pag.
1115 1890 1149 1940 43
1165 1905 1241 1954 seqq.

215 1963 392 2029 praegnanti:
422 1963 522 2028 quenda
544 1963 581 2011 ad
603 1961 758 2025 Enplrraterrs
843 1951 953 2024 ὤρυσσε
965 1954 1083 2024 ἔλυτρον
1095 1957 1191 2025 λίμνη]
1202 1957 1288 2024 λίμνη
1297 1959 1351 2024 ple·

216 2035 360 2084 devenerint
386 2033 422 2099 (s.
448 2033 624 2082 descenderint
648 2048 663 2081 e
689 2031 757 2081 locis
809 2029 885 2095 rique
903 2029 964 2079 libri
974 2030 1115 2091 exhibent,
1135 2043 1298 2094 quamquam
1307 2043 1351 2094 ge·

215 2102 373 2164 altioribus,
401 2102 552 2163 montibus,
577 2117 645 2167 qnos
669 2107 757 2151 trans·
807 2099 1043 2166 nitirumlinguae
1057 2099 1131 2164 leges
1143 2105 1349 2164 nourespuuut.

216 2171 344 2222 seendere
364 2171 506 2235 oportebat
531 2171 757 2236 Mesopotamiam
807 2169 886 2220 Ceut.
902 2169 1024 2232 1v‚173.
1045 2171 1164 2220 Pausan.
1175 2169 1214 2232 11,
1228 2171 1272 2219 at.
1286 2169 1350 2230 Vll,

216 2257 322 2292 emere
340 2239 536 2290 mediterraneo
550 2241 696 2306 petentes),
714 2255 756 2291 εο-
807 2241 851 2289 27.
870 2234 1001 2304 ἔλυτρον,
1027 2239 1102 2305 qnod
1121 2238 1190 2290 elias
1208 2238 1291 2303 vulgo
1309 2243 1352 2287 est

146 2313 151 2323 '
215 2327 263 2377 que
277 2311 432 2375 Babylonem
444 2311 570 2361 οελαπιιιν.
601 2311 681 2362 Conl.
697 2316 754 2360 not.
806 2317 979 2374 tepescentem,
997 2311 1162 2372 ἰονοίιιοτιακ,
1188 2309 1351 2359 Grammati-

215 2380 431 2446 praecedentem.
474 2381 645 2446 Quapropter
673 2381 756 2430 miror
806 2379 900 2444 cisque
918 2380 1062 2443 exponitur
1078 2375 1181 2442 σκέπη,
1207 2377 1278 2442 apud
1297 2378 1351 2426 He-

157 2501 160 2508 ,
215 2449 392 2500 Letronninm
405 2448 664 2514 (conmeantes
677 2451 754 2502 1807.
805 2449 931 2499 rodotum
947 2449 1060 2515 eiusque
1074 2449 1236 2498 imitatorem
1248 2447 1349 2496 Pausa·

215 2537 243 2584 p.
263 2519 309 2583 48)
328 2519 417 2570 locum
440 2521 479 2570 sie
502 2520 702 2583 emendantem,
726 2525 757 2569 ut
807 2519 880 2568 niam
898 2535 947 2584 pro
964 2521 1036 2570 aleco
1053 2534 1075 2572 s.
1093 2521 1251 2580 receptando
1269 2531 1348 2581 σηκα-

215 2595 278 2655 post
292 2581 437 2652 θαλάττης
456 2591 659 2642 distinctionem
673 2595 758 2656 ponat
807 2605 860 2638 rura
877 2589 942 2654 poni
957 2589 1073 2639 videtur.
1090 2631 1094 2640 .
1109 2587 1188 2637 Corsi.
1207 2585 1281 2637 locos
1291 2586 1349 2635 lan-

215 2675 329 2725 eumque
345 2663 452 2724 repetat
462 2665 524 2725 post
538 2657 755 2721 καταπλέοντεςς
808 2658 899 2710 daton.
926 2657 1113 2725 Reginaenim
1128 2656 1206 2719 (haee
1220 2657 1349 2706 estBrei-

215 2743 269 2794 quo
294 2729 440 2794 iungentur
463 2728 632 2795 κομιζωνται
654 2721 682 2788 ἐς
705 2723 757 2779 τὸν
808 2729 865 2794 geri
889 2728 906 2780 1.
936 2728 954 2778 l.
984 2721 1133 2791 sententis)
1156 2726 1245 2778 lacum
1268 2726 1351 2777 effodi

216 2789 374 2862 Εὐφρήτην
392 2803 419 2848 et
436 2799 640 2856 καταπλέοντες
656 2791 684 2857 ἐς
702 2801 756 2850 Βα-
807 2799 903 2861 iussit,
921 2799 949 2848 in
969 2815 1022 2864 quo
1036 2805 1169 2864 sugnens
1180 2813 1261 2862 aqua,
1280 2811 1350 2862 quae

215 2863 335 2934 βυλιόνα,
355 2867 406 2919 hoc
424 2883 520 2920 seusu:
544 2877 569 2920 et
585 2883 649 2918 nanc
665 2873 709 2934 qur·
724 2869 756 2918 ab
807 2883 888 2934 egros
903 2873 1099 2933 corrumperet,
1117 2867 1250 2934 paulatim
1267 2883 1297 2918 ee
1310 2883 1350 2917 rs-

213 2938 259 2988 λοο
282 2946 368 2988 nostra
393 2943 459 2990 πιανέ
475 2939 629 3003 Euphratem
648 2939 759 3003 prefecti
807 2939 898 3003 cipere
916 2944 944 2987 et
966 2939 995 2987 in
1018 2953 1097 3004 quem
1122 2939 1202 2988 sirnul
1219 2937 1281 3005 (sed
1299 2937 1350 2987 hoo

213 3007 322 3058 secanda
336 3009 435 3073 flamine
446 3009 599 3076 Babylonem
616 3023 704 3060 aereae
714 3010 758 3059 de·
807 3023 856 3072 pro
887 3008 1044 3058 coniectura
1069 3008 1192 3058 habitum
1220 3007 1291 3073 vult)
1322 3007 1350 3056 iu

213 3075 335 3128 sehunna
352 3086 393 3128 ter·
408 3079 563 3130 adeundam
581 3081 665 3130 οιόιιιιι.
696 3079 755 3142 Quo
807 3081 959 3142 posterum,
983 3077 1008 3127 si
1028 3076 1117 3128 denuo
1142 3078 1241 3128 fluvius
1263 3079 1293 3127 in
1311 3079 1350 3126 ni·

215 3146 281 3212 qnid
298 3145 441 3210 lucremur,
461 3148 584 3214 equidem
601 3147 675 3199 haud
690 3163 757 3198 sane
807 3148 888 3198 mium
900 3152 1034 3198 cresceret
1046 3147 1231 3210 altitudinem,
1250 3161 1350 3212 magns

214 3213 347 3278 intelligo.
399 3216 489 3266 Unum
520 3218 572 3268 lroe
601 3219 755 3282 probemus,
807 3231 869 3282 pars
888 3231 975 3282 aquae
1000 3217 1119 3268 derivari
1141 3223 1243 3283 posset.
1281 3217 1350 3268 Con-

214 3283 287 3350 quod
304 3285 332 3332 in
349 3283 473 3335 clausule
491 3287 567 3338 addit
579 3289 690 3338 verbum
708 3302 756 3337 κο-
807 3287 897 3338 silium
907 3301 972 3338 vero
986 3288 1141 3352 primarium
1154 3288 1226 3353 quod
1239 3288 1349 3352 reginae

214 3351 345 3419 μίξεσθαι
363 3369 417 3404 non
439 3354 473 3405 de
491 3358 624 3407 maritimo
648 3363 756 3408 tantum
807 3357 835 3406 in
852 3357 1004 3407 effodienda
1026 3357 1125 3408 lacuna
1141 3358 1241 3409 Noster
1264 3357 1350 3406 fuisse
1421 3377 1427 3389 ·

215 3424 312 3474 itinere
327 3425 452 3489 usurpari
469 3423 512 3489 (ut
528 3427 566 3488 11,
585 3426 640 3490 60),
659 3428 707 3478 sed
723 3427 756 3476 de
807 3427 915 3490 redirit,
941 3443 993 3493 quo
1011 3427 1103 3478 hostes
1120 3427 1287 3492 prohiberet,
1306 3427 1349 3474 lir-

215 3493 339 3544 terrestri
362 3509 481 3560 quoque,
508 3499 538 3545 ut
560 3496 593 3558 V,
619 3497 664 3547 98.
691 3497 755 3560 VII,
806 3497 964 3548 matildem
985 3498 1025 3548 ait
1035 3497 1149 3548 Diodori
1159 3495 1249 3546 verbis
1268 3495 1305 3555 Π,
1320 3497 1345 3543 t.

217 3564 275 3614 tea.
292 3563 363 3614 add.
375 3563 423 3626 VI,
437 3565 478 3626 lo,
494 3565 540 3614 ubi
555 3563 664 3614 additur
677 3563 744 3630 πεζή
806 3567 846 3616 Ao
869 3567 951 3617 laoile
977 3566 1085 3628 eredas,
1112 3566 1140 3614 id
1169 3577 1275 3629 quoque
1296 3562 1347 3612 hoo

215 3637 243 3682 et
263 3633 342 3692 V111,
368 3632 417 3685 107
440 3634 532 3699 ibique
555 3639 624 3684 nott.
644 3664 679 3674 -
701 3637 755 3685 Pro
807 3649 889 3701 opere
914 3641 1066 3702 spectatum
1087 3635 1186 3695 luisse,
1211 3639 1243 3682 ut
1265 3647 1347 3697 aque·

214 3699 419 3760 ιιαταπλίοντες
449 3709 564 3754 recentt.
587 3703 649 3754 edd.
672 3717 755 3752 κοιτα-
807 3719 865 3754 rum
889 3707 970 3771 copia
996 3707 1152 3768 suppeteret
1178 3701 1213 3751 ad
1235 3715 1346 3766 campos

214 3763 368 3834 κλύοντες,
392 3771 470 3822 libris
492 3773 602 3836 invitis,
627 3787 695 3838 quos
713 3773 757 3824 de·
807 3773 960 3840 irrigandos
972 3774 1129 3837 fertilesque
1141 3771 1348 3822 reddendos.-

215 3855 305 3890 serere
322 3840 405 3890 nolui.
807 3843 840 3893 ln
858 3845 978 3908 proxime
996 3858 1072 3908 seqq.
1097 3834 1125 3900 ἐς
1141 3833 1173 3891 τὸ
1188 3831 1270 3902 ῦιλιυρ
1290 3847 1347 3891 est:

248 3907 374 3974 μέγαθος
392 3901 441 3958 καί
458 3897 535 3974 llaec
552 3897 622 3960 ὅσον
640 3911 671 3961 τί
686 3901 755 3978 ἔστι]
807 3913 885 3962 σοντι
899 3929 967 3978 aprra
983 3914 1134 3976 scaturiret,
1154 3915 1185 3961 ut
1209 3917 1346 3964 nostrates

215 3975 382 4028 λατομίαι
404 3986 443 4029 ett
465 3981 529 4030 illud
549 3995 613 4043 ορατ
635 3984 755 4046 παρελα-
805 3995 925 4048 quoquer
943 3983 982 4032 tir
998 3997 1016 4031 a
1067 3983 1178 4033 Wasrcr
1193 3983 1300 4047 μιαίνει.

214 4046 280 4096 dr'nr'r
298 4054 323 4096 et
339 4047 485 4111 altitudinis,
503 4057 614 4114 quantae
630 4053 675 4101 αλκ
684 4052 755 4116 prn'd-
840 4041 903 4101 ίπεί
917 4064 945 4100 τε
961 4048 992 4101 δέ
1010 4065 1025 4100 ο
1056 4042 1180 4118 ῦρυκτο]
1197 4051 1296 4102 Omnes
1316 4051 1346 4100 li·

214 4129 288 4180 quam
312 4116 384 4166 aliud
411 4117 543 4168 inuenitur.
585 4119 647 4170 Ηοο
674 4119 754 4170 modo
804 4119 846 4170 bri
857 4112 977 4184 ὤρνυτο,
993 4122 1042 4172 aed
1053 4137 1112 4187 cap.
1129 4122 1178 4172 leo
1190 4113 1344 4186 ὀρώρυκτο,

213 4183 302 4233 locum
320 4185 427 4236 lucillus
446 4185 575 4251 explicari
593 4203 674 4252 posse
692 4183 756 4240 cen·
805 4203 886 4254 qaam
905 4191 1019 4242 formem
1034 4189 1081 4256 (el.
1099 4192 1210 4254 Gregor.
1230 4189 1292 4239 Cor.
1312 4187 1346 4237 de

214 4265 274 4314 seo,
295 4256 413 4318 quamsi
430 4269 490 4304 eum
510 4255 661 4334 Sehwneiph.
682 4246 754 4307 ὅσον
803 4257 867 4310 dial.
895 4259 954 4310 lon.
980 4263 1005 4322 ξ.
1033 4259 1077 4325 23)
1101 4259 1183 4308 etiarn
1208 4259 1259 4308 hoe
1285 4257 1346 4306 loco

214 4326 321 4372 statum
332 4321 433 4373 dictum
447 4337 507 4374 esse
519 4339 568 4388 pro
579 4337 622 4374 οτι
634 4317 755 4376 τοσοῦτό
802 4330 944 4379 revocerit
967 4327 1089 4389 Belrlrer,
1118 4339 1198 4392 quem
1228 4323 1347 4376 Dindort'
