<?xml version="1.0" encoding="UTF-8"?>
<!DOCTYPE html PUBLIC "-//W3C//DTD XHTML 1.0 Transitional//EN"
    "http://www.w3.org/TR/xhtml1/DTD/xhtml1-transitional.dtd">
<html xmlns="http://www.w3.org/1999/xhtml" xml:lang="en" lang="en">
 <head>
  <title>
</title>
<meta http-equiv="Content-Type" content="text/html;charset=utf-8" />
  <meta name='ocr-system' content='tesseract 3.04.00' />
  <meta name='ocr-capabilities' content='ocr_page ocr_carea ocr_par ocr_line ocrx_word'/>
</head>
<body>
  <div class='ocr_page' id='page_1' title='image "./herodotihalicar00bhgoog_0117.png"; bbox 0 0 3064 4940; ppageno 0'>
   <div class='ocr_carea' id='block_1_1' title="bbox 236 297 937 363">
    <p class='ocr_par' dir='ltr' id='par_1_1' title="bbox 236 297 937 363">
     <span class='ocr_line' id='line_1_1' title="bbox 236 297 937 363; baseline -0.004 0"><span class='ocrx_word' id='word_1_1' title='bbox 236 303 276 363; x_wconf 87' lang='grc'><strong>94</strong></span> <span class='ocrx_word' id='word_1_2' title='bbox 668 297 937 362; x_wconf 82' lang='lat' dir='ltr'>HERODOTI</span> 
     </span>
    </p>
   </div>
   <div class='ocr_carea' id='block_1_2' title="bbox 232 467 1372 1084">
    <p class='ocr_par' dir='ltr' id='par_1_2' title="bbox 232 467 1372 1084">
     <span class='ocr_line' id='line_1_2' title="bbox 235 467 1370 561; baseline 0 -19"><span class='ocrx_word' id='word_1_3' title='bbox 235 499 323 560; x_wconf 84' lang='grc' dir='ltr'><strong>ρεων</strong></span> <span class='ocrx_word' id='word_1_4' title='bbox 337 472 393 540; x_wconf 81' lang='grc' dir='ltr'><strong>καὶ</strong></span> <span class='ocrx_word' id='word_1_5' title='bbox 406 467 497 561; x_wconf 73' lang='grc' dir='ltr'><em>παρὰ</em></span> <span class='ocrx_word' id='word_1_6' title='bbox 516 472 729 558; x_wconf 75' lang='grc' dir='ltr'><em>Τροφώνιον·</em></span> <span class='ocrx_word' id='word_1_7' title='bbox 757 477 792 542; x_wconf 84' lang='lat' dir='ltr'><strong>ol</strong></span> <span class='ocrx_word' id='word_1_8' title='bbox 803 472 841 542; x_wconf 75' lang='lat' dir='ltr'><strong>dl</strong></span> <span class='ocrx_word' id='word_1_9' title='bbox 860 477 918 560; x_wconf 84' lang='grc' dir='ltr'><strong>τῆς</strong></span> <span class='ocrx_word' id='word_1_10' title='bbox 930 479 1101 560; x_wconf 79' lang='grc' dir='ltr'><strong><em>Μιλησίης</em></strong></span> <span class='ocrx_word' id='word_1_11' title='bbox 1123 467 1156 552; x_wconf 79' lang='grc' dir='ltr'><strong>ές</strong></span> <span class='ocrx_word' id='word_1_12' title='bbox 1169 478 1370 561; x_wconf 78' lang='grc' dir='ltr'><strong><em>Βραγχίδας.</em></strong></span> 
     </span>
     <span class='ocr_line' id='line_1_3' title="bbox 234 569 1369 668; baseline 0 -22"><span class='ocrx_word' id='word_1_13' title='bbox 234 581 338 646; x_wconf 77' lang='grc' dir='ltr'><em>ταῦτα</em></span> <span class='ocrx_word' id='word_1_14' title='bbox 358 577 421 664; x_wconf 84' lang='grc' dir='ltr'><strong>μέν</strong></span> <span class='ocrx_word' id='word_1_15' title='bbox 440 593 505 644; x_wconf 82' lang='grc' dir='ltr'><strong>νον</strong></span> <span class='ocrx_word' id='word_1_16' title='bbox 525 572 566 643; x_wconf 77' lang='grc' dir='ltr'><strong>τὰ</strong></span> <span class='ocrx_word' id='word_1_17' title='bbox 580 569 755 663; x_wconf 76' lang='grc' dir='ltr'><strong>Ἑλληνικὰ</strong></span> <span class='ocrx_word' id='word_1_18' title='bbox 775 575 935 664; x_wconf 77' lang='grc' dir='ltr'><em>μαντήια,</em></span> <span class='ocrx_word' id='word_1_19' title='bbox 966 571 1000 655; x_wconf 75' lang='grc' dir='ltr'><strong>ἐς</strong></span> <span class='ocrx_word' id='word_1_20' title='bbox 1018 573 1059 644; x_wconf 78' lang='grc' dir='ltr'><strong>τὰ</strong></span> <span class='ocrx_word' id='word_1_21' title='bbox 1083 572 1258 668; x_wconf 76' lang='grc' dir='ltr'><strong>ἀπέπεμψε</strong></span> <span class='ocrx_word' id='word_1_22' title='bbox 1285 605 1369 666; x_wconf 84' lang='grc' dir='ltr'><em>μαν-</em></span> 
     </span>
     <span class='ocr_line' id='line_1_4' title="bbox 233 675 1370 768; baseline 0 -18"><span class='ocrx_word' id='word_1_23' title='bbox 233 679 432 768; x_wconf 77' lang='grc' dir='ltr'><strong>τευσόμενος</strong></span> <span class='ocrx_word' id='word_1_24' title='bbox 445 686 599 767; x_wconf 78' lang='grc' dir='ltr'><strong>Κροῖσος.</strong></span> <span class='ocrx_word' id='word_1_25' title='bbox 635 679 765 768; x_wconf 83' lang='grc' dir='ltr'><strong><em>Λιβύης</em></strong></span> <span class='ocrx_word' id='word_1_26' title='bbox 785 679 821 748; x_wconf 72' lang='lat' dir='ltr'><strong>dl</strong></span> <span class='ocrx_word' id='word_1_27' title='bbox 842 676 931 768; x_wconf 78' lang='grc' dir='ltr'><em>παρὰ</em></span> <span class='ocrx_word' id='word_1_28' title='bbox 942 675 1103 768; x_wconf 74' lang='grc' dir='ltr'><em>’Ἄμμωνα</em></span> <span class='ocrx_word' id='word_1_29' title='bbox 1116 675 1289 751; x_wconf 79' lang='grc' dir='ltr'><strong>ἀπέστειλε</strong></span> <span class='ocrx_word' id='word_1_30' title='bbox 1309 677 1370 750; x_wconf 72' lang='grc' dir='ltr'><strong>ἅλ-</strong></span> 
     </span>
     <span class='ocr_line' id='line_1_5' title="bbox 233 779 1372 874; baseline 0 -20"><span class='ocrx_word' id='word_1_31' title='bbox 233 793 312 865; x_wconf 84' lang='grc' dir='ltr'><strong>λους</strong></span> <span class='ocrx_word' id='word_1_32' title='bbox 326 785 560 873; x_wconf 81' lang='grc' dir='ltr'><strong>χρησομένους.</strong></span> <span class='ocrx_word' id='word_1_33' title='bbox 586 785 747 872; x_wconf 75' lang='grc' dir='ltr'><strong>διέπεμπε</strong></span> <span class='ocrx_word' id='word_1_34' title='bbox 764 783 801 853; x_wconf 72' lang='lat' dir='ltr'><strong>dl</strong></span> <span class='ocrx_word' id='word_1_35' title='bbox 817 779 1040 874; x_wconf 74' lang='grc' dir='ltr'><em>ιιειριώμενος</em></span> <span class='ocrx_word' id='word_1_36' title='bbox 1052 788 1121 853; x_wconf 77' lang='grc' dir='ltr'><strong>τῶν</strong></span> <span class='ocrx_word' id='word_1_37' title='bbox 1140 792 1333 872; x_wconf 82' lang='grc' dir='ltr'><strong>μαντηίων,</strong></span> <span class='ocrx_word' id='word_1_38' title='bbox 1353 781 1372 854; x_wconf 82' lang='grc' dir='ltr'>ὅ</span> 
     </span>
     <span class='ocr_line' id='line_1_6' title="bbox 232 881 1370 978; baseline -0.001 -21"><span class='ocrx_word' id='word_1_39' title='bbox 232 917 264 957; x_wconf 87' lang='grc' dir='ltr'><em>τι</em></span> <span class='ocrx_word' id='word_1_40' title='bbox 279 889 471 977; x_wconf 81' lang='grc' dir='ltr'><em>φρονέοιεν·</em></span> <span class='ocrx_word' id='word_1_41' title='bbox 496 881 557 973; x_wconf 75' lang='grc' dir='ltr'><strong>ὡς,</strong></span> <span class='ocrx_word' id='word_1_42' title='bbox 579 893 610 957; x_wconf 84' lang='grc' dir='ltr'><strong>εί</strong></span> <span class='ocrx_word' id='word_1_43' title='bbox 622 890 808 976; x_wconf 74' lang='grc' dir='ltr'><em>φρονέοντα</em></span> <span class='ocrx_word' id='word_1_44' title='bbox 822 883 1067 976; x_wconf 78' lang='grc' dir='ltr'><strong><em>τ’ὴνᾶληθείην</em></strong></span> <span class='ocrx_word' id='word_1_45' title='bbox 1081 883 1256 978; x_wconf 76' lang='grc' dir='ltr'><strong><em>εὑρεθείη,</em></strong></span> <span class='ocrx_word' id='word_1_46' title='bbox 1279 883 1370 957; x_wconf 76' lang='grc' dir='ltr'><strong><em>ἐπεί-</em></strong></span> 
     </span>
     <span class='ocr_line' id='line_1_7' title="bbox 234 988 1368 1084; baseline 0.002 -24"><span class='ocrx_word' id='word_1_47' title='bbox 234 999 333 1082; x_wconf 80' lang='grc' dir='ltr'><em>ρηιαί</em></span> <span class='ocrx_word' id='word_1_48' title='bbox 347 1010 435 1078; x_wconf 84' lang='grc' dir='ltr'><strong>σφεα</strong></span> <span class='ocrx_word' id='word_1_49' title='bbox 455 989 597 1081; x_wconf 75' lang='grc' dir='ltr'><strong>δεύτερα</strong></span> <span class='ocrx_word' id='word_1_50' title='bbox 617 993 774 1081; x_wconf 77' lang='grc' dir='ltr'><strong>πέμπων,</strong></span> <span class='ocrx_word' id='word_1_51' title='bbox 796 997 828 1061; x_wconf 82' lang='grc' dir='ltr'><strong>εί</strong></span> <span class='ocrx_word' id='word_1_52' title='bbox 846 989 1022 1081; x_wconf 79' lang='grc' dir='ltr'><em>ἐπιχειρέοι</em></span> <span class='ocrx_word' id='word_1_53' title='bbox 1044 988 1100 1062; x_wconf 77' lang='grc' dir='ltr'><strong>ἐπὶ</strong></span> <span class='ocrx_word' id='word_1_54' title='bbox 1114 995 1247 1084; x_wconf 77' lang='grc' dir='ltr'><em>Πέρσας</em></span> <span class='ocrx_word' id='word_1_55' title='bbox 1268 1013 1368 1082; x_wconf 82' lang='grc' dir='ltr'><em>σιρα-</em></span> 
     </span>
    </p>
   </div>
   <div class='ocr_carea' id='block_1_3' title="bbox 195 1157 779 4434">
    <p class='ocr_par' dir='ltr' id='par_1_3' title="bbox 232 1157 779 1504">
     <span class='ocr_line' id='line_1_8' title="bbox 232 1157 778 1218; baseline 0.002 -10"><span class='ocrx_word' id='word_1_56' title='bbox 232 1158 337 1209; x_wconf 84' lang='lat' dir='ltr'><strong>hudoac</strong></span> <span class='ocrx_word' id='word_1_57' title='bbox 356 1157 508 1208; x_wconf 78' lang='lat' dir='ltr'><strong>inB0e0tiu</strong></span> <span class='ocrx_word' id='word_1_58' title='bbox 527 1158 638 1208; x_wconf 73' lang='lat' dir='ltr'><strong>oracula</strong></span> <span class='ocrx_word' id='word_1_59' title='bbox 656 1159 723 1218; x_wconf 60' lang='lat' dir='ltr'><strong>edin</strong></span> <span class='ocrx_word' id='word_1_60' title='bbox 745 1160 778 1209; x_wconf 87' lang='lat' dir='ltr'><strong>de</strong></span> 
     </span>
     <span class='ocr_line' id='line_1_9' title="bbox 233 1228 779 1294; baseline 0.004 -16"><span class='ocrx_word' id='word_1_61' title='bbox 233 1245 286 1294; x_wconf 92' lang='lat' dir='ltr'><strong>quo</strong></span> <span class='ocrx_word' id='word_1_62' title='bbox 304 1230 424 1278; x_wconf 79' lang='lat' dir='ltr'><strong>Peneon.</strong></span> <span class='ocrx_word' id='word_1_63' title='bbox 450 1228 498 1290; x_wconf 86' lang='lat' dir='ltr'><strong>IX,</strong></span> <span class='ocrx_word' id='word_1_64' title='bbox 523 1229 557 1280; x_wconf 89' lang='grc'><strong>34</strong></span> <span class='ocrx_word' id='word_1_65' title='bbox 580 1243 656 1294; x_wconf 84' lang='lat' dir='ltr'><strong>eeqq.</strong></span> <span class='ocrx_word' id='word_1_66' title='bbox 680 1235 707 1280; x_wconf 82' lang='lat' dir='ltr'><strong>ei</strong></span> <span class='ocrx_word' id='word_1_67' title='bbox 724 1231 779 1280; x_wconf 89' lang='lat' dir='ltr'><strong>He-</strong></span> 
     </span>
     <span class='ocr_line' id='line_1_10' title="bbox 233 1296 776 1360; baseline 0.006 -12"><span class='ocrx_word' id='word_1_68' title='bbox 233 1298 322 1348; x_wconf 84' lang='lat' dir='ltr'><strong>rodet.</strong></span> <span class='ocrx_word' id='word_1_69' title='bbox 347 1298 424 1360; x_wconf 86' lang='lat' dir='ltr'>VIII,</span> <span class='ocrx_word' id='word_1_70' title='bbox 457 1296 516 1348; x_wconf 81' lang='grc'><strong>131.</strong></span> <span class='ocrx_word' id='word_1_71' title='bbox 543 1298 589 1348; x_wconf 88' lang='lat' dir='ltr'><strong>nbi</strong></span> <span class='ocrx_word' id='word_1_72' title='bbox 620 1299 675 1349; x_wconf 84' lang='lat' dir='ltr'><strong>vid.</strong></span> <span class='ocrx_word' id='word_1_73' title='bbox 706 1307 776 1351; x_wconf 83' lang='lat' dir='ltr'><strong>nott.</strong></span> 
     </span>
     <span class='ocr_line' id='line_1_11' title="bbox 232 1366 776 1422; baseline 0.006 -4"><span class='ocrx_word' id='word_1_74' title='bbox 232 1369 316 1418; x_wconf 86' lang='lat' dir='ltr'><strong>Plnre</strong></span> <span class='ocrx_word' id='word_1_75' title='bbox 333 1366 521 1418; x_wconf 74' lang='lat' dir='ltr'><strong>Homolerhue.</strong></span> <span class='ocrx_word' id='word_1_76' title='bbox 545 1367 580 1417; x_wconf 85' lang='lat' dir='ltr'><strong>ed</strong></span> <span class='ocrx_word' id='word_1_77' title='bbox 601 1369 715 1422; x_wconf 85' lang='lat' dir='ltr'><strong>Lucien.</strong></span> <span class='ocrx_word' id='word_1_78' title='bbox 738 1371 776 1421; x_wconf 91' lang='lat' dir='ltr'><strong>II.</strong></span> 
     </span>
     <span class='ocr_line' id='line_1_12' title="bbox 233 1437 473 1504; baseline -0.004 -16"><span class='ocrx_word' id='word_1_79' title='bbox 233 1454 260 1504; x_wconf 89' lang='lat' dir='ltr'><strong>p.</strong></span> <span class='ocrx_word' id='word_1_80' title='bbox 279 1439 329 1488; x_wconf 93' lang='grc'><strong>411</strong></span> <span class='ocrx_word' id='word_1_81' title='bbox 350 1437 392 1487; x_wconf 86' lang='lat' dir='ltr'><strong>ed.</strong></span> <span class='ocrx_word' id='word_1_82' title='bbox 411 1439 473 1502; x_wconf 92' lang='lat' dir='ltr'><strong>Bip.</strong></span> 
     </span>
    </p>

    <p class='ocr_par' dir='ltr' id='par_1_4' title="bbox 195 1497 777 4434">
     <span class='ocr_line' id='line_1_13' title="bbox 266 1497 777 1575; baseline 0.004 -19"><span class='ocrx_word' id='word_1_83' title='bbox 266 1499 297 1556; x_wconf 80' lang='lat' dir='ltr'><strong>ol</strong></span> <span class='ocrx_word' id='word_1_84' title='bbox 318 1499 350 1556; x_wconf 72' lang='grc' dir='ltr'><strong>δὲ</strong></span> <span class='ocrx_word' id='word_1_85' title='bbox 373 1504 424 1572; x_wconf 80' lang='grc' dir='ltr'><strong>τῆς</strong></span> <span class='ocrx_word' id='word_1_86' title='bbox 442 1505 582 1572; x_wconf 76' lang='grc' dir='ltr'><strong><em>Μιλεοίης</em></strong></span> <span class='ocrx_word' id='word_1_87' title='bbox 606 1497 634 1564; x_wconf 76' lang='grc' dir='ltr'><strong>ές</strong></span> <span class='ocrx_word' id='word_1_88' title='bbox 658 1507 777 1575; x_wconf 74' lang='grc' dir='ltr'><strong>Βραγχί-</strong></span> 
     </span>
     <span class='ocr_line' id='line_1_14' title="bbox 232 1573 774 1642; baseline 0.006 -17"><span class='ocrx_word' id='word_1_89' title='bbox 232 1573 295 1642; x_wconf 78' lang='grc' dir='ltr'><strong>δας]</strong></span> <span class='ocrx_word' id='word_1_90' title='bbox 315 1575 378 1628; x_wconf 83' lang='lat' dir='ltr'><strong>vid.</strong></span> <span class='ocrx_word' id='word_1_91' title='bbox 397 1577 420 1638; x_wconf 90' lang='lat'><strong>1,</strong></span> <span class='ocrx_word' id='word_1_92' title='bbox 444 1574 487 1627; x_wconf 87' lang='grc'><strong>92.</strong></span> <span class='ocrx_word' id='word_1_93' title='bbox 514 1578 563 1628; x_wconf 88' lang='grc'><strong>158</strong></span> <span class='ocrx_word' id='word_1_94' title='bbox 588 1579 679 1642; x_wconf 85' lang='lat' dir='ltr'><strong>ibique</strong></span> <span class='ocrx_word' id='word_1_95' title='bbox 704 1583 774 1629; x_wconf 79' lang='lat' dir='ltr'><strong>nott.</strong></span> 
     </span>
     <span class='ocr_line' id='line_1_15' title="bbox 233 1638 774 1712; baseline 0 -16"><span class='ocrx_word' id='word_1_96' title='bbox 233 1651 260 1696; x_wconf 79' lang='lat' dir='ltr'><strong>el</strong></span> <span class='ocrx_word' id='word_1_97' title='bbox 278 1647 351 1696; x_wconf 80' lang='lat' dir='ltr'><strong>infru</strong></span> <span class='ocrx_word' id='word_1_98' title='bbox 367 1646 401 1708; x_wconf 89' lang='lat' dir='ltr'><strong>V,</strong></span> <span class='ocrx_word' id='word_1_99' title='bbox 421 1645 463 1700; x_wconf 90' lang='grc'><strong>36.</strong></span> <span class='ocrx_word' id='word_1_100' title='bbox 489 1638 521 1696; x_wconf 83' lang='grc' dir='ltr'><strong>τὸ</strong></span> <span class='ocrx_word' id='word_1_101' title='bbox 543 1639 607 1711; x_wconf 80' lang='grc' dir='ltr'><strong>ίρὸν</strong></span> <span class='ocrx_word' id='word_1_102' title='bbox 630 1643 660 1700; x_wconf 84' lang='grc' dir='ltr'><strong>έν</strong></span> <span class='ocrx_word' id='word_1_103' title='bbox 685 1649 774 1712; x_wconf 80' lang='grc' dir='ltr'><em>Βραγ-</em></span> 
     </span>
     <span class='ocr_line' id='line_1_16' title="bbox 230 1713 776 1782; baseline 0.007 -18"><span class='ocrx_word' id='word_1_104' title='bbox 230 1713 336 1782; x_wconf 77' lang='grc' dir='ltr'><em>χίδῃσι,</em></span> <span class='ocrx_word' id='word_1_105' title='bbox 347 1721 375 1766; x_wconf 86' lang='grc' dir='ltr'><strong>ε1</strong></span> <span class='ocrx_word' id='word_1_106' title='bbox 384 1716 431 1778; x_wconf 88' lang='lat' dir='ltr'><strong>VI,</strong></span> <span class='ocrx_word' id='word_1_107' title='bbox 446 1715 488 1767; x_wconf 90' lang='grc'><strong>19.</strong></span> <span class='ocrx_word' id='word_1_108' title='bbox 496 1717 697 1769; x_wconf 75' lang='lat' dir='ltr'><strong>Branchidarum</strong></span> <span class='ocrx_word' id='word_1_109' title='bbox 709 1723 776 1768; x_wconf 81' lang='lat' dir='ltr'><strong>tem-</strong></span> 
     </span>
     <span class='ocr_line' id='line_1_17' title="bbox 231 1785 774 1852; baseline 0.002 -17"><span class='ocrx_word' id='word_1_110' title='bbox 231 1785 314 1851; x_wconf 79' lang='lat' dir='ltr'><strong>plum,</strong></span> <span class='ocrx_word' id='word_1_111' title='bbox 334 1785 406 1850; x_wconf 89' lang='lat' dir='ltr'><strong>qnod</strong></span> <span class='ocrx_word' id='word_1_112' title='bbox 418 1785 563 1852; x_wconf 80' lang='lat' dir='ltr'><strong>Didymuei</strong></span> <span class='ocrx_word' id='word_1_113' title='bbox 581 1787 714 1852; x_wconf 73' lang='lat' dir='ltr'><strong>Apollinis</strong></span> <span class='ocrx_word' id='word_1_114' title='bbox 728 1802 774 1836; x_wconf 90' lang='lat' dir='ltr'><strong>no-</strong></span> 
     </span>
     <span class='ocr_line' id='line_1_18' title="bbox 231 1855 774 1922; baseline 0.002 -17"><span class='ocrx_word' id='word_1_115' title='bbox 231 1871 293 1906; x_wconf 88' lang='lat' dir='ltr'><strong>men</strong></span> <span class='ocrx_word' id='word_1_116' title='bbox 323 1861 421 1920; x_wconf 80' lang='lat' dir='ltr'><strong>postea</strong></span> <span class='ocrx_word' id='word_1_117' title='bbox 444 1855 519 1920; x_wconf 77' lang='lat' dir='ltr'><strong>tulit,</strong></span> <span class='ocrx_word' id='word_1_118' title='bbox 546 1873 629 1922; x_wconf 85' lang='lat' dir='ltr'>prope</span> <span class='ocrx_word' id='word_1_119' title='bbox 651 1857 774 1906; x_wconf 84' lang='lat' dir='ltr'><strong>Miletum</strong></span> 
     </span>
     <span class='ocr_line' id='line_1_19' title="bbox 232 1926 773 1992; baseline 0 -16"><span class='ocrx_word' id='word_1_120' title='bbox 232 1927 298 1988; x_wconf 80' lang='lat' dir='ltr'><strong>luit,</strong></span> <span class='ocrx_word' id='word_1_121' title='bbox 318 1941 399 1992; x_wconf 81' lang='lat' dir='ltr'><strong>quum</strong></span> <span class='ocrx_word' id='word_1_122' title='bbox 416 1927 504 1991; x_wconf 81' lang='lat' dir='ltr'><strong>ipsum</strong></span> <span class='ocrx_word' id='word_1_123' title='bbox 528 1927 621 1977; x_wconf 88' lang='lat' dir='ltr'><strong>urbem</strong></span> <span class='ocrx_word' id='word_1_124' title='bbox 639 1926 773 1991; x_wconf 80' lang='lat' dir='ltr'><strong>Orphicus</strong></span> 
     </span>
     <span class='ocr_line' id='line_1_20' title="bbox 230 1988 774 2062; baseline -0.002 -16"><span class='ocrx_word' id='word_1_125' title='bbox 230 2001 315 2061; x_wconf 81' lang='lat' dir='ltr'><strong>poete.</strong></span> <span class='ocrx_word' id='word_1_126' title='bbox 339 1996 464 2062; x_wconf 82' lang='lat' dir='ltr'><strong>designet</strong></span> <span class='ocrx_word' id='word_1_127' title='bbox 491 1988 620 2062; x_wconf 74' lang='grc' dir='ltr'><em>Βράγχου</em></span> <span class='ocrx_word' id='word_1_128' title='bbox 648 1988 774 2046; x_wconf 76' lang='grc' dir='ltr'><strong>πολύαν-</strong></span> 
     </span>
     <span class='ocr_line' id='line_1_21' title="bbox 231 2059 773 2132; baseline 0.002 -17"><span class='ocrx_word' id='word_1_129' title='bbox 231 2081 281 2131; x_wconf 80' lang='grc' dir='ltr'><strong>ρος</strong></span> <span class='ocrx_word' id='word_1_130' title='bbox 299 2059 437 2130; x_wconf 81' lang='grc' dir='ltr'><em>ἄρουραν,</em></span> <span class='ocrx_word' id='word_1_131' title='bbox 463 2067 627 2132; x_wconf 80' lang='lat' dir='ltr'><strong>Argonantt.</strong></span> <span class='ocrx_word' id='word_1_132' title='bbox 652 2063 773 2116; x_wconf 77' lang='grc' dir='ltr'><strong>νι.153.</strong></span> 
     </span>
     <span class='ocr_line' id='line_1_22' title="bbox 232 2135 774 2197; baseline -0.002 -11"><span class='ocrx_word' id='word_1_133' title='bbox 232 2136 294 2186; x_wconf 90' lang='lat' dir='ltr'><strong>coll.</strong></span> <span class='ocrx_word' id='word_1_134' title='bbox 313 2135 385 2186; x_wconf 88' lang='lat' dir='ltr'><strong>Plln.</strong></span> <span class='ocrx_word' id='word_1_135' title='bbox 404 2137 478 2188; x_wconf 70' lang='lat' dir='ltr'><strong>Hier.</strong></span> <span class='ocrx_word' id='word_1_136' title='bbox 497 2137 560 2186; x_wconf 79' lang='lat' dir='ltr'><strong>Nar.</strong></span> <span class='ocrx_word' id='word_1_137' title='bbox 585 2137 617 2197; x_wconf 84' lang='lat' dir='ltr'><strong>V,</strong></span> <span class='ocrx_word' id='word_1_138' title='bbox 636 2135 680 2185; x_wconf 98' lang='grc'><strong>29.</strong></span> <span class='ocrx_word' id='word_1_139' title='bbox 705 2135 774 2185; x_wconf 81' lang='lat' dir='ltr'><strong>Nem</strong></span> 
     </span>
     <span class='ocr_line' id='line_1_23' title="bbox 230 2205 775 2271; baseline 0 -15"><span class='ocrx_word' id='word_1_140' title='bbox 230 2223 248 2256; x_wconf 83' lang='lat' dir='ltr'><strong>e</strong></span> <span class='ocrx_word' id='word_1_141' title='bbox 268 2205 385 2256; x_wconf 79' lang='lat' dir='ltr'><strong>Brauclo</strong></span> <span class='ocrx_word' id='word_1_142' title='bbox 410 2206 526 2271; x_wconf 82' lang='lat' dir='ltr'><strong>quodum</strong></span> <span class='ocrx_word' id='word_1_143' title='bbox 547 2205 687 2255; x_wconf 79' lang='lat' dir='ltr'><strong>conditum</strong></span> <span class='ocrx_word' id='word_1_144' title='bbox 707 2205 775 2256; x_wconf 86' lang='lat' dir='ltr'><strong>iere·</strong></span> 
     </span>
     <span class='ocr_line' id='line_1_24' title="bbox 231 2275 775 2340; baseline -0.004 -14"><span class='ocrx_word' id='word_1_145' title='bbox 231 2277 326 2340; x_wconf 73' lang='lat' dir='ltr'><strong>hatur,</strong></span> <span class='ocrx_word' id='word_1_146' title='bbox 350 2275 383 2326; x_wconf 91' lang='lat' dir='ltr'><strong>de</strong></span> <span class='ocrx_word' id='word_1_147' title='bbox 408 2292 460 2340; x_wconf 92' lang='lat' dir='ltr'><strong>quo</strong></span> <span class='ocrx_word' id='word_1_148' title='bbox 484 2277 513 2325; x_wconf 90' lang='lat' dir='ltr'><strong>iu</strong></span> <span class='ocrx_word' id='word_1_149' title='bbox 535 2275 619 2326; x_wconf 78' lang='lat' dir='ltr'><strong>schol.</strong></span> <span class='ocrx_word' id='word_1_150' title='bbox 639 2275 674 2326; x_wconf 84' lang='lat' dir='ltr'><strong>ud</strong></span> <span class='ocrx_word' id='word_1_151' title='bbox 692 2275 775 2326; x_wconf 70' lang='lat' dir='ltr'><strong>Sturii</strong></span> 
     </span>
     <span class='ocr_line' id='line_1_25' title="bbox 231 2345 775 2411; baseline 0.004 -16"><span class='ocrx_word' id='word_1_152' title='bbox 231 2345 316 2397; x_wconf 81' lang='lat' dir='ltr'><strong>Theb.</strong></span> <span class='ocrx_word' id='word_1_153' title='bbox 340 2346 419 2407; x_wconf 89' lang='lat' dir='ltr'>VIII,</span> <span class='ocrx_word' id='word_1_154' title='bbox 443 2345 502 2398; x_wconf 89' lang='grc'><strong>198.</strong></span> <span class='ocrx_word' id='word_1_155' title='bbox 532 2345 611 2410; x_wconf 81' lang='lat' dir='ltr'><strong>pluro</strong></span> <span class='ocrx_word' id='word_1_156' title='bbox 637 2346 775 2411; x_wconf 82' lang='lat' dir='ltr'><strong>leguntur.</strong></span> 
     </span>
     <span class='ocr_line' id='line_1_26' title="bbox 231 2415 775 2481; baseline 0 -15"><span class='ocrx_word' id='word_1_157' title='bbox 231 2417 284 2478; x_wconf 83' lang='lat' dir='ltr'><strong>Qui</strong></span> <span class='ocrx_word' id='word_1_158' title='bbox 303 2432 364 2466; x_wconf 90' lang='lat' dir='ltr'><strong>oum</strong></span> <span class='ocrx_word' id='word_1_159' title='bbox 381 2415 515 2481; x_wconf 75' lang='lat' dir='ltr'>Apollinis</span> <span class='ocrx_word' id='word_1_160' title='bbox 539 2430 618 2465; x_wconf 78' lang='lat' dir='ltr'><strong>sacru</strong></span> <span class='ocrx_word' id='word_1_161' title='bbox 636 2421 664 2466; x_wconf 83' lang='lat' dir='ltr'><strong>et</strong></span> <span class='ocrx_word' id='word_1_162' title='bbox 681 2431 775 2466; x_wconf 76' lang='lat' dir='ltr'><strong>oracu-</strong></span> 
     </span>
     <span class='ocr_line' id='line_1_27' title="bbox 229 2485 775 2550; baseline -0.002 -12"><span class='ocrx_word' id='word_1_163' title='bbox 229 2486 285 2538; x_wconf 89' lang='lat' dir='ltr'><strong>lum</strong></span> <span class='ocrx_word' id='word_1_164' title='bbox 298 2488 485 2548; x_wconf 72' lang='lat' dir='ltr'>constitueret,</span> <span class='ocrx_word' id='word_1_165' title='bbox 499 2485 571 2536; x_wconf 79' lang='lat' dir='ltr'><strong>houd</strong></span> <span class='ocrx_word' id='word_1_166' title='bbox 583 2502 693 2550; x_wconf 83' lang='lat' dir='ltr'><strong>prorsus</strong></span> <span class='ocrx_word' id='word_1_167' title='bbox 703 2501 775 2538; x_wconf 82' lang='lat' dir='ltr'><strong>vene</strong></span> 
     </span>
     <span class='ocr_line' id='line_1_28' title="bbox 231 2556 775 2622; baseline 0.002 -16"><span class='ocrx_word' id='word_1_168' title='bbox 231 2561 274 2606; x_wconf 83' lang='lat' dir='ltr'><strong>oet</strong></span> <span class='ocrx_word' id='word_1_169' title='bbox 298 2557 428 2608; x_wconf 76' lang='lat' dir='ltr'><strong>harcheri</strong></span> <span class='ocrx_word' id='word_1_170' title='bbox 457 2556 590 2622; x_wconf 77' lang='lat' dir='ltr'><strong>euspicio,</strong></span> <span class='ocrx_word' id='word_1_171' title='bbox 621 2556 775 2607; x_wconf 78' lang='lat' dir='ltr'><strong>Branchum</strong></span> 
     </span>
     <span class='ocr_line' id='line_1_29' title="bbox 231 2625 774 2692; baseline 0 -15"><span class='ocrx_word' id='word_1_172' title='bbox 231 2627 344 2692; x_wconf 79' lang='lat' dir='ltr'><strong>Delphis</strong></span> <span class='ocrx_word' id='word_1_173' title='bbox 373 2628 425 2678; x_wconf 92' lang='lat' dir='ltr'><strong>huc</strong></span> <span class='ocrx_word' id='word_1_174' title='bbox 453 2627 564 2677; x_wconf 76' lang='lat' dir='ltr'><strong>missum</strong></span> <span class='ocrx_word' id='word_1_175' title='bbox 589 2625 688 2690; x_wconf 81' lang='lat' dir='ltr'><strong>fnisse,</strong></span> <span class='ocrx_word' id='word_1_176' title='bbox 721 2643 774 2692; x_wconf 91' lang='lat' dir='ltr'><strong>quo</strong></span> 
     </span>
     <span class='ocr_line' id='line_1_30' title="bbox 231 2695 774 2762; baseline -0.004 -14"><span class='ocrx_word' id='word_1_177' title='bbox 231 2697 364 2762; x_wconf 80' lang='lat' dir='ltr'><strong>Apollinis</strong></span> <span class='ocrx_word' id='word_1_178' title='bbox 393 2695 493 2746; x_wconf 77' lang='lat' dir='ltr'><strong>cultum</strong></span> <span class='ocrx_word' id='word_1_179' title='bbox 526 2696 691 2748; x_wconf 77' lang='lat' dir='ltr'><strong>institueret.</strong></span> <span class='ocrx_word' id='word_1_180' title='bbox 732 2697 774 2746; x_wconf 83' lang='lat' dir='ltr'><strong>Ad</strong></span> 
     </span>
     <span class='ocr_line' id='line_1_31' title="bbox 232 2765 774 2831; baseline -0.002 -14"><span class='ocrx_word' id='word_1_181' title='bbox 232 2783 291 2817; x_wconf 85' lang='lat' dir='ltr'><strong>cem</strong></span> <span class='ocrx_word' id='word_1_182' title='bbox 310 2767 381 2818; x_wconf 88' lang='lat' dir='ltr'><strong>enim</strong></span> <span class='ocrx_word' id='word_1_183' title='bbox 398 2765 569 2816; x_wconf 79' lang='lat' dir='ltr'><strong>uuoerdotum</strong></span> <span class='ocrx_word' id='word_1_184' title='bbox 586 2771 694 2831; x_wconf 77' lang='lat' dir='ltr'><strong>geniem</strong></span> <span class='ocrx_word' id='word_1_185' title='bbox 715 2781 774 2830; x_wconf 88' lang='lat' dir='ltr'><strong>per-</strong></span> 
     </span>
     <span class='ocr_line' id='line_1_32' title="bbox 231 2835 774 2900; baseline -0.004 -13"><span class='ocrx_word' id='word_1_186' title='bbox 231 2837 348 2888; x_wconf 78' lang='lat' dir='ltr'><strong>tinuisse</strong></span> <span class='ocrx_word' id='word_1_187' title='bbox 365 2835 432 2898; x_wconf 85' lang='lat' dir='ltr'><strong>vult,</strong></span> <span class='ocrx_word' id='word_1_188' title='bbox 452 2850 521 2900; x_wconf 79' lang='lat' dir='ltr'><strong>quoe</strong></span> <span class='ocrx_word' id='word_1_189' title='bbox 539 2835 701 2900; x_wconf 88' lang='lat' dir='ltr'><strong>Delphicum</strong></span> <span class='ocrx_word' id='word_1_190' title='bbox 715 2851 774 2886; x_wconf 83' lang='lat' dir='ltr'><strong>orc-</strong></span> 
     </span>
     <span class='ocr_line' id='line_1_33' title="bbox 231 2905 773 2972; baseline -0.007 -14"><span class='ocrx_word' id='word_1_191' title='bbox 231 2907 322 2958; x_wconf 89' lang='lat' dir='ltr'><strong>culum</strong></span> <span class='ocrx_word' id='word_1_192' title='bbox 349 2907 482 2964; x_wconf 82' lang='lat' dir='ltr'><strong>tenuerit;</strong></span> <span class='ocrx_word' id='word_1_193' title='bbox 522 2920 672 2972; x_wconf 84' lang='lat' dir='ltr'><strong>nomenque</strong></span> <span class='ocrx_word' id='word_1_194' title='bbox 700 2905 773 2954; x_wconf 76' lang='lat' dir='ltr'><strong>illius</strong></span> 
     </span>
     <span class='ocr_line' id='line_1_34' title="bbox 230 2975 772 3043; baseline -0.004 -16"><span class='ocrx_word' id='word_1_195' title='bbox 230 2981 352 3043; x_wconf 78' lang='lat' dir='ltr'><strong>gurpilem</strong></span> <span class='ocrx_word' id='word_1_196' title='bbox 369 2975 524 3040; x_wconf 73' lang='lat' dir='ltr'><strong>significare</strong></span> <span class='ocrx_word' id='word_1_197' title='bbox 541 2975 628 3040; x_wconf 88' lang='lat' dir='ltr'><strong>(conf.</strong></span> <span class='ocrx_word' id='word_1_198' title='bbox 653 2975 772 3040; x_wconf 79' lang='lat' dir='ltr'><strong>Etymol.</strong></span> 
     </span>
     <span class='ocr_line' id='line_1_35' title="bbox 231 3043 775 3111; baseline -0.007 -13"><span class='ocrx_word' id='word_1_199' title='bbox 231 3063 321 3111; x_wconf 77' lang='lat' dir='ltr'><strong>magn.</strong></span> <span class='ocrx_word' id='word_1_200' title='bbox 353 3061 381 3109; x_wconf 92' lang='lat' dir='ltr'><strong>p.</strong></span> <span class='ocrx_word' id='word_1_201' title='bbox 413 3045 478 3106; x_wconf 91' lang='grc'><strong>211,</strong></span> <span class='ocrx_word' id='word_1_202' title='bbox 510 3043 563 3109; x_wconf 87' lang='lat'>18).</span> <span class='ocrx_word' id='word_1_203' title='bbox 602 3045 674 3107; x_wconf 83' lang='lat' dir='ltr'><strong>Quid</strong></span> <span class='ocrx_word' id='word_1_204' title='bbox 702 3044 775 3110; x_wconf 92' lang='lat' dir='ltr'><strong>quod</strong></span> 
     </span>
     <span class='ocr_line' id='line_1_36' title="bbox 230 3113 775 3180; baseline -0.004 -14"><span class='ocrx_word' id='word_1_205' title='bbox 230 3115 383 3166; x_wconf 74' lang='lat' dir='ltr'><strong>Branchum</strong></span> <span class='ocrx_word' id='word_1_206' title='bbox 403 3113 515 3164; x_wconf 86' lang='lat' dir='ltr'><strong>eundern</strong></span> <span class='ocrx_word' id='word_1_207' title='bbox 527 3129 587 3163; x_wconf 78' lang='lat' dir='ltr'><strong>esee</strong></span> <span class='ocrx_word' id='word_1_208' title='bbox 602 3119 684 3180; x_wconf 81' lang='lat' dir='ltr'><strong>atquc</strong></span> <span class='ocrx_word' id='word_1_209' title='bbox 694 3113 775 3179; x_wconf 83' lang='lat' dir='ltr'><strong>Apol-</strong></span> 
     </span>
     <span class='ocr_line' id='line_1_37' title="bbox 230 3182 773 3247; baseline 0.004 -14"><span class='ocrx_word' id='word_1_210' title='bbox 230 3185 311 3234; x_wconf 89' lang='lat' dir='ltr'><strong>linem</strong></span> <span class='ocrx_word' id='word_1_211' title='bbox 323 3197 408 3247; x_wconf 87' lang='lat' dir='ltr'><strong>nuper</strong></span> <span class='ocrx_word' id='word_1_212' title='bbox 421 3182 606 3236; x_wconf 79' lang='lat' dir='ltr'><strong>demonstrere</strong></span> <span class='ocrx_word' id='word_1_213' title='bbox 624 3185 729 3234; x_wconf 72' lang='lat' dir='ltr'><strong>studuit</strong></span> <span class='ocrx_word' id='word_1_214' title='bbox 740 3185 773 3235; x_wconf 79' lang='lat' dir='ltr'><strong>A.</strong></span> 
     </span>
     <span class='ocr_line' id='line_1_38' title="bbox 231 3253 776 3319; baseline -0.002 -15"><span class='ocrx_word' id='word_1_215' title='bbox 231 3253 402 3304; x_wconf 78' lang='lat' dir='ltr'><strong>Sohiinborn:</strong></span> <span class='ocrx_word' id='word_1_216' title='bbox 421 3253 512 3304; x_wconf 87' lang='lat' dir='ltr'><strong>Ueber</strong></span> <span class='ocrx_word' id='word_1_217' title='bbox 525 3253 575 3304; x_wconf 79' lang='lat' dir='ltr'><strong>des</strong></span> <span class='ocrx_word' id='word_1_218' title='bbox 584 3255 684 3305; x_wconf 81' lang='lat' dir='ltr'><strong>Weoen</strong></span> <span class='ocrx_word' id='word_1_219' title='bbox 694 3253 776 3319; x_wconf 81' lang='lat' dir='ltr'><strong>Apol-</strong></span> 
     </span>
     <span class='ocr_line' id='line_1_39' title="bbox 230 3323 775 3387; baseline 0.004 -16"><span class='ocrx_word' id='word_1_220' title='bbox 230 3323 309 3373; x_wconf 80' lang='lat' dir='ltr'><strong>lon&#39;o.</strong></span> <span class='ocrx_word' id='word_1_221' title='bbox 328 3339 355 3387; x_wconf 91' lang='lat' dir='ltr'><strong>p.</strong></span> <span class='ocrx_word' id='word_1_222' title='bbox 375 3323 419 3374; x_wconf 95' lang='grc'><strong>65.</strong></span> <span class='ocrx_word' id='word_1_223' title='bbox 442 3323 512 3374; x_wconf 78' lang='lat' dir='ltr'><strong>utut</strong></span> <span class='ocrx_word' id='word_1_224' title='bbox 536 3328 590 3386; x_wconf 75' lang='lat' dir='ltr'><strong>eet,</strong></span> <span class='ocrx_word' id='word_1_225' title='bbox 610 3324 775 3375; x_wconf 69' lang='lat' dir='ltr'><strong>Branuiuae</strong></span> 
     </span>
     <span class='ocr_line' id='line_1_40' title="bbox 230 3393 775 3460; baseline 0.002 -18"><span class='ocrx_word' id='word_1_226' title='bbox 230 3393 386 3443; x_wconf 75' lang='lat' dir='ltr'><strong>sacerdotes</strong></span> <span class='ocrx_word' id='word_1_227' title='bbox 409 3393 443 3444; x_wconf 84' lang='lat' dir='ltr'><strong>nb</strong></span> <span class='ocrx_word' id='word_1_228' title='bbox 465 3409 497 3445; x_wconf 93' lang='lat' dir='ltr'><strong>eo</strong></span> <span class='ocrx_word' id='word_1_229' title='bbox 520 3395 652 3460; x_wconf 85' lang='lat' dir='ltr'><strong>originem</strong></span> <span class='ocrx_word' id='word_1_230' title='bbox 671 3398 775 3460; x_wconf 74' lang='lat' dir='ltr'><strong>repele-</strong></span> 
     </span>
     <span class='ocr_line' id='line_1_41' title="bbox 230 3461 774 3529; baseline 0.002 -17"><span class='ocrx_word' id='word_1_231' title='bbox 230 3463 298 3512; x_wconf 75' lang='lat' dir='ltr'><strong>buut</strong></span> <span class='ocrx_word' id='word_1_232' title='bbox 315 3461 502 3529; x_wconf 79' lang='lat' dir='ltr'><strong>Apollinieque</strong></span> <span class='ocrx_word' id='word_1_233' title='bbox 521 3479 609 3528; x_wconf 76' lang='lat' dir='ltr'><strong>sucre,</strong></span> <span class='ocrx_word' id='word_1_234' title='bbox 627 3466 662 3516; x_wconf 83' lang='lat' dir='ltr'><strong>eb</strong></span> <span class='ocrx_word' id='word_1_235' title='bbox 680 3465 726 3514; x_wconf 93' lang='lat' dir='ltr'><strong>illo</strong></span> <span class='ocrx_word' id='word_1_236' title='bbox 743 3467 774 3514; x_wconf 82' lang='lat' dir='ltr'><strong>ut</strong></span> 
     </span>
     <span class='ocr_line' id='line_1_42' title="bbox 230 3533 774 3598; baseline -0.002 -14"><span class='ocrx_word' id='word_1_237' title='bbox 230 3533 305 3590; x_wconf 77' lang='lat' dir='ltr'><strong>lemn</strong></span> <span class='ocrx_word' id='word_1_238' title='bbox 327 3533 432 3584; x_wconf 78' lang='lat' dir='ltr'><strong>ferebut</strong></span> <span class='ocrx_word' id='word_1_239' title='bbox 454 3534 594 3597; x_wconf 71' lang='lat' dir='ltr'><strong>institute,</strong></span> <span class='ocrx_word' id='word_1_240' title='bbox 619 3534 705 3584; x_wconf 78' lang='lat' dir='ltr'><strong>multe</strong></span> <span class='ocrx_word' id='word_1_241' title='bbox 726 3549 774 3598; x_wconf 88' lang='lat' dir='ltr'><strong>per</strong></span> 
     </span>
     <span class='ocr_line' id='line_1_43' title="bbox 230 3603 773 3669; baseline -0.004 -13"><span class='ocrx_word' id='word_1_242' title='bbox 230 3603 342 3656; x_wconf 78' lang='lat' dir='ltr'><strong>euecnln</strong></span> <span class='ocrx_word' id='word_1_243' title='bbox 358 3604 496 3655; x_wconf 78' lang='lat' dir='ltr'><strong>tenebunt.</strong></span> <span class='ocrx_word' id='word_1_244' title='bbox 517 3607 688 3669; x_wconf 74' lang='lat' dir='ltr'><strong>Quemquam</strong></span> <span class='ocrx_word' id='word_1_245' title='bbox 703 3605 773 3654; x_wconf 87' lang='lat' dir='ltr'><strong>enim</strong></span> 
     </span>
     <span class='ocr_line' id='line_1_44' title="bbox 229 3676 773 3726; baseline -0.006 0"><span class='ocrx_word' id='word_1_246' title='bbox 229 3676 328 3726; x_wconf 73' lang='lat' dir='ltr'><strong>Xerxis</strong></span> <span class='ocrx_word' id='word_1_247' title='bbox 351 3679 442 3726; x_wconf 76' lang='lat' dir='ltr'><strong>aetate</strong></span> <span class='ocrx_word' id='word_1_248' title='bbox 464 3678 613 3725; x_wconf 79' lang='lat' dir='ltr'><strong>crematum</strong></span> <span class='ocrx_word' id='word_1_249' title='bbox 640 3679 683 3724; x_wconf 78' lang='lat' dir='ltr'><strong>est</strong></span> <span class='ocrx_word' id='word_1_250' title='bbox 706 3678 773 3724; x_wconf 75' lang='lat' dir='ltr'><strong>tem·</strong></span> 
     </span>
     <span class='ocr_line' id='line_1_45' title="bbox 229 3743 773 3810; baseline -0.004 -16"><span class='ocrx_word' id='word_1_251' title='bbox 229 3745 317 3810; x_wconf 85' lang='lat' dir='ltr'><strong>plum,</strong></span> <span class='ocrx_word' id='word_1_252' title='bbox 336 3748 399 3810; x_wconf 81' lang='lat' dir='ltr'><strong>port</strong></span> <span class='ocrx_word' id='word_1_253' title='bbox 422 3744 510 3794; x_wconf 88' lang='lat' dir='ltr'><strong>denuo</strong></span> <span class='ocrx_word' id='word_1_254' title='bbox 534 3743 702 3808; x_wconf 74' lang='lat' dir='ltr'><strong>splendidius</strong></span> <span class='ocrx_word' id='word_1_255' title='bbox 729 3759 773 3793; x_wconf 80' lang='lat' dir='ltr'><strong>ex-</strong></span> 
     </span>
     <span class='ocr_line' id='line_1_46' title="bbox 195 3813 773 3878; baseline -0.009 -11"><span class='ocrx_word' id='word_1_256' title='bbox 195 3835 199 3842; x_wconf 90' lang='lat'><strong>·</strong></span> <span class='ocrx_word' id='word_1_257' title='bbox 230 3821 363 3866; x_wconf 79' lang='lat' dir='ltr'><strong>utmclum</strong></span> <span class='ocrx_word' id='word_1_258' title='bbox 390 3818 432 3862; x_wconf 82' lang='lat' dir='ltr'><strong>eut</strong></span> <span class='ocrx_word' id='word_1_259' title='bbox 461 3813 584 3878; x_wconf 81' lang='lat' dir='ltr'><strong>ueylique</strong></span> <span class='ocrx_word' id='word_1_260' title='bbox 606 3814 665 3863; x_wconf 86' lang='lat' dir='ltr'><strong>iure</strong></span> <span class='ocrx_word' id='word_1_261' title='bbox 687 3827 773 3877; x_wconf 87' lang='lat' dir='ltr'><strong>nsque</strong></span> 
     </span>
     <span class='ocr_line' id='line_1_47' title="bbox 230 3883 773 3946; baseline -0.007 -10"><span class='ocrx_word' id='word_1_262' title='bbox 230 3885 265 3936; x_wconf 85' lang='lat' dir='ltr'><strong>ud</strong></span> <span class='ocrx_word' id='word_1_263' title='bbox 288 3887 471 3936; x_wconf 76' lang='lat' dir='ltr'><strong>Romanorum</strong></span> <span class='ocrx_word' id='word_1_264' title='bbox 493 3883 685 3946; x_wconf 74' lang='lat' dir='ltr'><strong>imperatorum</strong></span> <span class='ocrx_word' id='word_1_265' title='bbox 708 3888 773 3933; x_wconf 85' lang='lat' dir='ltr'><strong>tem-</strong></span> 
     </span>
     <span class='ocr_line' id='line_1_48' title="bbox 230 3951 773 4020; baseline -0.002 -16"><span class='ocrx_word' id='word_1_266' title='bbox 230 3970 299 4020; x_wconf 82' lang='lat' dir='ltr'><strong>pore</strong></span> <span class='ocrx_word' id='word_1_267' title='bbox 315 3954 423 4017; x_wconf 80' lang='lat' dir='ltr'><strong>insigne</strong></span> <span class='ocrx_word' id='word_1_268' title='bbox 441 3952 502 4002; x_wconf 78' lang='lat' dir='ltr'><strong>luit.</strong></span> <span class='ocrx_word' id='word_1_269' title='bbox 521 3951 583 4002; x_wconf 84' lang='lat' dir='ltr'><strong>vid.</strong></span> <span class='ocrx_word' id='word_1_270' title='bbox 609 3953 700 4002; x_wconf 72' lang='lat' dir='ltr'><strong>Tacit.</strong></span> <span class='ocrx_word' id='word_1_271' title='bbox 719 3954 773 4003; x_wconf 84' lang='lat' dir='ltr'><strong>An-</strong></span> 
     </span>
     <span class='ocr_line' id='line_1_49' title="bbox 229 4020 773 4080; baseline -0.002 -7"><span class='ocrx_word' id='word_1_272' title='bbox 229 4023 294 4074; x_wconf 84' lang='lat' dir='ltr'><strong>noll.</strong></span> <span class='ocrx_word' id='word_1_273' title='bbox 327 4021 381 4080; x_wconf 90' lang='lat' dir='ltr'>III,</span> <span class='ocrx_word' id='word_1_274' title='bbox 408 4020 452 4072; x_wconf 85' lang='grc'><strong>63.</strong></span> <span class='ocrx_word' id='word_1_275' title='bbox 479 4022 591 4071; x_wconf 82' lang='lat' dir='ltr'><strong>Sueten.</strong></span> <span class='ocrx_word' id='word_1_276' title='bbox 620 4022 713 4072; x_wconf 87' lang='lat' dir='ltr'><strong>Tiber.</strong></span> <span class='ocrx_word' id='word_1_277' title='bbox 739 4023 773 4074; x_wconf 80' lang='lat'><strong>37</strong></span> 
     </span>
     <span class='ocr_line' id='line_1_50' title="bbox 229 4091 774 4156; baseline 0 -14"><span class='ocrx_word' id='word_1_278' title='bbox 229 4093 296 4156; x_wconf 88' lang='lat' dir='ltr'><strong>ibiq.</strong></span> <span class='ocrx_word' id='word_1_279' title='bbox 314 4093 465 4142; x_wconf 79' lang='lat' dir='ltr'><strong>Excursum</strong></span> <span class='ocrx_word' id='word_1_280' title='bbox 489 4091 598 4142; x_wconf 79' lang='lat' dir='ltr'><strong>Emesi.</strong></span> <span class='ocrx_word' id='word_1_281' title='bbox 616 4091 774 4156; x_wconf 82' lang='lat' dir='ltr'><strong>Inscriptio-</strong></span> 
     </span>
     <span class='ocr_line' id='line_1_51' title="bbox 229 4160 774 4226; baseline -0.002 -16"><span class='ocrx_word' id='word_1_282' title='bbox 229 4177 278 4212; x_wconf 83' lang='lat' dir='ltr'><strong>ncs</strong></span> <span class='ocrx_word' id='word_1_283' title='bbox 292 4161 403 4212; x_wconf 82' lang='lat' dir='ltr'><strong>Gracco.</strong></span> <span class='ocrx_word' id='word_1_284' title='bbox 422 4161 450 4210; x_wconf 89' lang='lat' dir='ltr'><strong>in</strong></span> <span class='ocrx_word' id='word_1_285' title='bbox 468 4160 599 4211; x_wconf 84' lang='lat' dir='ltr'><strong>Boechhii</strong></span> <span class='ocrx_word' id='word_1_286' title='bbox 620 4161 701 4226; x_wconf 82' lang='lat' dir='ltr'><strong>Oorp.</strong></span> <span class='ocrx_word' id='word_1_287' title='bbox 729 4161 774 4210; x_wconf 91' lang='lat' dir='ltr'><strong>Iu·</strong></span> 
     </span>
     <span class='ocr_line' id='line_1_52' title="bbox 231 4227 772 4295; baseline -0.004 -15"><span class='ocrx_word' id='word_1_288' title='bbox 231 4245 284 4282; x_wconf 82' lang='lat' dir='ltr'><strong>scr.</strong></span> <span class='ocrx_word' id='word_1_289' title='bbox 303 4229 352 4280; x_wconf 75' lang='lat' dir='ltr'><strong>ur.¹</strong></span> <span class='ocrx_word' id='word_1_290' title='bbox 365 4227 433 4280; x_wconf 82' lang='lat'><strong>2852</strong></span> <span class='ocrx_word' id='word_1_291' title='bbox 450 4246 526 4295; x_wconf 79' lang='lat' dir='ltr'><strong>seqq.</strong></span> <span class='ocrx_word' id='word_1_292' title='bbox 551 4232 584 4281; x_wconf 87' lang='lat' dir='ltr'><strong>T.</strong></span> <span class='ocrx_word' id='word_1_293' title='bbox 609 4231 647 4283; x_wconf 93' lang='lat' dir='ltr'><strong>II.</strong></span> <span class='ocrx_word' id='word_1_294' title='bbox 669 4231 717 4280; x_wconf 89' lang='lat' dir='ltr'><strong>ubi</strong></span> <span class='ocrx_word' id='word_1_295' title='bbox 735 4230 772 4280; x_wconf 86' lang='lat' dir='ltr'><strong>cf.</strong></span> 
     </span>
     <span class='ocr_line' id='line_1_53' title="bbox 228 4298 773 4364; baseline -0.004 -14"><span class='ocrx_word' id='word_1_296' title='bbox 228 4298 349 4351; x_wconf 84' lang='lat' dir='ltr'><strong>Boeckh.</strong></span> <span class='ocrx_word' id='word_1_297' title='bbox 368 4314 395 4364; x_wconf 90' lang='lat' dir='ltr'><strong>p.</strong></span> <span class='ocrx_word' id='word_1_298' title='bbox 415 4301 475 4351; x_wconf 88' lang='grc'><strong>552.</strong></span> <span class='ocrx_word' id='word_1_299' title='bbox 493 4299 622 4352; x_wconf 75' lang='lat' dir='ltr'><strong>hercher.</strong></span> <span class='ocrx_word' id='word_1_300' title='bbox 637 4299 673 4349; x_wconf 79' lang='lat' dir='ltr'><strong>ud</strong></span> <span class='ocrx_word' id='word_1_301' title='bbox 688 4301 773 4350; x_wconf 87' lang='lat' dir='ltr'><strong>Hero·</strong></span> 
     </span>
     <span class='ocr_line' id='line_1_54' title="bbox 230 4367 773 4434; baseline -0.006 -14"><span class='ocrx_word' id='word_1_302' title='bbox 230 4367 773 4434; x_wconf 52' lang='lat' dir='ltr'><strong>muffimmwmwo</strong></span> 
     </span>
    </p>
   </div>
   <div class='ocr_carea' id='block_1_4' title="bbox 827 1159 1372 1643">
    <p class='ocr_par' dir='ltr' id='par_1_5' title="bbox 827 1159 1372 1643">
     <span class='ocr_line' id='line_1_55' title="bbox 831 1159 1372 1212; baseline -0.007 0"><span class='ocrx_word' id='word_1_303' title='bbox 831 1159 933 1212; x_wconf 77' lang='lat' dir='ltr'><strong>soloen</strong></span> <span class='ocrx_word' id='word_1_304' title='bbox 965 1161 1008 1209; x_wconf 85' lang='lat' dir='ltr'><strong>in:</strong></span> <span class='ocrx_word' id='word_1_305' title='bbox 1039 1159 1197 1210; x_wconf 74' lang='lat' dir='ltr'><strong>zeitschrift</strong></span> <span class='ocrx_word' id='word_1_306' title='bbox 1231 1159 1252 1212; x_wconf 85' lang='lat' dir='ltr'><strong>l&#39;.</strong></span> <span class='ocrx_word' id='word_1_307' title='bbox 1285 1160 1372 1211; x_wconf 84' lang='lat' dir='ltr'><strong>Alter-</strong></span> 
     </span>
     <span class='ocr_line' id='line_1_56' title="bbox 829 1229 1370 1294; baseline -0.006 -14"><span class='ocrx_word' id='word_1_308' title='bbox 829 1231 996 1280; x_wconf 81' lang='lat' dir='ltr'><strong>thumewiss.</strong></span> <span class='ocrx_word' id='word_1_309' title='bbox 1024 1229 1100 1280; x_wconf 91' lang='grc'><strong>1841.</strong></span> <span class='ocrx_word' id='word_1_310' title='bbox 1118 1245 1160 1281; x_wconf 89' lang='lat' dir='ltr'><strong>nr.</strong></span> <span class='ocrx_word' id='word_1_311' title='bbox 1186 1229 1299 1294; x_wconf 84' lang='grc'><strong>66-70,</strong></span> <span class='ocrx_word' id='word_1_312' title='bbox 1324 1231 1370 1294; x_wconf 91' lang='lat' dir='ltr'><strong>qui</strong></span> 
     </span>
     <span class='ocr_line' id='line_1_57' title="bbox 828 1298 1371 1365; baseline -0.004 -15"><span class='ocrx_word' id='word_1_313' title='bbox 828 1302 899 1351; x_wconf 90' lang='lat' dir='ltr'><strong>idem</strong></span> <span class='ocrx_word' id='word_1_314' title='bbox 918 1299 1004 1365; x_wconf 87' lang='lat' dir='ltr'><strong>(Rerr.</strong></span> <span class='ocrx_word' id='word_1_315' title='bbox 1023 1298 1240 1350; x_wconf 62' lang='lat' dir='ltr'><strong>hireneomm.</strong></span> <span class='ocrx_word' id='word_1_316' title='bbox 1253 1299 1275 1348; x_wconf 94' lang='lat'><strong>1.</strong></span> <span class='ocrx_word' id='word_1_317' title='bbox 1294 1315 1320 1363; x_wconf 91' lang='lat' dir='ltr'><strong>p.</strong></span> <span class='ocrx_word' id='word_1_318' title='bbox 1338 1298 1371 1348; x_wconf 87' lang='grc'><strong>32</strong></span> 
     </span>
     <span class='ocr_line' id='line_1_58' title="bbox 830 1368 1370 1435; baseline -0.009 -14"><span class='ocrx_word' id='word_1_319' title='bbox 830 1370 917 1435; x_wconf 83' lang='lat' dir='ltr'><strong>seqq.)</strong></span> <span class='ocrx_word' id='word_1_320' title='bbox 937 1369 971 1418; x_wconf 91' lang='lat' dir='ltr'><strong>de</strong></span> <span class='ocrx_word' id='word_1_321' title='bbox 987 1369 1048 1432; x_wconf 82' lang='lat' dir='ltr'><strong>ipso</strong></span> <span class='ocrx_word' id='word_1_322' title='bbox 1072 1368 1131 1418; x_wconf 87' lang='lat' dir='ltr'><strong>loco</strong></span> <span class='ocrx_word' id='word_1_323' title='bbox 1154 1369 1292 1433; x_wconf 74' lang='lat' dir='ltr'><strong>exposuit,</strong></span> <span class='ocrx_word' id='word_1_324' title='bbox 1316 1383 1370 1432; x_wconf 88' lang='lat' dir='ltr'><strong>quo</strong></span> 
     </span>
     <span class='ocr_line' id='line_1_59' title="bbox 829 1437 1371 1504; baseline -0.007 -14"><span class='ocrx_word' id='word_1_325' title='bbox 829 1439 957 1504; x_wconf 86' lang='lat' dir='ltr'><strong>templum</strong></span> <span class='ocrx_word' id='word_1_326' title='bbox 975 1441 1143 1488; x_wconf 76' lang='lat' dir='ltr'><strong>exstructum</strong></span> <span class='ocrx_word' id='word_1_327' title='bbox 1156 1438 1218 1501; x_wconf 81' lang='lat' dir='ltr'><strong>fuit,</strong></span> <span class='ocrx_word' id='word_1_328' title='bbox 1236 1437 1309 1488; x_wconf 81' lang='lat' dir='ltr'><strong>edito</strong></span> <span class='ocrx_word' id='word_1_329' title='bbox 1325 1437 1371 1486; x_wconf 90' lang='lat' dir='ltr'><strong>illo</strong></span> 
     </span>
     <span class='ocr_line' id='line_1_60' title="bbox 828 1507 1371 1573; baseline -0.004 -15"><span class='ocrx_word' id='word_1_330' title='bbox 828 1509 944 1573; x_wconf 89' lang='lat' dir='ltr'><strong>quidem,</strong></span> <span class='ocrx_word' id='word_1_331' title='bbox 974 1507 1046 1557; x_wconf 85' lang='lat' dir='ltr'><strong>unde</strong></span> <span class='ocrx_word' id='word_1_332' title='bbox 1073 1507 1128 1558; x_wconf 83' lang='lat' dir='ltr'><strong>late</strong></span> <span class='ocrx_word' id='word_1_333' title='bbox 1155 1512 1232 1573; x_wconf 81' lang='lat' dir='ltr'><strong>putet</strong></span> <span class='ocrx_word' id='word_1_334' title='bbox 1261 1522 1371 1572; x_wconf 77' lang='lat' dir='ltr'><strong>prospe-</strong></span> 
     </span>
     <span class='ocr_line' id='line_1_61' title="bbox 827 1576 1371 1643; baseline -0.006 -15"><span class='ocrx_word' id='word_1_335' title='bbox 827 1583 896 1641; x_wconf 79' lang='lat' dir='ltr'><strong>ctus,</strong></span> <span class='ocrx_word' id='word_1_336' title='bbox 914 1593 969 1627; x_wconf 91' lang='lat' dir='ltr'><strong>non</strong></span> <span class='ocrx_word' id='word_1_337' title='bbox 987 1576 1068 1642; x_wconf 85' lang='lat' dir='ltr'><strong>longe</strong></span> <span class='ocrx_word' id='word_1_338' title='bbox 1092 1593 1110 1627; x_wconf 83' lang='grc' dir='ltr'><strong>ιι</strong></span> <span class='ocrx_word' id='word_1_339' title='bbox 1131 1579 1199 1627; x_wconf 83' lang='lat' dir='ltr'><strong>mari</strong></span> <span class='ocrx_word' id='word_1_340' title='bbox 1224 1593 1309 1643; x_wconf 89' lang='lat' dir='ltr'><strong>prope</strong></span> <span class='ocrx_word' id='word_1_341' title='bbox 1332 1577 1371 1626; x_wconf 84' lang='lat' dir='ltr'><strong>vi·</strong></span> 
     </span>
    </p>
   </div>
   <div class='ocr_carea' id='block_1_5' title="bbox 827 1647 1453 1709">
    <p class='ocr_par' dir='ltr' id='par_1_6' title="bbox 827 1647 1453 1709">
     <span class='ocr_line' id='line_1_62' title="bbox 827 1647 1453 1709; baseline -0.003 -11"><span class='ocrx_word' id='word_1_342' title='bbox 827 1663 896 1709; x_wconf 88' lang='lat' dir='ltr'><strong>cum,</strong></span> <span class='ocrx_word' id='word_1_343' title='bbox 915 1647 959 1697; x_wconf 90' lang='lat' dir='ltr'><strong>cui</strong></span> <span class='ocrx_word' id='word_1_344' title='bbox 976 1661 1047 1696; x_wconf 92' lang='lat' dir='ltr'><strong>nunc</strong></span> <span class='ocrx_word' id='word_1_345' title='bbox 1065 1663 1161 1698; x_wconf 91' lang='lat' dir='ltr'><strong>nomen</strong></span> <span class='ocrx_word' id='word_1_346' title='bbox 1178 1649 1261 1698; x_wconf 77' lang='lat' dir='ltr'><strong>Jorurr</strong></span> <span class='ocrx_word' id='word_1_347' title='bbox 1279 1663 1301 1698; x_wconf 86' lang='grc' dir='ltr'><strong>ε.</strong></span> <span class='ocrx_word' id='word_1_348' title='bbox 1321 1649 1370 1698; x_wconf 84' lang='lat' dir='ltr'><strong>Ge·</strong></span> <span class='ocrx_word' id='word_1_349' title='bbox 1447 1659 1453 1668; x_wconf 94' lang='grc'><strong><em>·</em></strong></span> 
     </span>
    </p>
   </div>
   <div class='ocr_carea' id='block_1_6' title="bbox 824 1717 1371 4431">
    <p class='ocr_par' dir='ltr' id='par_1_7' title="bbox 824 1717 1371 2900">
     <span class='ocr_line' id='line_1_63' title="bbox 825 1717 1370 1781; baseline 0 -15"><span class='ocrx_word' id='word_1_350' title='bbox 825 1726 923 1780; x_wconf 77' lang='lat' dir='ltr'><strong>rentur,</strong></span> <span class='ocrx_word' id='word_1_351' title='bbox 942 1717 1042 1781; x_wconf 88' lang='lat' dir='ltr'><strong>quique</strong></span> <span class='ocrx_word' id='word_1_352' title='bbox 1060 1733 1077 1766; x_wconf 90' lang='grc' dir='ltr'><strong>ιι</strong></span> <span class='ocrx_word' id='word_1_353' title='bbox 1098 1717 1194 1768; x_wconf 78' lang='lat' dir='ltr'><strong>Mileto</strong></span> <span class='ocrx_word' id='word_1_354' title='bbox 1216 1718 1247 1780; x_wconf 89' lang='grc'><strong>(1.</strong></span> <span class='ocrx_word' id='word_1_355' title='bbox 1273 1733 1298 1769; x_wconf 86' lang='lat' dir='ltr'><strong>e.</strong></span> <span class='ocrx_word' id='word_1_356' title='bbox 1318 1719 1370 1766; x_wconf 84' lang='lat' dir='ltr'><strong>Pu·</strong></span> 
     </span>
     <span class='ocr_line' id='line_1_64' title="bbox 826 1785 1371 1858; baseline -0.002 -21"><span class='ocrx_word' id='word_1_357' title='bbox 826 1787 937 1844; x_wconf 70' lang='lat' dir='ltr'><strong>caesena,-</strong></span> <span class='ocrx_word' id='word_1_358' title='bbox 954 1785 1010 1836; x_wconf 82' lang='lat' dir='ltr'><strong>vid.</strong></span> <span class='ocrx_word' id='word_1_359' title='bbox 1029 1787 1064 1836; x_wconf 82' lang='lat' dir='ltr'><strong>ed</strong></span> <span class='ocrx_word' id='word_1_360' title='bbox 1083 1788 1105 1850; x_wconf 89' lang='lat'><strong>1,</strong></span> <span class='ocrx_word' id='word_1_361' title='bbox 1129 1787 1170 1855; x_wconf 86' lang='grc'><strong>11)</strong></span> <span class='ocrx_word' id='word_1_362' title='bbox 1189 1795 1307 1853; x_wconf 78' lang='lat' dir='ltr'><strong>quatuor</strong></span> <span class='ocrx_word' id='word_1_363' title='bbox 1325 1787 1371 1858; x_wconf 85' lang='lat' dir='ltr'><strong>ho-</strong></span> 
     </span>
     <span class='ocr_line' id='line_1_65' title="bbox 825 1857 1370 1909; baseline 0 -3"><span class='ocrx_word' id='word_1_364' title='bbox 825 1873 915 1907; x_wconf 82' lang='lat' dir='ltr'><strong>rurum</strong></span> <span class='ocrx_word' id='word_1_365' title='bbox 934 1857 1030 1907; x_wconf 85' lang='lat' dir='ltr'><strong>itinere</strong></span> <span class='ocrx_word' id='word_1_366' title='bbox 1050 1857 1145 1908; x_wconf 77' lang='lat' dir='ltr'><strong>dietat.</strong></span> <span class='ocrx_word' id='word_1_367' title='bbox 1176 1859 1244 1909; x_wconf 80' lang='lat' dir='ltr'><strong>Tres</strong></span> <span class='ocrx_word' id='word_1_368' title='bbox 1264 1864 1370 1908; x_wconf 79' lang='lat' dir='ltr'><strong>tuntum</strong></span> 
     </span>
     <span class='ocr_line' id='line_1_66' title="bbox 825 1927 1370 1994; baseline -0.002 -16"><span class='ocrx_word' id='word_1_369' title='bbox 825 1927 966 1978; x_wconf 83' lang='lat' dir='ltr'><strong>columneo</strong></span> <span class='ocrx_word' id='word_1_370' title='bbox 1000 1927 1093 1994; x_wconf 89' lang='lat' dir='ltr'><strong>templi</strong></span> <span class='ocrx_word' id='word_1_371' title='bbox 1132 1927 1221 1979; x_wconf 82' lang='lat' dir='ltr'><strong>edhuo</strong></span> <span class='ocrx_word' id='word_1_372' title='bbox 1264 1933 1370 1980; x_wconf 69' lang='lat' dir='ltr'><strong>erectae</strong></span> 
     </span>
     <span class='ocr_line' id='line_1_67' title="bbox 826 1997 1370 2063; baseline 0.002 -16"><span class='ocrx_word' id='word_1_373' title='bbox 826 2001 914 2048; x_wconf 75' lang='lat' dir='ltr'><strong>elcut:</strong></span> <span class='ocrx_word' id='word_1_374' title='bbox 932 1997 1038 2063; x_wconf 82' lang='lat' dir='ltr'><strong>relique.</strong></span> <span class='ocrx_word' id='word_1_375' title='bbox 1057 1999 1147 2049; x_wconf 84' lang='lat' dir='ltr'><strong>omniu</strong></span> <span class='ocrx_word' id='word_1_376' title='bbox 1161 1998 1252 2050; x_wconf 79' lang='lat' dir='ltr'><strong>diruta</strong></span> <span class='ocrx_word' id='word_1_377' title='bbox 1270 2005 1298 2050; x_wconf 81' lang='lat' dir='ltr'><strong>et</strong></span> <span class='ocrx_word' id='word_1_378' title='bbox 1317 1999 1370 2048; x_wconf 80' lang='lat' dir='ltr'><strong>die·</strong></span> 
     </span>
     <span class='ocr_line' id='line_1_68' title="bbox 826 2069 1370 2134; baseline 0 -17"><span class='ocrx_word' id='word_1_379' title='bbox 826 2069 897 2118; x_wconf 69' lang='lat' dir='ltr'><strong>iecra</strong></span> <span class='ocrx_word' id='word_1_380' title='bbox 927 2069 1065 2134; x_wconf 82' lang='lat' dir='ltr'><strong>ingentem</strong></span> <span class='ocrx_word' id='word_1_381' title='bbox 1094 2069 1151 2119; x_wconf 79' lang='lat' dir='ltr'><strong>iere</strong></span> <span class='ocrx_word' id='word_1_382' title='bbox 1179 2069 1370 2134; x_wconf 81' lang='lat' dir='ltr'><strong>horridumque</strong></span> 
     </span>
     <span class='ocr_line' id='line_1_69' title="bbox 826 2137 1369 2206; baseline 0.002 -19"><span class='ocrx_word' id='word_1_383' title='bbox 826 2137 948 2202; x_wconf 82' lang='lat' dir='ltr'><strong>lepidum</strong></span> <span class='ocrx_word' id='word_1_384' title='bbox 966 2138 1062 2189; x_wconf 88' lang='lat' dir='ltr'><strong>molem</strong></span> <span class='ocrx_word' id='word_1_385' title='bbox 1085 2139 1215 2206; x_wconf 76' lang='lat' dir='ltr'><strong>praehere</strong></span> <span class='ocrx_word' id='word_1_386' title='bbox 1233 2139 1369 2190; x_wconf 75' lang='lat' dir='ltr'><strong>dicuntur.</strong></span> 
     </span>
     <span class='ocr_line' id='line_1_70' title="bbox 826 2207 1370 2260; baseline -0.002 -2"><span class='ocrx_word' id='word_1_387' title='bbox 826 2208 889 2258; x_wconf 87' lang='lat' dir='ltr'><strong>Vid.</strong></span> <span class='ocrx_word' id='word_1_388' title='bbox 909 2207 1052 2259; x_wconf 83' lang='lat' dir='ltr'><strong>Ohendler.</strong></span> <span class='ocrx_word' id='word_1_389' title='bbox 1071 2209 1152 2260; x_wconf 79' lang='lat' dir='ltr'><strong>Reice</strong></span> <span class='ocrx_word' id='word_1_390' title='bbox 1171 2209 1199 2258; x_wconf 95' lang='lat' dir='ltr'><strong>in</strong></span> <span class='ocrx_word' id='word_1_391' title='bbox 1214 2209 1370 2259; x_wconf 77' lang='lat' dir='ltr'><strong>KleinueIeu</strong></span> 
     </span>
     <span class='ocr_line' id='line_1_71' title="bbox 827 2278 1369 2342; baseline -0.002 -14"><span class='ocrx_word' id='word_1_392' title='bbox 827 2294 887 2342; x_wconf 74' lang='lat' dir='ltr'><strong>cep-</strong></span> <span class='ocrx_word' id='word_1_393' title='bbox 906 2278 949 2329; x_wconf 91' lang='grc'><strong>43.</strong></span> <span class='ocrx_word' id='word_1_394' title='bbox 975 2294 1001 2342; x_wconf 92' lang='lat' dir='ltr'><strong>p.</strong></span> <span class='ocrx_word' id='word_1_395' title='bbox 1025 2279 1085 2330; x_wconf 90' lang='grc'><strong>213.</strong></span> <span class='ocrx_word' id='word_1_396' title='bbox 1110 2279 1192 2329; x_wconf 78' lang='lat' dir='ltr'><strong>Rure:</strong></span> <span class='ocrx_word' id='word_1_397' title='bbox 1211 2279 1369 2328; x_wconf 81' lang='lat' dir='ltr'><strong>Kleiueeicn</strong></span> 
     </span>
     <span class='ocr_line' id='line_1_72' title="bbox 826 2347 1367 2413; baseline -0.004 -15"><span class='ocrx_word' id='word_1_398' title='bbox 826 2363 854 2399; x_wconf 92' lang='grc' dir='ltr'><em>ιι.</em></span> <span class='ocrx_word' id='word_1_399' title='bbox 884 2347 1073 2397; x_wconf 82' lang='lat' dir='ltr'><strong>Deulschlend</strong></span> <span class='ocrx_word' id='word_1_400' title='bbox 1095 2364 1122 2412; x_wconf 94' lang='lat' dir='ltr'><strong>p.</strong></span> <span class='ocrx_word' id='word_1_401' title='bbox 1144 2349 1193 2398; x_wconf 87' lang='grc'><strong>132</strong></span> <span class='ocrx_word' id='word_1_402' title='bbox 1211 2364 1286 2413; x_wconf 81' lang='lat' dir='ltr'><strong>seqq.</strong></span> <span class='ocrx_word' id='word_1_403' title='bbox 1308 2349 1367 2398; x_wconf 87' lang='grc'><strong>150.</strong></span> 
     </span>
     <span class='ocr_line' id='line_1_73' title="bbox 826 2416 1367 2482; baseline -0.007 -14"><span class='ocrx_word' id='word_1_404' title='bbox 826 2418 924 2468; x_wconf 84' lang='lat' dir='ltr'><strong>Texier</strong></span> <span class='ocrx_word' id='word_1_405' title='bbox 942 2417 1079 2482; x_wconf 80' lang='lat' dir='ltr'><strong>Descript.</strong></span> <span class='ocrx_word' id='word_1_406' title='bbox 1098 2417 1131 2467; x_wconf 89' lang='lat' dir='ltr'><strong>de</strong></span> <span class='ocrx_word' id='word_1_407' title='bbox 1149 2417 1233 2467; x_wconf 82' lang='lat' dir='ltr'><strong>l¹Aeie</strong></span> <span class='ocrx_word' id='word_1_408' title='bbox 1249 2417 1314 2465; x_wconf 88' lang='lat' dir='ltr'><strong>min.</strong></span> <span class='ocrx_word' id='word_1_409' title='bbox 1330 2416 1367 2464; x_wconf 91' lang='lat' dir='ltr'><strong>II.</strong></span> 
     </span>
     <span class='ocr_line' id='line_1_74' title="bbox 827 2486 1367 2554; baseline -0.011 -15"><span class='ocrx_word' id='word_1_410' title='bbox 827 2505 853 2554; x_wconf 92' lang='lat' dir='ltr'><strong>p.</strong></span> <span class='ocrx_word' id='word_1_411' title='bbox 863 2487 915 2539; x_wconf 86' lang='grc'><strong>310</strong></span> <span class='ocrx_word' id='word_1_412' title='bbox 929 2503 1016 2552; x_wconf 88' lang='lat' dir='ltr'><strong>eeqq,</strong></span> <span class='ocrx_word' id='word_1_413' title='bbox 1035 2487 1082 2550; x_wconf 91' lang='lat' dir='ltr'><strong>qui</strong></span> <span class='ocrx_word' id='word_1_414' title='bbox 1101 2486 1172 2535; x_wconf 89' lang='lat' dir='ltr'><strong>idem</strong></span> <span class='ocrx_word' id='word_1_415' title='bbox 1190 2491 1367 2550; x_wconf 82' lang='lat' dir='ltr'><strong>conspectum</strong></span> 
     </span>
     <span class='ocr_line' id='line_1_75' title="bbox 825 2554 1368 2620; baseline -0.011 -12"><span class='ocrx_word' id='word_1_416' title='bbox 825 2559 964 2608; x_wconf 81' lang='lat' dir='ltr'><strong>ruinarum</strong></span> <span class='ocrx_word' id='word_1_417' title='bbox 981 2562 1063 2620; x_wconf 79' lang='lat' dir='ltr'><strong>utque</strong></span> <span class='ocrx_word' id='word_1_418' title='bbox 1081 2554 1287 2605; x_wconf 79' lang='lat' dir='ltr'><strong>delineationem</strong></span> <span class='ocrx_word' id='word_1_419' title='bbox 1302 2560 1368 2604; x_wconf 83' lang='lat' dir='ltr'><strong>tem-</strong></span> 
     </span>
     <span class='ocr_line' id='line_1_76' title="bbox 825 2624 1368 2693; baseline -0.006 -16"><span class='ocrx_word' id='word_1_420' title='bbox 825 2628 861 2693; x_wconf 92' lang='lat' dir='ltr'><strong>pli</strong></span> <span class='ocrx_word' id='word_1_421' title='bbox 884 2627 994 2678; x_wconf 76' lang='lat' dir='ltr'><strong>vetusti·</strong></span> <span class='ocrx_word' id='word_1_422' title='bbox 1010 2624 1131 2674; x_wconf 89' lang='lat' dir='ltr'><strong>exhibuit</strong></span> <span class='ocrx_word' id='word_1_423' title='bbox 1150 2625 1186 2689; x_wconf 92' lang='lat' dir='ltr'><strong>pl.</strong></span> <span class='ocrx_word' id='word_1_424' title='bbox 1209 2624 1368 2675; x_wconf 83' lang='grc'><strong>136-144.</strong></span> 
     </span>
     <span class='ocr_line' id='line_1_77' title="bbox 824 2693 1369 2760; baseline -0.009 -13"><span class='ocrx_word' id='word_1_425' title='bbox 824 2697 926 2748; x_wconf 81' lang='lat' dir='ltr'><strong>Eodem</strong></span> <span class='ocrx_word' id='word_1_426' title='bbox 945 2710 1051 2760; x_wconf 91' lang='lat' dir='ltr'><strong>quoque</strong></span> <span class='ocrx_word' id='word_1_427' title='bbox 1075 2693 1236 2744; x_wconf 79' lang='lat' dir='ltr'><strong>exhibentur</strong></span> <span class='ocrx_word' id='word_1_428' title='bbox 1258 2693 1300 2744; x_wconf 84' lang='lat' dir='ltr'><strong>in:</strong></span> <span class='ocrx_word' id='word_1_429' title='bbox 1325 2694 1369 2743; x_wconf 91' lang='lat' dir='ltr'><strong>Io-</strong></span> 
     </span>
     <span class='ocr_line' id='line_1_78' title="bbox 824 2764 1367 2829; baseline -0.007 -13"><span class='ocrx_word' id='word_1_430' title='bbox 824 2765 916 2816; x_wconf 81' lang='lat' dir='ltr'><strong>nische</strong></span> <span class='ocrx_word' id='word_1_431' title='bbox 936 2765 1120 2815; x_wconf 77' lang='lat' dir='ltr'><strong>Allerthiimer</strong></span> <span class='ocrx_word' id='word_1_432' title='bbox 1143 2769 1196 2815; x_wconf 78' lang='lat' dir='ltr'><strong>elo.</strong></span> <span class='ocrx_word' id='word_1_433' title='bbox 1228 2779 1288 2829; x_wconf 78' lang='lat' dir='ltr'><strong>cup.</strong></span> <span class='ocrx_word' id='word_1_434' title='bbox 1312 2764 1367 2813; x_wconf 94' lang='lat' dir='ltr'><strong>III.</strong></span> 
     </span>
     <span class='ocr_line' id='line_1_79' title="bbox 825 2836 1018 2900; baseline -0.01 -14"><span class='ocrx_word' id='word_1_435' title='bbox 825 2836 1018 2900; x_wconf 74' lang='lat' dir='ltr'><strong>tab.1.soqq.</strong></span> 
     </span>
    </p>

    <p class='ocr_par' dir='ltr' id='par_1_8' title="bbox 825 2891 1369 3108">
     <span class='ocr_line' id='line_1_80' title="bbox 859 2891 1369 2970; baseline -0.008 -17"><span class='ocrx_word' id='word_1_436' title='bbox 859 2896 967 2970; x_wconf 77' lang='grc' dir='ltr'><strong><em>Λιβύης</em></strong></span> <span class='ocrx_word' id='word_1_437' title='bbox 991 2897 1023 2952; x_wconf 76' lang='lat' dir='ltr'><strong>dl</strong></span> <span class='ocrx_word' id='word_1_438' title='bbox 1046 2894 1125 2966; x_wconf 75' lang='grc' dir='ltr'><em>παρὰ</em></span> <span class='ocrx_word' id='word_1_439' title='bbox 1147 2892 1277 2966; x_wconf 81' lang='grc' dir='ltr'><em>Ἀμμανα</em></span> <span class='ocrx_word' id='word_1_440' title='bbox 1300 2891 1369 2950; x_wconf 69' lang='lat' dir='ltr'><strong>clnd—</strong></span> 
     </span>
     <span class='ocr_line' id='line_1_81' title="bbox 825 2970 1367 3038; baseline -0.009 -13"><span class='ocrx_word' id='word_1_441' title='bbox 825 2970 922 3038; x_wconf 80' lang='grc' dir='ltr'><strong>οτειλε]</strong></span> <span class='ocrx_word' id='word_1_442' title='bbox 941 2974 983 3023; x_wconf 88' lang='lat' dir='ltr'><strong>De</strong></span> <span class='ocrx_word' id='word_1_443' title='bbox 999 2973 1125 3023; x_wconf 83' lang='grc' dir='ltr'><em>Αοιαιοιιίε</em></span> <span class='ocrx_word' id='word_1_444' title='bbox 1142 2972 1367 3030; x_wconf 68' lang='lat' dir='ltr'><strong>oracuovid.11‚</strong></span> 
     </span>
     <span class='ocr_line' id='line_1_82' title="bbox 825 3043 1145 3108; baseline -0.006 -11"><span class='ocrx_word' id='word_1_445' title='bbox 825 3045 869 3097; x_wconf 89' lang='grc'><strong>32.</strong></span> <span class='ocrx_word' id='word_1_446' title='bbox 888 3045 932 3094; x_wconf 82' lang='grc'><strong>55.</strong></span> <span class='ocrx_word' id='word_1_447' title='bbox 950 3044 999 3105; x_wconf 84' lang='lat' dir='ltr'><strong>1v,</strong></span> <span class='ocrx_word' id='word_1_448' title='bbox 1020 3043 1067 3094; x_wconf 83' lang='lat'><strong>181</strong></span> <span class='ocrx_word' id='word_1_449' title='bbox 1087 3057 1145 3108; x_wconf 82' lang='lat' dir='ltr'><strong>seq.</strong></span> 
     </span>
    </p>

    <p class='ocr_par' dir='ltr' id='par_1_9' title="bbox 824 3098 1371 4139">
     <span class='ocr_line' id='line_1_83' title="bbox 859 3098 1369 3178; baseline -0.004 -16"><span class='ocrx_word' id='word_1_450' title='bbox 859 3102 1049 3178; x_wconf 74' lang='grc' dir='ltr'><em>πειρεαὶμενος</em></span> <span class='ocrx_word' id='word_1_451' title='bbox 1064 3110 1121 3164; x_wconf 72' lang='grc' dir='ltr'><strong>τῶν</strong></span> <span class='ocrx_word' id='word_1_452' title='bbox 1137 3106 1292 3178; x_wconf 75' lang='grc' dir='ltr'><strong>μαντηίων,</strong></span> <span class='ocrx_word' id='word_1_453' title='bbox 1308 3098 1325 3160; x_wconf 81' lang='grc' dir='ltr'>ὅ</span> <span class='ocrx_word' id='word_1_454' title='bbox 1343 3126 1369 3161; x_wconf 87' lang='grc' dir='ltr'><em>τι</em></span> 
     </span>
     <span class='ocr_line' id='line_1_84' title="bbox 825 3182 1371 3250; baseline -0.002 -18"><span class='ocrx_word' id='word_1_455' title='bbox 825 3182 987 3250; x_wconf 82' lang='grc' dir='ltr'><em>φρονέοιεν]</em></span> <span class='ocrx_word' id='word_1_456' title='bbox 1002 3183 1022 3235; x_wconf 91' lang='grc'><strong>1.</strong></span> <span class='ocrx_word' id='word_1_457' title='bbox 1036 3198 1060 3234; x_wconf 88' lang='lat' dir='ltr'><strong>e.</strong></span> <span class='ocrx_word' id='word_1_458' title='bbox 1074 3191 1175 3234; x_wconf 70' lang='lat' dir='ltr'><strong>teutone</strong></span> <span class='ocrx_word' id='word_1_459' title='bbox 1184 3183 1297 3244; x_wconf 81' lang='lat' dir='ltr'><strong>oracula,</strong></span> <span class='ocrx_word' id='word_1_460' title='bbox 1311 3182 1371 3246; x_wconf 83' lang='lat' dir='ltr'><strong>quid</strong></span> 
     </span>
     <span class='ocr_line' id='line_1_85' title="bbox 825 3248 1369 3319; baseline -0.007 -15"><span class='ocrx_word' id='word_1_461' title='bbox 825 3261 959 3317; x_wconf 77' lang='lat' dir='ltr'><strong>cuperent,¹</strong></span> <span class='ocrx_word' id='word_1_462' title='bbox 983 3254 1103 3319; x_wconf 72' lang='lat' dir='ltr'><strong>itemque</strong></span> <span class='ocrx_word' id='word_1_463' title='bbox 1121 3268 1196 3303; x_wconf 87' lang='lat' dir='ltr'><strong>mox:</strong></span> <span class='ocrx_word' id='word_1_464' title='bbox 1219 3248 1246 3302; x_wconf 82' lang='grc' dir='ltr'><strong>εί</strong></span> <span class='ocrx_word' id='word_1_465' title='bbox 1266 3249 1369 3316; x_wconf 79' lang='grc' dir='ltr'><em>φρονί-</em></span> 
     </span>
     <span class='ocr_line' id='line_1_86' title="bbox 826 3312 1371 3388; baseline -0.004 -16"><span class='ocrx_word' id='word_1_466' title='bbox 826 3337 895 3372; x_wconf 81' lang='grc' dir='ltr'><em>οντα</em></span> <span class='ocrx_word' id='word_1_467' title='bbox 920 3315 973 3388; x_wconf 77' lang='grc' dir='ltr'><strong>τὴν</strong></span> <span class='ocrx_word' id='word_1_468' title='bbox 1002 3314 1145 3388; x_wconf 74' lang='grc' dir='ltr'><strong>ἀληθείην</strong></span> <span class='ocrx_word' id='word_1_469' title='bbox 1174 3312 1324 3387; x_wconf 75' lang='grc' dir='ltr'><strong><em>εὑρεθείηι</em></strong></span> <span class='ocrx_word' id='word_1_470' title='bbox 1347 3322 1371 3371; x_wconf 83' lang='lat' dir='ltr'><strong>oi</strong></span> 
     </span>
     <span class='ocr_line' id='line_1_87' title="bbox 825 3397 1369 3445; baseline -0.011 -1"><span class='ocrx_word' id='word_1_471' title='bbox 825 3397 926 3445; x_wconf 80' lang='lat' dir='ltr'><strong>iuuenta</strong></span> <span class='ocrx_word' id='word_1_472' title='bbox 947 3401 1030 3444; x_wconf 77' lang='lat' dir='ltr'><strong>errent</strong></span> <span class='ocrx_word' id='word_1_473' title='bbox 1051 3409 1134 3444; x_wconf 77' lang='grc' dir='ltr'><em>οειιαιι</em></span> <span class='ocrx_word' id='word_1_474' title='bbox 1156 3408 1230 3444; x_wconf 82' lang='lat' dir='ltr'><strong>uoroe</strong></span> <span class='ocrx_word' id='word_1_475' title='bbox 1255 3407 1278 3442; x_wconf 84' lang='grc' dir='ltr'><strong>ε.</strong></span> <span class='ocrx_word' id='word_1_476' title='bbox 1300 3399 1369 3441; x_wconf 80' lang='lat' dir='ltr'><strong>rcere</strong></span> 
     </span>
     <span class='ocr_line' id='line_1_88' title="bbox 824 3455 1367 3528; baseline -0.011 -14"><span class='ocrx_word' id='word_1_477' title='bbox 824 3479 926 3527; x_wconf 81' lang='lat' dir='ltr'><strong>rupere.</strong></span> <span class='ocrx_word' id='word_1_478' title='bbox 958 3465 1012 3514; x_wconf 93' lang='lat' dir='ltr'><strong>Pro</strong></span> <span class='ocrx_word' id='word_1_479' title='bbox 1034 3455 1231 3528; x_wconf 76' lang='grc' dir='ltr'><strong>πειρεοίμενος</strong></span> <span class='ocrx_word' id='word_1_480' title='bbox 1253 3463 1367 3510; x_wconf 80' lang='lat' dir='ltr'><strong>recenti.</strong></span> 
     </span>
     <span class='ocr_line' id='line_1_89' title="bbox 825 3525 1366 3598; baseline -0.013 -14"><span class='ocrx_word' id='word_1_481' title='bbox 825 3533 886 3584; x_wconf 87' lang='lat' dir='ltr'><strong>edd.</strong></span> <span class='ocrx_word' id='word_1_482' title='bbox 911 3525 1118 3598; x_wconf 76' lang='grc' dir='ltr'><strong>πειρεόμενος;</strong></span> <span class='ocrx_word' id='word_1_483' title='bbox 1145 3531 1201 3584; x_wconf 85' lang='lat' dir='ltr'><strong>vid.</strong></span> <span class='ocrx_word' id='word_1_484' title='bbox 1225 3529 1260 3580; x_wconf 83' lang='lat' dir='ltr'><strong>ed</strong></span> <span class='ocrx_word' id='word_1_485' title='bbox 1278 3530 1301 3590; x_wconf 90' lang='grc'><strong>1,</strong></span> <span class='ocrx_word' id='word_1_486' title='bbox 1323 3527 1366 3578; x_wconf 87' lang='grc'><strong>36.</strong></span> 
     </span>
     <span class='ocr_line' id='line_1_90' title="bbox 826 3594 1367 3666; baseline -0.015 -13"><span class='ocrx_word' id='word_1_487' title='bbox 826 3608 853 3654; x_wconf 76' lang='lat' dir='ltr'><strong>et</strong></span> <span class='ocrx_word' id='word_1_488' title='bbox 872 3603 906 3653; x_wconf 86' lang='lat' dir='ltr'><strong>de</strong></span> <span class='ocrx_word' id='word_1_489' title='bbox 923 3604 1010 3654; x_wconf 79' lang='lat' dir='ltr'><strong>forme</strong></span> <span class='ocrx_word' id='word_1_490' title='bbox 1026 3594 1176 3666; x_wconf 80' lang='grc' dir='ltr'><strong><em>ἀληθείην,</em></strong></span> <span class='ocrx_word' id='word_1_491' title='bbox 1194 3615 1273 3665; x_wconf 79' lang='lat' dir='ltr'><strong>quam</strong></span> <span class='ocrx_word' id='word_1_492' title='bbox 1291 3611 1367 3660; x_wconf 88' lang='lat' dir='ltr'><strong>repo-</strong></span> 
     </span>
     <span class='ocr_line' id='line_1_91' title="bbox 825 3663 1366 3744; baseline -0.017 -22"><span class='ocrx_word' id='word_1_493' title='bbox 825 3674 867 3722; x_wconf 81' lang='lat' dir='ltr'><strong>sui</strong></span> <span class='ocrx_word' id='word_1_494' title='bbox 885 3689 934 3737; x_wconf 87' lang='lat' dir='ltr'><strong>pro</strong></span> <span class='ocrx_word' id='word_1_495' title='bbox 951 3663 1108 3737; x_wconf 74' lang='grc' dir='ltr'><strong><em>ἇληθηΐην,</em></strong></span> <span class='ocrx_word' id='word_1_496' title='bbox 1128 3675 1198 3720; x_wconf 80' lang='lat' dir='ltr'><strong>nott.</strong></span> <span class='ocrx_word' id='word_1_497' title='bbox 1218 3668 1252 3717; x_wconf 81' lang='lat' dir='ltr'><strong>ed</strong></span> <span class='ocrx_word' id='word_1_498' title='bbox 1273 3667 1295 3728; x_wconf 94' lang='lat' dir='ltr'><strong>I,</strong></span> <span class='ocrx_word' id='word_1_499' title='bbox 1308 3663 1366 3744; x_wconf 55' lang='lat' dir='ltr'><strong>,3²l.</strong></span> 
     </span>
     <span class='ocr_line' id='line_1_92' title="bbox 824 3732 1366 3797; baseline -0.024 -4"><span class='ocrx_word' id='word_1_500' title='bbox 824 3743 943 3793; x_wconf 82' lang='lat' dir='ltr'><strong>Dindori</strong></span> <span class='ocrx_word' id='word_1_501' title='bbox 965 3748 992 3792; x_wconf 80' lang='lat' dir='ltr'><strong>et</strong></span> <span class='ocrx_word' id='word_1_502' title='bbox 1009 3741 1123 3792; x_wconf 82' lang='lat' dir='ltr'><strong>Dieisch</strong></span> <span class='ocrx_word' id='word_1_503' title='bbox 1147 3739 1279 3788; x_wconf 78' lang='lat' dir='ltr'><strong>dederunt</strong></span> <span class='ocrx_word' id='word_1_504' title='bbox 1298 3732 1366 3797; x_wconf 89' lang='grc' dir='ltr'><strong><em>αλη-</em></strong></span> 
     </span>
     <span class='ocr_line' id='line_1_93' title="bbox 824 3800 1365 3870; baseline -0.017 -8"><span class='ocrx_word' id='word_1_505' title='bbox 824 3811 918 3862; x_wconf 75' lang='grc' dir='ltr'><em>θειαν.</em></span> <span class='ocrx_word' id='word_1_506' title='bbox 938 3843 973 3852; x_wconf 88' lang='grc'><strong>-</strong></span> <span class='ocrx_word' id='word_1_507' title='bbox 989 3812 1054 3861; x_wconf 82' lang='lat' dir='ltr'><strong>Mox</strong></span> <span class='ocrx_word' id='word_1_508' title='bbox 1070 3800 1187 3870; x_wconf 69' lang='lat' dir='ltr'><strong>dederont</strong></span> <span class='ocrx_word' id='word_1_509' title='bbox 1205 3803 1303 3870; x_wconf 77' lang='lat' dir='ltr'><strong>plurali</strong></span> <span class='ocrx_word' id='word_1_510' title='bbox 1318 3817 1365 3853; x_wconf 89' lang='lat' dir='ltr'><strong>nu·</strong></span> 
     </span>
     <span class='ocr_line' id='line_1_94' title="bbox 824 3872 1364 3941; baseline -0.017 -8"><span class='ocrx_word' id='word_1_511' title='bbox 824 3897 898 3933; x_wconf 89' lang='lat' dir='ltr'><strong>mere</strong></span> <span class='ocrx_word' id='word_1_512' title='bbox 925 3883 1005 3932; x_wconf 79' lang='lat' dir='ltr'><strong>etiem</strong></span> <span class='ocrx_word' id='word_1_513' title='bbox 1028 3880 1051 3941; x_wconf 91' lang='lat'><strong>1,</strong></span> <span class='ocrx_word' id='word_1_514' title='bbox 1075 3875 1118 3928; x_wconf 87' lang='grc'><strong>59.</strong></span> <span class='ocrx_word' id='word_1_515' title='bbox 1144 3877 1188 3926; x_wconf 86' lang='grc'><strong>91.</strong></span> <span class='ocrx_word' id='word_1_516' title='bbox 1215 3875 1275 3925; x_wconf 92' lang='grc'><strong>112.</strong></span> <span class='ocrx_word' id='word_1_517' title='bbox 1306 3872 1364 3924; x_wconf 88' lang='grc'><strong>126.</strong></span> 
     </span>
     <span class='ocr_line' id='line_1_95' title="bbox 826 3943 1366 4011; baseline -0.022 -8"><span class='ocrx_word' id='word_1_518' title='bbox 826 3952 885 4003; x_wconf 87' lang='grc'><strong>134.</strong></span> <span class='ocrx_word' id='word_1_519' title='bbox 906 3952 965 4004; x_wconf 81' lang='grc'><strong>179.</strong></span> <span class='ocrx_word' id='word_1_520' title='bbox 984 3949 1043 4008; x_wconf 88' lang='grc'><strong>204,</strong></span> <span class='ocrx_word' id='word_1_521' title='bbox 1061 3963 1095 3996; x_wconf 89' lang='lat' dir='ltr'><strong>ne</strong></span> <span class='ocrx_word' id='word_1_522' title='bbox 1109 3945 1200 4011; x_wconf 67' lang='lat' dir='ltr'><strong>plum</strong></span> <span class='ocrx_word' id='word_1_523' title='bbox 1216 3943 1287 3993; x_wconf 91' lang='lat' dir='ltr'><strong>uude</strong></span> <span class='ocrx_word' id='word_1_524' title='bbox 1300 3957 1366 4007; x_wconf 90' lang='lat' dir='ltr'><strong>quo-</strong></span> 
     </span>
     <span class='ocr_line' id='line_1_96' title="bbox 825 4011 1365 4086; baseline -0.017 -16"><span class='ocrx_word' id='word_1_525' title='bbox 825 4036 877 4086; x_wconf 88' lang='lat' dir='ltr'><strong>que</strong></span> <span class='ocrx_word' id='word_1_526' title='bbox 893 4019 965 4084; x_wconf 80' lang='lat' dir='ltr'><strong>apud</strong></span> <span class='ocrx_word' id='word_1_527' title='bbox 982 4018 1101 4069; x_wconf 68' lang='lat' dir='ltr'><strong>Peneon.</strong></span> <span class='ocrx_word' id='word_1_528' title='bbox 1126 4015 1149 4077; x_wconf 88' lang='lat'><strong>1,</strong></span> <span class='ocrx_word' id='word_1_529' title='bbox 1170 4016 1194 4066; x_wconf 82' lang='lat'><strong>7.</strong></span> <span class='ocrx_word' id='word_1_530' title='bbox 1218 4017 1244 4077; x_wconf 63' lang='grc' dir='ltr'><strong>ἃ.</strong></span> <span class='ocrx_word' id='word_1_531' title='bbox 1269 4014 1293 4076; x_wconf 92' lang='grc'><strong>1,</strong></span> <span class='ocrx_word' id='word_1_532' title='bbox 1318 4011 1365 4062; x_wconf 85' lang='grc' dir='ltr'><em>ιι1ιί</em></span> 
     </span>
     <span class='ocr_line' id='line_1_97' title="bbox 825 4086 1039 4139; baseline -0.019 0"><span class='ocrx_word' id='word_1_533' title='bbox 825 4089 898 4139; x_wconf 85' lang='lat' dir='ltr'><strong>conf.</strong></span> <span class='ocrx_word' id='word_1_534' title='bbox 917 4086 1039 4138; x_wconf 76' lang='lat' dir='ltr'><strong>Siebeliu.</strong></span> 
     </span>
    </p>

    <p class='ocr_par' dir='ltr' id='par_1_10' title="bbox 824 4143 1366 4431">
     <span class='ocr_line' id='line_1_98' title="bbox 859 4143 1365 4220; baseline -0.014 -14"><span class='ocrx_word' id='word_1_535' title='bbox 859 4153 886 4206; x_wconf 81' lang='grc' dir='ltr'><strong>εί</strong></span> <span class='ocrx_word' id='word_1_536' title='bbox 908 4146 1059 4220; x_wconf 77' lang='grc' dir='ltr'><em>ἐπιχειρέοι</em></span> <span class='ocrx_word' id='word_1_537' title='bbox 1084 4143 1130 4204; x_wconf 76' lang='grc' dir='ltr'><strong>ἐπὶ</strong></span> <span class='ocrx_word' id='word_1_538' title='bbox 1152 4151 1265 4216; x_wconf 76' lang='grc' dir='ltr'><em>Πέρσας</em></span> <span class='ocrx_word' id='word_1_539' title='bbox 1284 4164 1365 4214; x_wconf 84' lang='grc' dir='ltr'><em>στρα-</em></span> 
     </span>
     <span class='ocr_line' id='line_1_99' title="bbox 824 4218 1363 4290; baseline -0.002 -15"><span class='ocrx_word' id='word_1_540' title='bbox 824 4218 1133 4290; x_wconf 75' lang='grc' dir='ltr'><em>ιεύεοθοιι]11ὀιλειιιιο</em></span> <span class='ocrx_word' id='word_1_541' title='bbox 1146 4221 1184 4287; x_wconf 89' lang='lat' dir='ltr'><strong>(iu</strong></span> <span class='ocrx_word' id='word_1_542' title='bbox 1196 4223 1269 4272; x_wconf 72' lang='lat' dir='ltr'><strong>Actu.</strong></span> <span class='ocrx_word' id='word_1_543' title='bbox 1288 4219 1363 4286; x_wconf 89' lang='lat' dir='ltr'><strong>phill.</strong></span> 
     </span>
     <span class='ocr_line' id='line_1_100' title="bbox 824 4289 1366 4358; baseline -0.013 -11"><span class='ocrx_word' id='word_1_544' title='bbox 824 4297 947 4346; x_wconf 81' lang='lat' dir='ltr'><strong>Mouecc.</strong></span> <span class='ocrx_word' id='word_1_545' title='bbox 965 4294 990 4346; x_wconf 89' lang='lat'><strong>1.</strong></span> <span class='ocrx_word' id='word_1_546' title='bbox 1009 4309 1036 4358; x_wconf 93' lang='lat' dir='ltr'><strong>p.</strong></span> <span class='ocrx_word' id='word_1_547' title='bbox 1055 4293 1116 4356; x_wconf 88' lang='grc'><strong>230,</strong></span> <span class='ocrx_word' id='word_1_548' title='bbox 1128 4293 1175 4342; x_wconf 90' lang='lat' dir='ltr'><strong>ubi</strong></span> <span class='ocrx_word' id='word_1_549' title='bbox 1192 4296 1316 4352; x_wconf 66' lang='lat' dir='ltr'><strong>nostru·</strong></span> <span class='ocrx_word' id='word_1_550' title='bbox 1327 4289 1366 4341; x_wconf 91' lang='grc' dir='ltr'><strong>1ο-</strong></span> 
     </span>
     <span class='ocr_line' id='line_1_101' title="bbox 824 4358 1366 4431; baseline -0.013 -14"><span class='ocrx_word' id='word_1_551' title='bbox 824 4379 893 4430; x_wconf 83' lang='grc' dir='ltr'><em>οιιιιι,</em></span> <span class='ocrx_word' id='word_1_552' title='bbox 913 4363 1046 4431; x_wconf 80' lang='lat' dir='ltr'><strong>prebente</strong></span> <span class='ocrx_word' id='word_1_553' title='bbox 1068 4358 1230 4428; x_wconf 81' lang='lat' dir='ltr'><strong>Schweigh,</strong></span> <span class='ocrx_word' id='word_1_554' title='bbox 1251 4359 1291 4411; x_wconf 81' lang='lat' dir='ltr'><strong>ric</strong></span> <span class='ocrx_word' id='word_1_555' title='bbox 1308 4375 1366 4410; x_wconf 82' lang='lat' dir='ltr'><strong>ver-</strong></span> 
     </span>
    </p>
   </div>
   <div class='ocr_carea' id='block_1_7' title="bbox 0 0 1536 4940">
    <p class='ocr_par' dir='ltr' id='par_1_11' title="bbox 0 0 1536 4940">
     <span class='ocr_line' id='line_1_102' title="bbox 0 0 1536 4940; baseline 0 2"><span class='ocrx_word' id='word_1_556' title='bbox 0 0 1536 4940; x_wconf 95' lang='lat' dir='ltr'><strong> </strong></span> 
     </span>
    </p>
   </div>
  </div>
 </body>
</html>
