3020 4930
482 269 547 327 AD
570 265 825 328 HERODOT.
849 269 881 342 I,
904 275 948 330 35.
1220 268 1282 331 835

149 441 281 495 Phoenia.
298 443 320 494 l.
337 459 364 511 p.
381 446 441 500 224.
460 444 522 506 398,
540 457 619 510 quern
634 440 762 512 sequitur
777 440 830 493 Th.
845 439 961 493 Manciae
978 439 1106 508 Lydiacc.
1122 447 1200 510 p.17.
1233 441 1281 494 At-

149 545 203 597 que
227 528 336 597 copiose
360 527 426 578 haec
447 530 547 577 tractat
566 525 665 578 Rivola
688 525 716 577 in
733 525 834 578 Comm.
856 524 890 577 de
906 524 1011 577 Baccho
1034 532 1061 577 et
1077 525 1175 578 Penth.
1198 525 1282 578 P.11.

149 629 177 682 p.
195 618 211 672 6
227 630 305 683 seqq.
336 612 430 674 Quare
441 610 553 664 multum
574 611 668 679 abest,
692 615 723 662 nt
739 610 807 664 hano
821 609 957 662 Herodoti
974 611 1156 663 narrationem
1173 612 1207 662 ab
1222 610 1282 679 apri

150 695 296 764 Calydonii
316 696 408 749 sabulo
423 697 565 748 deductam
583 701 631 748 eut
649 695 684 748 ad
698 695 780 748 huius
797 695 1001 748 similitudinem
1021 697 1162 749 confictam
1183 696 1281 748 habeu-

148 799 223 848 mus,
248 782 470 852 quemadmodum
489 781 620 850 opinatur
631 782 733 834 Grote:
749 780 867 848 History
882 783 914 833 os
923 782 1028 832 Greeoe
1045 781 1095 833 111.
1114 800 1141 851 p.
1156 788 1224 848 201,
1251 787 1282 833 ut

149 867 318 920 Graecorum
330 867 449 920 subulam
460 867 494 919 de
509 884 576 936 apro
584 865 737 933 Calydonio
750 865 977 934 etErymanthico
994 866 1027 918 ad
1044 866 1214 921 orientalium
1233 868 1280 919 ho-

148 951 248 1005 minum
265 953 439 1006 narrationes
460 953 493 1004 de
509 949 580 1019 Atye
603 969 627 1003 s.
642 951 767 1003 Adonide
788 951 969 1004 revocandam
989 952 1107 1020 indeque
1128 951 1281 1005 diiudican-

147 1036 207 1088 dam
228 1057 291 1090 esse
309 1055 478 1091 censeamus.
509 1035 592 1088 Conf.
610 1035 709 1089 Rivola
730 1036 749 1088 Ι.
765 1035 784 1088 l.
806 1055 834 1106 p.
852 1043 893 1095 12.
929 1040 1074 1090 Adrastum
1095 1054 1177 1104 vero,
1202 1054 1280 1108 quem

148 1123 268 1176 fatorum
289 1141 320 1176 ac
341 1123 449 1176 divinae
466 1121 602 1176 vindictae
617 1121 769 1174 ministrum
790 1121 834 1173 hic
849 1122 1044 1189 cognovimus,
1069 1139 1146 1174 nemo
1169 1139 1223 1174 non
1239 1123 1279 1175 vi-

149 1205 196 1258 det
215 1207 354 1276 pertinere
379 1209 413 1260 ad
435 1208 510 1261 deam
531 1207 654 1262 Nemesin
669 1210 827 1261 Adrasteom
849 1225 873 1258 s.
889 1209 976 1259 fatum
998 1205 1171 1259 inevitabile:
1201 1223 1279 1276 quam

149 1291 226 1344 deam
248 1311 297 1362 per
319 1293 433 1346 orientis
453 1310 563 1364 quoque
584 1299 678 1362 partes
700 1292 820 1345 diversis
837 1291 993 1344 nominibus
1009 1291 1108 1343 cultam
1129 1309 1192 1342 esse
1210 1287 1280 1344 coin·

147 1377 311 1430 monstravit
332 1377 398 1431 Chr.
420 1377 498 1430 Walz
518 1377 546 1430 in
567 1377 643 1429 Dias.
666 1377 699 1429 de
717 1375 829 1429 Nemesi
853 1377 1020 1429 Graecorum
1041 1375 1280 1448 (Tubing.1852)

147 1479 174 1530 p.
191 1467 225 1521 12
240 1481 319 1532 seqq.
339 1463 401 1515 ooli.
417 1462 536 1515 Preller:
558 1462 670 1514 Grieoh.
687 1461 841 1530 Mythoiog.
859 1460 883 1513 Ι.
907 1479 934 1530 p.
950 1467 1003 1522 333
1014 1479 1074 1530 seq.
1109 1461 1207 1530 Itaque
1225 1478 1279 1514 ma-

146 1545 190 1598 lim
205 1565 265 1600 cum
277 1547 355 1600 Stoll.
372 1546 729 1619 (UrsprtingiicheBedeut.
745 1546 772 1598 d.
789 1545 859 1598 Ares
874 1563 902 1615 p.
912 1551 947 1606 29
958 1547 1033 1616 seq.)
1048 1543 1203 1614 Adrastum,
1220 1546 1279 1598 sire

147 1631 226 1684 deum
243 1633 303 1684 sive
319 1633 436 1700 heroem,
455 1634 628 1686 inevitabilem
645 1632 736 1684 dicere
750 1634 872 1698 ultorem,
888 1631 950 1700 ipsa
965 1650 1032 1684 voce
1048 1622 1278 1705 (ἆ-διδράσκειν)

148 1715 198 1768 hoc
221 1717 394 1784 declarante,
417 1735 497 1788 quam
521 1735 580 1769 oum
601 1717 746 1769 Welokero
768 1717 810 1788 (in
826 1715 985 1768 Schwenck.
1002 1715 1278 1784 Etymologisch—my-

148 1799 250 1868 thoiog.
275 1802 472 1870 Andeutungg.
496 1822 523 1872 p.
538 1803 604 1870 302)
625 1803 695 1854 hanc
717 1819 810 1855 vocem
833 1819 849 1853 a
872 1801 1029 1854 maturitate
1049 1805 1130 1871 atque
1152 1801 1277 1854 ubertate

147 1885 256 1952 frugum
280 1879 398 1958 (nidoris,
420 1881 578 1960 ἀδροσύνῃ)
604 1893 728 1958 repetere
750 1887 893 1958 ipsumque
914 1885 1059 1940 Adrastum
1085 1887 1203 1939 indeed
1227 1904 1276 1940 nu·

146 1967 219 2023 mina
234 1971 363 2026 chthonia
377 1974 492 2028 referre.
