<?xml version="1.0" encoding="UTF-8"?>
<!DOCTYPE html PUBLIC "-//W3C//DTD XHTML 1.0 Transitional//EN"
    "http://www.w3.org/TR/xhtml1/DTD/xhtml1-transitional.dtd">
<html xmlns="http://www.w3.org/1999/xhtml" xml:lang="en" lang="en">
 <head>
  <title>
</title>
<meta http-equiv="Content-Type" content="text/html;charset=utf-8" />
  <meta name='ocr-system' content='tesseract 3.04.00' />
  <meta name='ocr-capabilities' content='ocr_page ocr_carea ocr_par ocr_line ocrx_word'/>
</head>
<body>
  <div class='ocr_page' id='page_1' title='image "./herodotihalicar00bhgoog_0613.png"; bbox 0 0 3058 4928; ppageno 0'>
   <div class='ocr_carea' id='block_1_1' title="bbox 248 271 949 338">
    <p class='ocr_par' dir='ltr' id='par_1_1' title="bbox 248 271 949 338">
     <span class='ocr_line' id='line_1_1' title="bbox 248 271 949 338; baseline 0.004 -5"><span class='ocrx_word' id='word_1_1' title='bbox 248 271 312 334; x_wconf 82' lang='grc'><strong>686</strong></span> <span class='ocrx_word' id='word_1_2' title='bbox 682 275 949 338; x_wconf 81' lang='grc' dir='ltr'>ΗΕΒΟΒΟΤΙ</span> 
     </span>
    </p>
   </div>
   <div class='ocr_carea' id='block_1_2' title="bbox 142 441 1387 960">
    <p class='ocr_par' dir='ltr' id='par_1_2' title="bbox 142 441 1387 640">
     <span class='ocr_line' id='line_1_2' title="bbox 142 441 1387 543; baseline 0.006 -27"><span class='ocrx_word' id='word_1_3' title='bbox 142 499 145 506; x_wconf 79' lang='lat'>·</span> <span class='ocrx_word' id='word_1_4' title='bbox 246 475 283 517; x_wconf 84' lang='grc' dir='ltr'><strong><em>τε</em></strong></span> <span class='ocrx_word' id='word_1_5' title='bbox 302 453 420 518; x_wconf 78' lang='grc' dir='ltr'><strong><em>λίθινα</em></strong></span> <span class='ocrx_word' id='word_1_6' title='bbox 436 444 519 534; x_wconf 80' lang='grc' dir='ltr'><strong><em>χυτὰ</em></strong></span> <span class='ocrx_word' id='word_1_7' title='bbox 535 449 591 518; x_wconf 82' lang='grc' dir='ltr'><strong>καὶ</strong></span> <span class='ocrx_word' id='word_1_8' title='bbox 608 447 734 537; x_wconf 83' lang='grc' dir='ltr'><strong><em>χρύσεα</em></strong></span> <span class='ocrx_word' id='word_1_9' title='bbox 755 451 788 530; x_wconf 76' lang='grc' dir='ltr'><strong>ἐς</strong></span> <span class='ocrx_word' id='word_1_10' title='bbox 805 447 846 520; x_wconf 80' lang='grc' dir='ltr'><strong><em>τό</em></strong></span> <span class='ocrx_word' id='word_1_11' title='bbox 865 441 931 520; x_wconf 83' lang='grc' dir='ltr'><strong><em>ότα</em></strong></span> <span class='ocrx_word' id='word_1_12' title='bbox 951 453 1123 538; x_wconf 78' lang='grc' dir='ltr'><strong><em>ἐνθέντες,</em></strong></span> <span class='ocrx_word' id='word_1_13' title='bbox 1142 452 1198 522; x_wconf 83' lang='grc' dir='ltr'><strong>τα1</strong></span> <span class='ocrx_word' id='word_1_14' title='bbox 1217 448 1387 543; x_wconf 74' lang='grc' dir='ltr'><strong><em>ἀμφιδέας</em></strong></span> 
     </span>
     <span class='ocr_line' id='line_1_3' title="bbox 246 547 1385 640; baseline 0.007 -20"><span class='ocrx_word' id='word_1_15' title='bbox 246 553 323 638; x_wconf 81' lang='grc' dir='ltr'><strong><em>περὶ</em></strong></span> <span class='ocrx_word' id='word_1_16' title='bbox 346 547 424 632; x_wconf 80' lang='grc' dir='ltr'><strong>τούς</strong></span> <span class='ocrx_word' id='word_1_17' title='bbox 446 558 634 639; x_wconf 81' lang='grc' dir='ltr'><em>προσθίους</em></span> <span class='ocrx_word' id='word_1_18' title='bbox 652 551 773 640; x_wconf 79' lang='grc' dir='ltr'><strong><em>πόδας,</em></strong></span> <span class='ocrx_word' id='word_1_19' title='bbox 795 556 850 624; x_wconf 80' lang='grc' dir='ltr'><strong>καὶ</strong></span> <span class='ocrx_word' id='word_1_20' title='bbox 867 561 956 626; x_wconf 86' lang='grc' dir='ltr'><strong><em>σιτία</em></strong></span> <span class='ocrx_word' id='word_1_21' title='bbox 972 551 1141 626; x_wconf 83' lang='grc' dir='ltr'><strong><em>όπότακτα</em></strong></span> <span class='ocrx_word' id='word_1_22' title='bbox 1160 555 1311 638; x_wconf 75' lang='grc' dir='ltr'><strong><em>διδόντες</em></strong></span> <span class='ocrx_word' id='word_1_23' title='bbox 1326 560 1385 628; x_wconf 79' lang='grc' dir='ltr'><strong>καί</strong></span> 
     </span>
    </p>

    <p class='ocr_par' dir='ltr' id='par_1_3' title="bbox 170 649 1385 960">
     <span class='ocr_line' id='line_1_4' title="bbox 170 649 1385 756; baseline 0.007 -32"><span class='ocrx_word' id='word_1_24' title='bbox 170 749 173 756; x_wconf 91' lang='lat'>.</span> <span class='ocrx_word' id='word_1_25' title='bbox 247 654 356 745; x_wconf 70' lang='grc' dir='ltr'><strong><em>ἱρήια,</em></strong></span> <span class='ocrx_word' id='word_1_26' title='bbox 388 655 444 724; x_wconf 80' lang='grc' dir='ltr'><strong>καὶ</strong></span> <span class='ocrx_word' id='word_1_27' title='bbox 473 649 756 746; x_wconf 78' lang='grc' dir='ltr'><strong><em>περιίποντεςός</em></strong></span> <span class='ocrx_word' id='word_1_28' title='bbox 781 657 940 728; x_wconf 77' lang='grc' dir='ltr'><strong><em>κάλλιστα</em></strong></span> <span class='ocrx_word' id='word_1_29' title='bbox 965 657 1123 744; x_wconf 73' lang='grc' dir='ltr'><strong><em>ζώοντας,</em></strong></span> <span class='ocrx_word' id='word_1_30' title='bbox 1146 656 1385 744; x_wconf 80' lang='grc' dir='ltr'><strong><em>όιιοθανόιπας</em></strong></span> 
     </span>
     <span class='ocr_line' id='line_1_5' title="bbox 247 758 1381 852; baseline 0.007 -24"><span class='ocrx_word' id='word_1_31' title='bbox 247 759 284 829; x_wconf 74' lang='lat' dir='ltr'><strong>dl</strong></span> <span class='ocrx_word' id='word_1_32' title='bbox 309 758 542 850; x_wconf 79' lang='grc' dir='ltr'><strong><em>ταριχεύοντες</em></strong></span> <span class='ocrx_word' id='word_1_33' title='bbox 560 759 729 832; x_wconf 80' lang='grc' dir='ltr'><strong><em>θάπτουσι</em></strong></span> <span class='ocrx_word' id='word_1_34' title='bbox 749 763 788 832; x_wconf 80' lang='grc' dir='ltr'><strong><em>ἐν</em></strong></span> <span class='ocrx_word' id='word_1_35' title='bbox 807 767 896 852; x_wconf 77' lang='grc' dir='ltr'><strong><em>ίρῇσι</em></strong></span> <span class='ocrx_word' id='word_1_36' title='bbox 915 761 1051 852; x_wconf 79' lang='grc' dir='ltr'><strong><em>θήκῃσι.</em></strong></span> <span class='ocrx_word' id='word_1_37' title='bbox 1092 768 1128 834; x_wconf 83' lang='grc' dir='ltr'><strong>οἱ</strong></span> <span class='ocrx_word' id='word_1_38' title='bbox 1143 765 1180 835; x_wconf 73' lang='lat' dir='ltr'><strong>dd</strong></span> <span class='ocrx_word' id='word_1_39' title='bbox 1196 767 1273 852; x_wconf 86' lang='grc' dir='ltr'><strong><em>περὶ</em></strong></span> <span class='ocrx_word' id='word_1_40' title='bbox 1290 763 1381 836; x_wconf 82' lang='lat' dir='ltr'><strong>’Ele-</strong></span> 
     </span>
     <span class='ocr_line' id='line_1_6' title="bbox 246 861 1381 960; baseline 0.005 -26"><span class='ocrx_word' id='word_1_41' title='bbox 246 871 415 954; x_wconf 83' lang='grc' dir='ltr'><strong><em>φαντίνην</em></strong></span> <span class='ocrx_word' id='word_1_42' title='bbox 435 861 535 934; x_wconf 80' lang='grc' dir='ltr'><strong><em>πόλιν</em></strong></span> <span class='ocrx_word' id='word_1_43' title='bbox 552 867 716 946; x_wconf 77' lang='grc' dir='ltr'><strong><em>οἰκέοντες</em></strong></span> <span class='ocrx_word' id='word_1_44' title='bbox 736 868 793 936; x_wconf 79' lang='grc' dir='ltr'><strong>καὶ</strong></span> <span class='ocrx_word' id='word_1_45' title='bbox 816 869 970 937; x_wconf 79' lang='grc' dir='ltr'><strong><em>ἐσθίουσι</em></strong></span> <span class='ocrx_word' id='word_1_46' title='bbox 991 864 1132 954; x_wconf 80' lang='grc' dir='ltr'><strong><em>αὐτοὺς,</em></strong></span> <span class='ocrx_word' id='word_1_47' title='bbox 1156 864 1219 939; x_wconf 85' lang='grc' dir='ltr'><strong><em>οόιι</em></strong></span> <span class='ocrx_word' id='word_1_48' title='bbox 1240 865 1381 960; x_wconf 76' lang='grc' dir='ltr'><strong><em>ἡγεόμε-</em></strong></span> 
     </span>
    </p>
   </div>
   <div class='ocr_carea' id='block_1_3' title="bbox 241 1066 1382 2046">
    <p class='ocr_par' dir='ltr' id='par_1_4' title="bbox 241 1066 1382 2046">
     <span class='ocr_line' id='line_1_7' title="bbox 244 1066 1382 1138; baseline 0.004 -18"><span class='ocrx_word' id='word_1_49' title='bbox 244 1086 270 1135; x_wconf 95' lang='lat' dir='ltr'>p.</span> <span class='ocrx_word' id='word_1_50' title='bbox 290 1070 324 1122; x_wconf 78' lang='lat'><strong>43</strong></span> <span class='ocrx_word' id='word_1_51' title='bbox 343 1084 419 1135; x_wconf 85' lang='lat' dir='ltr'><strong>seqq.</strong></span> <span class='ocrx_word' id='word_1_52' title='bbox 455 1066 525 1121; x_wconf 82' lang='lat' dir='ltr'><strong>Add.</strong></span> <span class='ocrx_word' id='word_1_53' title='bbox 544 1067 721 1122; x_wconf 83' lang='lat' dir='ltr'><strong>Tiedemann.</strong></span> <span class='ocrx_word' id='word_1_54' title='bbox 735 1067 785 1122; x_wconf 93' lang='grc'>1.1.</span> <span class='ocrx_word' id='word_1_55' title='bbox 837 1071 946 1137; x_wconf 83' lang='lat' dir='ltr'>opinor,</span> <span class='ocrx_word' id='word_1_56' title='bbox 964 1075 1077 1122; x_wconf 84' lang='lat' dir='ltr'><strong>ornatus</strong></span> <span class='ocrx_word' id='word_1_57' title='bbox 1095 1086 1181 1122; x_wconf 86' lang='lat' dir='ltr'><strong>causa</strong></span> <span class='ocrx_word' id='word_1_58' title='bbox 1199 1072 1314 1138; x_wconf 88' lang='lat' dir='ltr'><strong>pedibus</strong></span> <span class='ocrx_word' id='word_1_59' title='bbox 1332 1073 1382 1124; x_wconf 85' lang='lat' dir='ltr'><strong>ad-</strong></span> 
     </span>
     <span class='ocr_line' id='line_1_8' title="bbox 244 1138 1382 1206; baseline 0.004 -16"><span class='ocrx_word' id='word_1_60' title='bbox 244 1156 308 1205; x_wconf 85' lang='lat' dir='ltr'><strong>pag.</strong></span> <span class='ocrx_word' id='word_1_61' title='bbox 332 1141 366 1190; x_wconf 88' lang='grc'><strong>72</strong></span> <span class='ocrx_word' id='word_1_62' title='bbox 391 1144 418 1190; x_wconf 90' lang='lat' dir='ltr'><strong>et</strong></span> <span class='ocrx_word' id='word_1_63' title='bbox 441 1138 569 1189; x_wconf 88' lang='lat' dir='ltr'><strong>Minutoli</strong></span> <span class='ocrx_word' id='word_1_64' title='bbox 590 1139 610 1190; x_wconf 97' lang='lat' dir='ltr'><strong>l.</strong></span> <span class='ocrx_word' id='word_1_65' title='bbox 634 1140 653 1192; x_wconf 94' lang='lat' dir='ltr'><strong>l.</strong></span> <span class='ocrx_word' id='word_1_66' title='bbox 678 1157 704 1205; x_wconf 90' lang='lat' dir='ltr'><strong>p.</strong></span> <span class='ocrx_word' id='word_1_67' title='bbox 726 1139 786 1203; x_wconf 83' lang='grc'>164,</span> <span class='ocrx_word' id='word_1_68' title='bbox 837 1146 939 1204; x_wconf 86' lang='lat' dir='ltr'><strong>motas,</strong></span> <span class='ocrx_word' id='word_1_69' title='bbox 964 1146 1093 1206; x_wconf 81' lang='lat' dir='ltr'><strong>tanquam</strong></span> <span class='ocrx_word' id='word_1_70' title='bbox 1119 1147 1241 1192; x_wconf 80' lang='lat' dir='ltr'><strong>catenes.</strong></span> <span class='ocrx_word' id='word_1_71' title='bbox 1286 1143 1382 1194; x_wconf 85' lang='lat' dir='ltr'><strong>Gram-</strong></span> 
     </span>
     <span class='ocr_line' id='line_1_9' title="bbox 243 1201 1382 1277; baseline 0.003 -16"><span class='ocrx_word' id='word_1_72' title='bbox 243 1211 290 1261; x_wconf 88' lang='lat' dir='ltr'><strong>ubi</strong></span> <span class='ocrx_word' id='word_1_73' title='bbox 311 1214 440 1261; x_wconf 70' lang='lat' dir='ltr'><strong>narratur</strong></span> <span class='ocrx_word' id='word_1_74' title='bbox 461 1209 495 1259; x_wconf 90' lang='lat' dir='ltr'><strong>de</strong></span> <span class='ocrx_word' id='word_1_75' title='bbox 513 1209 651 1262; x_wconf 82' lang='lat' dir='ltr'><strong>crocodilo</strong></span> <span class='ocrx_word' id='word_1_76' title='bbox 672 1215 728 1260; x_wconf 90' lang='lat' dir='ltr'><strong>tam</strong></span> <span class='ocrx_word' id='word_1_77' title='bbox 751 1210 787 1260; x_wconf 88' lang='lat' dir='ltr'><strong>ei·</strong></span> <span class='ocrx_word' id='word_1_78' title='bbox 836 1212 930 1262; x_wconf 87' lang='lat' dir='ltr'><strong>matici</strong></span> <span class='ocrx_word' id='word_1_79' title='bbox 944 1212 1039 1264; x_wconf 86' lang='lat' dir='ltr'><strong>Graeci</strong></span> <span class='ocrx_word' id='word_1_80' title='bbox 1059 1216 1196 1277; x_wconf 84' lang='lat' dir='ltr'><strong>exponunt</strong></span> <span class='ocrx_word' id='word_1_81' title='bbox 1209 1201 1323 1269; x_wconf 79' lang='grc' dir='ltr'><strong><em>όιλόσεις</em></strong></span> <span class='ocrx_word' id='word_1_82' title='bbox 1340 1219 1382 1264; x_wconf 76' lang='lat' dir='ltr'><strong>at-</strong></span> 
     </span>
     <span class='ocr_line' id='line_1_10' title="bbox 244 1277 1380 1346; baseline 0.003 -15"><span class='ocrx_word' id='word_1_83' title='bbox 244 1296 320 1338; x_wconf 80' lang='lat' dir='ltr'><strong>cure,</strong></span> <span class='ocrx_word' id='word_1_84' title='bbox 348 1286 379 1330; x_wconf 89' lang='lat' dir='ltr'><strong>ut</strong></span> <span class='ocrx_word' id='word_1_85' title='bbox 400 1285 513 1342; x_wconf 69' lang='lat' dir='ltr'><strong>tangere</strong></span> <span class='ocrx_word' id='word_1_86' title='bbox 537 1279 612 1330; x_wconf 86' lang='lat' dir='ltr'><strong>illum</strong></span> <span class='ocrx_word' id='word_1_87' title='bbox 636 1295 787 1345; x_wconf 87' lang='lat' dir='ltr'><strong>manusque</strong></span> <span class='ocrx_word' id='word_1_88' title='bbox 836 1297 889 1346; x_wconf 87' lang='lat' dir='ltr'><strong>que</strong></span> <span class='ocrx_word' id='word_1_89' title='bbox 904 1282 986 1332; x_wconf 86' lang='lat' dir='ltr'><strong>etiam</strong></span> <span class='ocrx_word' id='word_1_90' title='bbox 998 1277 1111 1344; x_wconf 74' lang='grc' dir='ltr'><strong><em>ψέλλιαε</em></strong></span> <span class='ocrx_word' id='word_1_91' title='bbox 1133 1281 1380 1346; x_wconf 77' lang='lat' dir='ltr'><strong>Zoner.1.p.151‚</strong></span> 
     </span>
     <span class='ocr_line' id='line_1_11' title="bbox 243 1349 1380 1416; baseline 0.003 -15"><span class='ocrx_word' id='word_1_92' title='bbox 243 1351 364 1402; x_wconf 84' lang='lat' dir='ltr'><strong>eiusdem</strong></span> <span class='ocrx_word' id='word_1_93' title='bbox 381 1349 505 1400; x_wconf 76' lang='lat' dir='ltr'><strong>faucibus</strong></span> <span class='ocrx_word' id='word_1_94' title='bbox 522 1349 581 1400; x_wconf 88' lang='lat' dir='ltr'><strong>sine</strong></span> <span class='ocrx_word' id='word_1_95' title='bbox 599 1349 654 1400; x_wconf 87' lang='lat' dir='ltr'><strong>ullo</strong></span> <span class='ocrx_word' id='word_1_96' title='bbox 667 1349 786 1415; x_wconf 82' lang='lat' dir='ltr'><strong>periculo</strong></span> <span class='ocrx_word' id='word_1_97' title='bbox 836 1351 956 1415; x_wconf 83' lang='lat' dir='ltr'><strong>Hesych.</strong></span> <span class='ocrx_word' id='word_1_98' title='bbox 976 1351 998 1402; x_wconf 94' lang='lat' dir='ltr'><strong>l.</strong></span> <span class='ocrx_word' id='word_1_99' title='bbox 1012 1367 1038 1416; x_wconf 90' lang='lat' dir='ltr'><strong>p.</strong></span> <span class='ocrx_word' id='word_1_100' title='bbox 1051 1353 1111 1415; x_wconf 83' lang='grc'>297,</span> <span class='ocrx_word' id='word_1_101' title='bbox 1131 1354 1244 1412; x_wconf 73' lang='grc' dir='ltr'><strong><em>Οιοςοι.</em></strong></span> <span class='ocrx_word' id='word_1_102' title='bbox 1255 1351 1380 1404; x_wconf 85' lang='lat' dir='ltr'><strong>Corinth.</strong></span> 
     </span>
     <span class='ocr_line' id='line_1_12' title="bbox 243 1419 1379 1487; baseline 0.003 -16"><span class='ocrx_word' id='word_1_103' title='bbox 243 1421 388 1472; x_wconf 81' lang='lat' dir='ltr'><strong>admovere</strong></span> <span class='ocrx_word' id='word_1_104' title='bbox 404 1420 520 1470; x_wconf 90' lang='lat' dir='ltr'><strong>licuerit.</strong></span> <span class='ocrx_word' id='word_1_105' title='bbox 544 1420 587 1470; x_wconf 93' lang='lat' dir='ltr'><strong>De</strong></span> <span class='ocrx_word' id='word_1_106' title='bbox 600 1419 744 1471; x_wconf 84' lang='lat' dir='ltr'><strong>crocodilis</strong></span> <span class='ocrx_word' id='word_1_107' title='bbox 757 1421 786 1470; x_wconf 91' lang='lat' dir='ltr'><strong>in</strong></span> <span class='ocrx_word' id='word_1_108' title='bbox 838 1421 871 1471; x_wconf 88' lang='lat' dir='ltr'><strong>de</strong></span> <span class='ocrx_word' id='word_1_109' title='bbox 894 1420 1004 1472; x_wconf 84' lang='lat' dir='ltr'><strong>dialect.</strong></span> <span class='ocrx_word' id='word_1_110' title='bbox 1028 1421 1087 1472; x_wconf 88' lang='lat' dir='ltr'><strong>Ion.</strong></span> <span class='ocrx_word' id='word_1_111' title='bbox 1108 1425 1133 1484; x_wconf 65' lang='grc' dir='ltr'><strong>ς.</strong></span> <span class='ocrx_word' id='word_1_112' title='bbox 1154 1421 1214 1474; x_wconf 84' lang='grc'>123.</span> <span class='ocrx_word' id='word_1_113' title='bbox 1233 1438 1297 1487; x_wconf 70' lang='lat' dir='ltr'><strong>pag.</strong></span> <span class='ocrx_word' id='word_1_114' title='bbox 1317 1423 1379 1474; x_wconf 81' lang='lat'>523.</span> 
     </span>
     <span class='ocr_line' id='line_1_13' title="bbox 242 1484 1379 1556; baseline -0.001 -14"><span class='ocrx_word' id='word_1_115' title='bbox 242 1491 438 1556; x_wconf 73' lang='lat' dir='ltr'><strong>Aegyptiorum</strong></span> <span class='ocrx_word' id='word_1_116' title='bbox 455 1488 564 1554; x_wconf 85' lang='lat' dir='ltr'><strong>templis</strong></span> <span class='ocrx_word' id='word_1_117' title='bbox 584 1494 612 1540; x_wconf 88' lang='lat' dir='ltr'><strong>et</strong></span> <span class='ocrx_word' id='word_1_118' title='bbox 630 1491 740 1541; x_wconf 90' lang='lat' dir='ltr'><strong>nutritis</strong></span> <span class='ocrx_word' id='word_1_119' title='bbox 759 1495 786 1541; x_wconf 90' lang='lat' dir='ltr'><strong>et</strong></span> <span class='ocrx_word' id='word_1_120' title='bbox 836 1490 906 1541; x_wconf 82' lang='lat' dir='ltr'><strong>Add.</strong></span> <span class='ocrx_word' id='word_1_121' title='bbox 921 1491 1037 1546; x_wconf 81' lang='lat' dir='ltr'><strong>Bredov.</strong></span> <span class='ocrx_word' id='word_1_122' title='bbox 1057 1506 1083 1556; x_wconf 86' lang='lat' dir='ltr'>p.</span> <span class='ocrx_word' id='word_1_123' title='bbox 1103 1491 1163 1542; x_wconf 86' lang='grc'>220.</span> <span class='ocrx_word' id='word_1_124' title='bbox 1183 1491 1259 1541; x_wconf 84' lang='grc' dir='ltr'><strong><em>σιτία</em></strong></span> <span class='ocrx_word' id='word_1_125' title='bbox 1273 1484 1379 1543; x_wconf 76' lang='grc' dir='ltr'><strong><em>ἀπότα-</em></strong></span> 
     </span>
     <span class='ocr_line' id='line_1_14' title="bbox 243 1559 1380 1626; baseline 0.002 -15"><span class='ocrx_word' id='word_1_126' title='bbox 243 1561 439 1611; x_wconf 84' lang='lat' dir='ltr'><strong>mansnefactis</strong></span> <span class='ocrx_word' id='word_1_127' title='bbox 459 1563 568 1624; x_wconf 87' lang='lat' dir='ltr'><strong>praeter</strong></span> <span class='ocrx_word' id='word_1_128' title='bbox 589 1559 732 1610; x_wconf 72' lang='lat' dir='ltr'><strong>Strabonis</strong></span> <span class='ocrx_word' id='word_1_129' title='bbox 758 1564 786 1611; x_wconf 92' lang='lat' dir='ltr'><strong>et</strong></span> <span class='ocrx_word' id='word_1_130' title='bbox 837 1575 888 1609; x_wconf 80' lang='grc' dir='ltr'><strong><em>κτα</em></strong></span> <span class='ocrx_word' id='word_1_131' title='bbox 908 1565 973 1611; x_wconf 89' lang='lat' dir='ltr'><strong>sunt</strong></span> <span class='ocrx_word' id='word_1_132' title='bbox 990 1561 1094 1611; x_wconf 84' lang='lat' dir='ltr'><strong>cibaria</strong></span> <span class='ocrx_word' id='word_1_133' title='bbox 1117 1563 1268 1612; x_wconf 87' lang='lat' dir='ltr'><strong>constituta</strong></span> <span class='ocrx_word' id='word_1_134' title='bbox 1291 1580 1313 1613; x_wconf 86' lang='lat' dir='ltr'><strong>s.</strong></span> <span class='ocrx_word' id='word_1_135' title='bbox 1333 1563 1380 1626; x_wconf 72' lang='lat' dir='ltr'><strong>(le-</strong></span> 
     </span>
     <span class='ocr_line' id='line_1_15' title="bbox 243 1623 1379 1696; baseline -0.001 -14"><span class='ocrx_word' id='word_1_136' title='bbox 243 1629 373 1694; x_wconf 80' lang='lat' dir='ltr'><strong>Stephuni</strong></span> <span class='ocrx_word' id='word_1_137' title='bbox 391 1630 539 1695; x_wconf 76' lang='lat' dir='ltr'><strong>Byzantini</strong></span> <span class='ocrx_word' id='word_1_138' title='bbox 560 1629 635 1680; x_wconf 89' lang='lat' dir='ltr'><strong>locos</strong></span> <span class='ocrx_word' id='word_1_139' title='bbox 659 1629 786 1680; x_wconf 84' lang='lat' dir='ltr'><strong>laudatos</strong></span> <span class='ocrx_word' id='word_1_140' title='bbox 837 1645 940 1681; x_wconf 87' lang='lat' dir='ltr'><strong>mensa.</strong></span> <span class='ocrx_word' id='word_1_141' title='bbox 980 1631 1075 1696; x_wconf 82' lang='lat' dir='ltr'>Neque</span> <span class='ocrx_word' id='word_1_142' title='bbox 1099 1631 1178 1682; x_wconf 86' lang='lat' dir='ltr'><strong>aliter</strong></span> <span class='ocrx_word' id='word_1_143' title='bbox 1202 1633 1258 1683; x_wconf 83' lang='lat' dir='ltr'><strong>iere</strong></span> <span class='ocrx_word' id='word_1_144' title='bbox 1274 1623 1379 1682; x_wconf 86' lang='grc' dir='ltr'><strong><em>αἰπότα-</em></strong></span> 
     </span>
     <span class='ocr_line' id='line_1_16' title="bbox 243 1699 1378 1768; baseline 0 -16"><span class='ocrx_word' id='word_1_145' title='bbox 243 1700 316 1752; x_wconf 82' lang='lat' dir='ltr'><strong>cons.</strong></span> <span class='ocrx_word' id='word_1_146' title='bbox 334 1701 416 1752; x_wconf 87' lang='lat' dir='ltr'><strong>etiam</strong></span> <span class='ocrx_word' id='word_1_147' title='bbox 434 1699 541 1751; x_wconf 81' lang='lat' dir='ltr'><strong>Aeliae.</strong></span> <span class='ocrx_word' id='word_1_148' title='bbox 565 1700 599 1751; x_wconf 85' lang='lat' dir='ltr'>N.</span> <span class='ocrx_word' id='word_1_149' title='bbox 618 1700 650 1751; x_wconf 74' lang='lat' dir='ltr'>A.</span> <span class='ocrx_word' id='word_1_150' title='bbox 670 1701 722 1765; x_wconf 80' lang='lat' dir='ltr'><strong>1v‚</strong></span> <span class='ocrx_word' id='word_1_151' title='bbox 741 1703 785 1751; x_wconf 77' lang='lat'>44.</span> <span class='ocrx_word' id='word_1_152' title='bbox 837 1699 941 1756; x_wconf 81' lang='grc' dir='ltr'><strong><em>ιιτοςίιι</em></strong></span> <span class='ocrx_word' id='word_1_153' title='bbox 954 1699 1056 1751; x_wconf 84' lang='lat' dir='ltr'><strong>Critiae</strong></span> <span class='ocrx_word' id='word_1_154' title='bbox 1074 1703 1193 1753; x_wconf 83' lang='lat' dir='ltr'><strong>carmine</strong></span> <span class='ocrx_word' id='word_1_155' title='bbox 1206 1719 1247 1753; x_wconf 85' lang='lat' dir='ltr'><strong>vs.</strong></span> <span class='ocrx_word' id='word_1_156' title='bbox 1258 1705 1292 1754; x_wconf 86' lang='grc'><strong>27</strong></span> <span class='ocrx_word' id='word_1_157' title='bbox 1305 1701 1378 1768; x_wconf 85' lang='lat' dir='ltr'><strong>apud</strong></span> 
     </span>
     <span class='ocr_line' id='line_1_17' title="bbox 242 1769 1378 1838; baseline 0 -16"><span class='ocrx_word' id='word_1_158' title='bbox 242 1773 276 1835; x_wconf 82' lang='grc' dir='ltr'><strong>Χ,</strong></span> <span class='ocrx_word' id='word_1_159' title='bbox 296 1771 340 1822; x_wconf 89' lang='grc'>21.</span> <span class='ocrx_word' id='word_1_160' title='bbox 837 1769 935 1822; x_wconf 79' lang='lat' dir='ltr'><strong>Athen.</strong></span> <span class='ocrx_word' id='word_1_161' title='bbox 946 1770 980 1822; x_wconf 83' lang='lat' dir='ltr'>X.</span> <span class='ocrx_word' id='word_1_162' title='bbox 991 1787 1017 1836; x_wconf 94' lang='lat' dir='ltr'>p.</span> <span class='ocrx_word' id='word_1_163' title='bbox 1028 1771 1118 1831; x_wconf 77' lang='grc'>4338,</span> <span class='ocrx_word' id='word_1_164' title='bbox 1128 1773 1174 1822; x_wconf 90' lang='lat' dir='ltr'><strong>uhi</strong></span> <span class='ocrx_word' id='word_1_165' title='bbox 1184 1773 1266 1824; x_wconf 81' lang='lat' dir='ltr'><strong>etiam</strong></span> <span class='ocrx_word' id='word_1_166' title='bbox 1277 1772 1378 1838; x_wconf 80' lang='lat' dir='ltr'><strong>Bergk.</strong></span> 
     </span>
     <span class='ocr_line' id='line_1_18' title="bbox 276 1830 1378 1908; baseline 0.005 -19"><span class='ocrx_word' id='word_1_167' title='bbox 276 1830 424 1905; x_wconf 73' lang='grc' dir='ltr'><strong><em>ἀρτήματά</em></strong></span> <span class='ocrx_word' id='word_1_168' title='bbox 436 1855 465 1889; x_wconf 87' lang='grc' dir='ltr'><strong><em>τε</em></strong></span> <span class='ocrx_word' id='word_1_169' title='bbox 477 1837 578 1890; x_wconf 75' lang='grc' dir='ltr'><strong><em>λίθινα</em></strong></span> <span class='ocrx_word' id='word_1_170' title='bbox 592 1830 662 1904; x_wconf 74' lang='grc' dir='ltr'><strong><em>χυτὰ</em></strong></span> <span class='ocrx_word' id='word_1_171' title='bbox 674 1855 699 1888; x_wconf 88' lang='grc' dir='ltr'><strong>ιι.</strong></span> <span class='ocrx_word' id='word_1_172' title='bbox 711 1855 734 1889; x_wconf 88' lang='grc' dir='ltr'><strong><em>τ.</em></strong></span> <span class='ocrx_word' id='word_1_173' title='bbox 748 1837 786 1905; x_wconf 87' lang='grc'>1.]</span> <span class='ocrx_word' id='word_1_174' title='bbox 837 1841 950 1892; x_wconf 77' lang='lat' dir='ltr'>retinuit</span> <span class='ocrx_word' id='word_1_175' title='bbox 962 1843 1124 1907; x_wconf 89' lang='lat' dir='ltr'><strong>scripturam</strong></span> <span class='ocrx_word' id='word_1_176' title='bbox 1134 1833 1304 1908; x_wconf 77' lang='grc' dir='ltr'><strong><em>ἀπότακτος,</em></strong></span> <span class='ocrx_word' id='word_1_177' title='bbox 1315 1859 1378 1894; x_wconf 87' lang='lat' dir='ltr'><strong>nam</strong></span> 
     </span>
     <span class='ocr_line' id='line_1_19' title="bbox 241 1899 1069 1975; baseline 0.001 -16"><span class='ocrx_word' id='word_1_178' title='bbox 241 1903 403 1974; x_wconf 81' lang='grc' dir='ltr'><strong><em>όρτήματα,</em></strong></span> <span class='ocrx_word' id='word_1_179' title='bbox 428 1925 498 1975; x_wconf 85' lang='lat' dir='ltr'><strong>quae</strong></span> <span class='ocrx_word' id='word_1_180' title='bbox 515 1899 618 1973; x_wconf 78' lang='grc' dir='ltr'><strong><em>κόσμιοί</em></strong></span> <span class='ocrx_word' id='word_1_181' title='bbox 639 1924 703 1958; x_wconf 90' lang='grc' dir='ltr'><strong><em>τινα</em></strong></span> <span class='ocrx_word' id='word_1_182' title='bbox 721 1909 787 1960; x_wconf 88' lang='lat' dir='ltr'><strong>dicit</strong></span> <span class='ocrx_word' id='word_1_183' title='bbox 836 1901 1069 1968; x_wconf 75' lang='grc' dir='ltr'><strong><em>ο11ἰόποταιιτός.</em></strong></span> 
     </span>
     <span class='ocr_line' id='line_1_20' title="bbox 243 1978 786 2046; baseline -0.007 -14"><span class='ocrx_word' id='word_1_184' title='bbox 243 1981 397 2046; x_wconf 71' lang='lat' dir='ltr'><strong>Hesychius</strong></span> <span class='ocrx_word' id='word_1_185' title='bbox 420 1979 444 2030; x_wconf 96' lang='lat'>1.</span> <span class='ocrx_word' id='word_1_186' title='bbox 465 1997 493 2046; x_wconf 95' lang='lat' dir='ltr'>p.</span> <span class='ocrx_word' id='word_1_187' title='bbox 512 1978 577 2040; x_wconf 84' lang='grc'>556,</span> <span class='ocrx_word' id='word_1_188' title='bbox 602 1979 630 2028; x_wconf 95' lang='lat' dir='ltr'><strong>h.</strong></span> <span class='ocrx_word' id='word_1_189' title='bbox 650 1980 669 2029; x_wconf 95' lang='grc'>1.</span> <span class='ocrx_word' id='word_1_190' title='bbox 688 1979 786 2030; x_wconf 93' lang='lat' dir='ltr'><strong>intelli-</strong></span> 
     </span>
    </p>
   </div>
   <div class='ocr_carea' id='block_1_4' title="bbox 242 2004 1379 2116">
    <p class='ocr_par' dir='ltr' id='par_1_5' title="bbox 242 2004 1379 2116">
     <span class='ocr_line' id='line_1_21' title="bbox 242 2004 1379 2116; baseline -0.002 -14"><span class='ocrx_word' id='word_1_191' title='bbox 242 2055 343 2116; x_wconf 81' lang='lat' dir='ltr'><strong>guntur</strong></span> <span class='ocrx_word' id='word_1_192' title='bbox 358 2054 476 2109; x_wconf 72' lang='lat' dir='ltr'><strong>inaures,</strong></span> <span class='ocrx_word' id='word_1_193' title='bbox 507 2053 665 2100; x_wconf 86' lang='lat' dir='ltr'><strong>ornamenta</strong></span> <span class='ocrx_word' id='word_1_194' title='bbox 688 2050 722 2100; x_wconf 86' lang='lat' dir='ltr'><strong>ab</strong></span> <span class='ocrx_word' id='word_1_195' title='bbox 739 2066 785 2100; x_wconf 84' lang='lat' dir='ltr'><strong>au·</strong></span> <span class='ocrx_word' id='word_1_196' title='bbox 871 2004 909 2071; x_wconf 62' lang='lat'><strong>⁰3⁹</strong></span> <span class='ocrx_word' id='word_1_197' title='bbox 926 2007 1056 2064; x_wconf 55' lang='grc' dir='ltr'><strong><em>κάλλιστα</em></strong></span> <span class='ocrx_word' id='word_1_198' title='bbox 1072 2006 1235 2082; x_wconf 57' lang='grc' dir='ltr'><strong><em>ζώοντας]</em></strong></span> <span class='ocrx_word' id='word_1_199' title='bbox 1254 2007 1379 2076; x_wconf 55' lang='grc' dir='ltr'><strong><em>ζώοντας</em></strong></span> 
     </span>
    </p>
   </div>
   <div class='ocr_carea' id='block_1_5' title="bbox 836 2083 1376 2152">
    <p class='ocr_par' dir='ltr' id='par_1_6' title="bbox 836 2083 1376 2152">
     <span class='ocr_line' id='line_1_22' title="bbox 836 2083 1376 2152; baseline 0.004 -18"><span class='ocrx_word' id='word_1_200' title='bbox 836 2099 895 2134; x_wconf 86' lang='lat' dir='ltr'><strong>cum</strong></span> <span class='ocrx_word' id='word_1_201' title='bbox 908 2089 1020 2136; x_wconf 88' lang='lat' dir='ltr'><strong>recentt.</strong></span> <span class='ocrx_word' id='word_1_202' title='bbox 1030 2083 1090 2135; x_wconf 91' lang='lat' dir='ltr'><strong>edd.</strong></span> <span class='ocrx_word' id='word_1_203' title='bbox 1102 2085 1190 2149; x_wconf 83' lang='lat' dir='ltr'><strong>recepi</strong></span> <span class='ocrx_word' id='word_1_204' title='bbox 1202 2103 1250 2152; x_wconf 91' lang='lat' dir='ltr'><strong>pro</strong></span> <span class='ocrx_word' id='word_1_205' title='bbox 1262 2084 1376 2147; x_wconf 74' lang='grc' dir='ltr'><strong><em>ζῶντας.</em></strong></span> 
     </span>
    </p>
   </div>
   <div class='ocr_carea' id='block_1_6' title="bbox 242 2121 1375 2222">
    <p class='ocr_par' dir='ltr' id='par_1_7' title="bbox 242 2121 1375 2222">
     <span class='ocr_line' id='line_1_23' title="bbox 242 2121 1375 2222; baseline 0.021 -40"><span class='ocrx_word' id='word_1_206' title='bbox 242 2122 317 2172; x_wconf 67' lang='lat' dir='ltr'><strong>fiblffi</strong></span> <span class='ocrx_word' id='word_1_207' title='bbox 339 2121 499 2185; x_wconf 55' lang='grc' dir='ltr'><strong>291111θῦ113*</strong></span> <span class='ocrx_word' id='word_1_208' title='bbox 527 2123 584 2168; x_wconf 61' lang='lat' dir='ltr'><strong>tum</strong></span> <span class='ocrx_word' id='word_1_209' title='bbox 607 2134 703 2181; x_wconf 58' lang='lat' dir='ltr'><strong>‘um&#39;</strong></span> <span class='ocrx_word' id='word_1_210' title='bbox 727 2123 784 2169; x_wconf 59' lang='lat' dir='ltr'><strong>tum</strong></span> <span class='ocrx_word' id='word_1_211' title='bbox 835 2153 913 2205; x_wconf 79' lang='lat' dir='ltr'><strong>Cous.</strong></span> <span class='ocrx_word' id='word_1_212' title='bbox 936 2154 1053 2206; x_wconf 87' lang='lat' dir='ltr'><strong>Bredov.</strong></span> <span class='ocrx_word' id='word_1_213' title='bbox 1079 2169 1106 2218; x_wconf 88' lang='lat' dir='ltr'>p.</span> <span class='ocrx_word' id='word_1_214' title='bbox 1132 2155 1190 2206; x_wconf 88' lang='grc'>170.</span> <span class='ocrx_word' id='word_1_215' title='bbox 1230 2157 1272 2208; x_wconf 79' lang='lat' dir='ltr'><strong>Ad</strong></span> <span class='ocrx_word' id='word_1_216' title='bbox 1299 2171 1375 2222; x_wconf 86' lang='lat' dir='ltr'><strong>seqq.</strong></span> 
     </span>
    </p>
   </div>
   <div class='ocr_carea' id='block_1_7' title="bbox 241 2187 784 2528">
    <p class='ocr_par' dir='ltr' id='par_1_8' title="bbox 241 2187 784 2528">
     <span class='ocr_line' id='line_1_24' title="bbox 242 2187 784 2252; baseline -0.006 -11"><span class='ocrx_word' id='word_1_217' title='bbox 242 2208 258 2242; x_wconf 93' lang='lat' dir='ltr'><strong>e</strong></span> <span class='ocrx_word' id='word_1_218' title='bbox 288 2191 356 2241; x_wconf 83' lang='lat' dir='ltr'><strong>susis</strong></span> <span class='ocrx_word' id='word_1_219' title='bbox 385 2206 418 2240; x_wconf 90' lang='lat' dir='ltr'><strong>ac</strong></span> <span class='ocrx_word' id='word_1_220' title='bbox 447 2188 561 2240; x_wconf 81' lang='lat' dir='ltr'><strong>factitiis</strong></span> <span class='ocrx_word' id='word_1_221' title='bbox 588 2187 689 2252; x_wconf 81' lang='lat' dir='ltr'><strong>lapillis</strong></span> <span class='ocrx_word' id='word_1_222' title='bbox 722 2205 784 2238; x_wconf 86' lang='lat' dir='ltr'><strong>con-</strong></span> 
     </span>
     <span class='ocr_line' id='line_1_25' title="bbox 242 2256 781 2323; baseline -0.002 -13"><span class='ocrx_word' id='word_1_223' title='bbox 242 2261 323 2310; x_wconf 84' lang='lat' dir='ltr'><strong>secta.</strong></span> <span class='ocrx_word' id='word_1_224' title='bbox 368 2261 459 2321; x_wconf 81' lang='lat' dir='ltr'><strong>Quare</strong></span> <span class='ocrx_word' id='word_1_225' title='bbox 481 2256 608 2308; x_wconf 88' lang='lat' dir='ltr'><strong>Minutoli</strong></span> <span class='ocrx_word' id='word_1_226' title='bbox 630 2257 649 2307; x_wconf 92' lang='lat' dir='ltr'><strong>l.</strong></span> <span class='ocrx_word' id='word_1_227' title='bbox 674 2256 693 2307; x_wconf 97' lang='lat' dir='ltr'><strong>l.</strong></span> <span class='ocrx_word' id='word_1_228' title='bbox 719 2273 781 2323; x_wconf 78' lang='lat' dir='ltr'><strong>pag.</strong></span> 
     </span>
     <span class='ocr_line' id='line_1_26' title="bbox 243 2327 783 2394; baseline -0.004 -14"><span class='ocrx_word' id='word_1_229' title='bbox 243 2328 303 2381; x_wconf 88' lang='grc'>163.</span> <span class='ocrx_word' id='word_1_230' title='bbox 322 2327 374 2380; x_wconf 89' lang='grc'><strong>280</strong></span> <span class='ocrx_word' id='word_1_231' title='bbox 392 2345 449 2394; x_wconf 88' lang='lat' dir='ltr'><strong>seq.</strong></span> <span class='ocrx_word' id='word_1_232' title='bbox 468 2327 520 2378; x_wconf 89' lang='grc'><strong>286</strong></span> <span class='ocrx_word' id='word_1_233' title='bbox 536 2341 612 2390; x_wconf 77' lang='lat' dir='ltr'><strong>seqq.</strong></span> <span class='ocrx_word' id='word_1_234' title='bbox 631 2327 699 2377; x_wconf 89' lang='lat' dir='ltr'><strong>dicit</strong></span> <span class='ocrx_word' id='word_1_235' title='bbox 709 2329 783 2379; x_wconf 78' lang='lat' dir='ltr'><strong>Glae-</strong></span> 
     </span>
     <span class='ocr_line' id='line_1_27' title="bbox 241 2395 783 2464; baseline -0.004 -15"><span class='ocrx_word' id='word_1_236' title='bbox 241 2399 349 2460; x_wconf 72' lang='lat' dir='ltr'><strong>moruile,</strong></span> <span class='ocrx_word' id='word_1_237' title='bbox 369 2415 422 2464; x_wconf 88' lang='lat' dir='ltr'><strong>qna</strong></span> <span class='ocrx_word' id='word_1_238' title='bbox 441 2403 499 2448; x_wconf 88' lang='lat' dir='ltr'><strong>arte</strong></span> <span class='ocrx_word' id='word_1_239' title='bbox 519 2395 626 2462; x_wconf 85' lang='lat' dir='ltr'><strong>quidem</strong></span> <span class='ocrx_word' id='word_1_240' title='bbox 643 2395 783 2448; x_wconf 77' lang='lat' dir='ltr'><strong>eleborata</strong></span> 
     </span>
     <span class='ocr_line' id='line_1_28' title="bbox 242 2465 782 2528; baseline -0.007 -8"><span class='ocrx_word' id='word_1_241' title='bbox 242 2469 356 2528; x_wconf 84' lang='lat' dir='ltr'><strong>luerint,</strong></span> <span class='ocrx_word' id='word_1_242' title='bbox 385 2485 445 2519; x_wconf 89' lang='lat' dir='ltr'><strong>oum</strong></span> <span class='ocrx_word' id='word_1_243' title='bbox 475 2467 583 2518; x_wconf 89' lang='lat' dir='ltr'><strong>omniuo</strong></span> <span class='ocrx_word' id='word_1_244' title='bbox 611 2465 712 2518; x_wconf 88' lang='lat' dir='ltr'><strong>haecce</strong></span> <span class='ocrx_word' id='word_1_245' title='bbox 738 2482 782 2517; x_wconf 83' lang='lat' dir='ltr'><strong>are</strong></span> 
     </span>
    </p>
   </div>
   <div class='ocr_carea' id='block_1_8' title="bbox 242 2216 1377 2989">
    <p class='ocr_par' dir='ltr' id='par_1_9' title="bbox 242 2216 1377 2989">
     <span class='ocr_line' id='line_1_29' title="bbox 833 2216 1377 2290; baseline -0.002 -15"><span class='ocrx_word' id='word_1_246' title='bbox 833 2225 931 2275; x_wconf 82' lang='lat' dir='ltr'><strong>verba:</strong></span> <span class='ocrx_word' id='word_1_247' title='bbox 949 2216 1154 2281; x_wconf 76' lang='grc' dir='ltr'><strong><em>ἀποθανόντας</em></strong></span> <span class='ocrx_word' id='word_1_248' title='bbox 1167 2218 1199 2275; x_wconf 81' lang='lat' dir='ltr'><strong>dl</strong></span> <span class='ocrx_word' id='word_1_249' title='bbox 1212 2239 1377 2290; x_wconf 76' lang='grc' dir='ltr'><strong><em>ταριχευον-</em></strong></span> 
     </span>
     <span class='ocr_line' id='line_1_30' title="bbox 833 2285 1376 2360; baseline 0.007 -18"><span class='ocrx_word' id='word_1_250' title='bbox 833 2309 878 2350; x_wconf 85' lang='grc' dir='ltr'><strong><em>τες</em></strong></span> <span class='ocrx_word' id='word_1_251' title='bbox 889 2287 1033 2344; x_wconf 81' lang='grc' dir='ltr'><strong><em>θάπτουσι</em></strong></span> <span class='ocrx_word' id='word_1_252' title='bbox 1045 2285 1076 2343; x_wconf 75' lang='grc' dir='ltr'><strong><em>ἐν</em></strong></span> <span class='ocrx_word' id='word_1_253' title='bbox 1087 2287 1164 2358; x_wconf 80' lang='grc' dir='ltr'><strong><em>ίρῇσι</em></strong></span> <span class='ocrx_word' id='word_1_254' title='bbox 1180 2287 1288 2360; x_wconf 77' lang='grc' dir='ltr'><strong><em>θήκῃσι</em></strong></span> <span class='ocrx_word' id='word_1_255' title='bbox 1301 2295 1376 2346; x_wconf 83' lang='lat' dir='ltr'><strong>coni.</strong></span> 
     </span>
     <span class='ocr_line' id='line_1_31' title="bbox 834 2363 1376 2432; baseline 0.006 -19"><span class='ocrx_word' id='word_1_256' title='bbox 834 2379 903 2426; x_wconf 83' lang='lat' dir='ltr'><strong>quae</strong></span> <span class='ocrx_word' id='word_1_257' title='bbox 921 2365 955 2415; x_wconf 89' lang='lat' dir='ltr'><strong>de</strong></span> <span class='ocrx_word' id='word_1_258' title='bbox 973 2363 1167 2432; x_wconf 73' lang='lat' dir='ltr'><strong>Aegyptiorum</strong></span> <span class='ocrx_word' id='word_1_259' title='bbox 1181 2381 1254 2416; x_wconf 89' lang='lat' dir='ltr'><strong>more</strong></span> <span class='ocrx_word' id='word_1_260' title='bbox 1272 2365 1376 2416; x_wconf 85' lang='lat' dir='ltr'><strong>bestias</strong></span> 
     </span>
     <span class='ocr_line' id='line_1_32' title="bbox 833 2433 1374 2486; baseline 0.007 -4"><span class='ocrx_word' id='word_1_261' title='bbox 833 2433 1009 2484; x_wconf 78' lang='lat' dir='ltr'><strong>humansrum</strong></span> <span class='ocrx_word' id='word_1_262' title='bbox 1032 2437 1189 2486; x_wconf 84' lang='lat' dir='ltr'><strong>mumiarurn</strong></span> <span class='ocrx_word' id='word_1_263' title='bbox 1215 2436 1243 2484; x_wconf 91' lang='lat' dir='ltr'><strong>in</strong></span> <span class='ocrx_word' id='word_1_264' title='bbox 1268 2436 1374 2486; x_wconf 87' lang='lat' dir='ltr'><strong>modum</strong></span> 
     </span>
     <span class='ocr_line' id='line_1_33' title="bbox 242 2503 1374 2628; baseline 0.004 -39"><span class='ocrx_word' id='word_1_265' title='bbox 242 2539 385 2590; x_wconf 87' lang='lat' dir='ltr'><strong>admodum</strong></span> <span class='ocrx_word' id='word_1_266' title='bbox 397 2538 519 2588; x_wconf 88' lang='lat' dir='ltr'><strong>floruerit</strong></span> <span class='ocrx_word' id='word_1_267' title='bbox 532 2536 604 2600; x_wconf 89' lang='lat' dir='ltr'><strong>apud</strong></span> <span class='ocrx_word' id='word_1_268' title='bbox 617 2541 722 2588; x_wconf 84' lang='lat' dir='ltr'><strong>veteres</strong></span> <span class='ocrx_word' id='word_1_269' title='bbox 732 2537 784 2588; x_wconf 79' lang='lat' dir='ltr'><strong>Ae·</strong></span> <span class='ocrx_word' id='word_1_270' title='bbox 834 2503 978 2626; x_wconf 53' lang='lat' dir='ltr'>{ffiffiffl</span> <span class='ocrx_word' id='word_1_271' title='bbox 986 2505 1036 2626; x_wconf 52' lang='lat' dir='ltr'><strong>Aa?</strong></span> <span class='ocrx_word' id='word_1_272' title='bbox 1045 2503 1159 2625; x_wconf 38' lang='grc' dir='ltr'><strong>ὲξίῃῗές</strong></span> <span class='ocrx_word' id='word_1_273' title='bbox 1171 2505 1374 2628; x_wconf 51' lang='grc' dir='ltr'><strong>ἰὲωἶῖῗίῗζᾙ</strong></span> 
     </span>
     <span class='ocr_line' id='line_1_34' title="bbox 834 2643 1375 2697; baseline 0.009 -5"><span class='ocrx_word' id='word_1_274' title='bbox 834 2643 921 2692; x_wconf 79' lang='lat' dir='ltr'><strong>rarius</strong></span> <span class='ocrx_word' id='word_1_275' title='bbox 945 2659 1016 2696; x_wconf 90' lang='lat' dir='ltr'><strong>nuno</strong></span> <span class='ocrx_word' id='word_1_276' title='bbox 1043 2645 1158 2695; x_wconf 82' lang='lat' dir='ltr'><strong>inveniri</strong></span> <span class='ocrx_word' id='word_1_277' title='bbox 1183 2649 1274 2694; x_wconf 90' lang='lat' dir='ltr'><strong>monet</strong></span> <span class='ocrx_word' id='word_1_278' title='bbox 1294 2647 1375 2697; x_wconf 88' lang='lat' dir='ltr'><strong>Rain-</strong></span> 
     </span>
     <span class='ocr_line' id='line_1_35' title="bbox 833 2711 1375 2778; baseline 0.013 -16"><span class='ocrx_word' id='word_1_279' title='bbox 833 2713 913 2762; x_wconf 77' lang='lat' dir='ltr'><strong>herdt</strong></span> <span class='ocrx_word' id='word_1_280' title='bbox 931 2711 948 2764; x_wconf 94' lang='lat' dir='ltr'><strong>l.</strong></span> <span class='ocrx_word' id='word_1_281' title='bbox 967 2713 986 2765; x_wconf 92' lang='grc'>1.</span> <span class='ocrx_word' id='word_1_282' title='bbox 1004 2730 1066 2778; x_wconf 76' lang='lat' dir='ltr'>pag.</span> <span class='ocrx_word' id='word_1_283' title='bbox 1086 2713 1120 2765; x_wconf 90' lang='grc'><strong>28</strong></span> <span class='ocrx_word' id='word_1_284' title='bbox 1134 2729 1191 2778; x_wconf 86' lang='lat' dir='ltr'><strong>aeq.</strong></span> <span class='ocrx_word' id='word_1_285' title='bbox 1209 2715 1375 2770; x_wconf 81' lang='lat' dir='ltr'><strong>Wilkineon.</strong></span> 
     </span>
     <span class='ocr_line' id='line_1_36' title="bbox 833 2782 1376 2850; baseline 0.011 -18"><span class='ocrx_word' id='word_1_286' title='bbox 833 2782 933 2832; x_wconf 88' lang='lat' dir='ltr'><strong>Thebis</strong></span> <span class='ocrx_word' id='word_1_287' title='bbox 944 2785 1051 2834; x_wconf 89' lang='lat' dir='ltr'><strong>omnino</strong></span> <span class='ocrx_word' id='word_1_288' title='bbox 1066 2784 1178 2850; x_wconf 89' lang='lat' dir='ltr'><strong>reperiri</strong></span> <span class='ocrx_word' id='word_1_289' title='bbox 1191 2787 1290 2835; x_wconf 89' lang='lat' dir='ltr'><strong>asserit</strong></span> <span class='ocrx_word' id='word_1_290' title='bbox 1300 2785 1376 2838; x_wconf 83' lang='lat' dir='ltr'><strong>blan-</strong></span> 
     </span>
     <span class='ocr_line' id='line_1_37' title="bbox 832 2853 1374 2918; baseline 0.011 -16"><span class='ocrx_word' id='word_1_291' title='bbox 832 2869 895 2902; x_wconf 89' lang='lat' dir='ltr'><strong>ners</strong></span> <span class='ocrx_word' id='word_1_292' title='bbox 913 2856 964 2902; x_wconf 90' lang='lat' dir='ltr'><strong>etc.</strong></span> <span class='ocrx_word' id='word_1_293' title='bbox 990 2853 1042 2904; x_wconf 90' lang='lat'>111.</span> <span class='ocrx_word' id='word_1_294' title='bbox 1065 2871 1091 2918; x_wconf 90' lang='lat' dir='ltr'>p.</span> <span class='ocrx_word' id='word_1_295' title='bbox 1117 2854 1241 2909; x_wconf 54' lang='lat' dir='ltr'><strong>wasco.</strong></span> <span class='ocrx_word' id='word_1_296' title='bbox 1260 2871 1312 2906; x_wconf 90' lang='lat' dir='ltr'><strong>ser.</strong></span> <span class='ocrx_word' id='word_1_297' title='bbox 1336 2857 1374 2908; x_wconf 92' lang='lat'>11.</span> 
     </span>
     <span class='ocr_line' id='line_1_38' title="bbox 832 2921 1375 2989; baseline 0.009 -17"><span class='ocrx_word' id='word_1_298' title='bbox 832 2939 859 2987; x_wconf 89' lang='lat' dir='ltr'><strong>p.</strong></span> <span class='ocrx_word' id='word_1_299' title='bbox 883 2921 938 2973; x_wconf 79' lang='grc'>123.</span> <span class='ocrx_word' id='word_1_300' title='bbox 957 2923 1017 2974; x_wconf 84' lang='grc'>230.</span> <span class='ocrx_word' id='word_1_301' title='bbox 1058 2923 1091 2974; x_wconf 93' lang='lat' dir='ltr'><strong>Iu</strong></span> <span class='ocrx_word' id='word_1_302' title='bbox 1108 2925 1264 2989; x_wconf 74' lang='lat' dir='ltr'><strong>labyrintho</strong></span> <span class='ocrx_word' id='word_1_303' title='bbox 1283 2941 1375 2978; x_wconf 88' lang='lat' dir='ltr'><strong>sacros</strong></span> 
     </span>
    </p>
   </div>
   <div class='ocr_carea' id='block_1_9' title="bbox 833 2991 1375 3060">
    <p class='ocr_par' dir='ltr' id='par_1_10' title="bbox 833 2991 1375 3060">
     <span class='ocr_line' id='line_1_39' title="bbox 833 2991 1375 3060; baseline 0.007 -17"><span class='ocrx_word' id='word_1_304' title='bbox 833 2991 985 3043; x_wconf 87' lang='lat' dir='ltr'><strong>crocodilos</strong></span> <span class='ocrx_word' id='word_1_305' title='bbox 1004 2994 1032 3042; x_wconf 90' lang='lat' dir='ltr'><strong>in</strong></span> <span class='ocrx_word' id='word_1_306' title='bbox 1049 2991 1146 3046; x_wconf 88' lang='lat' dir='ltr'><strong>loculis</strong></span> <span class='ocrx_word' id='word_1_307' title='bbox 1167 2995 1306 3060; x_wconf 76' lang='lat' dir='ltr'><strong>depositor</strong></span> <span class='ocrx_word' id='word_1_308' title='bbox 1321 2997 1375 3047; x_wconf 86' lang='lat' dir='ltr'><strong>No·</strong></span> 
     </span>
    </p>
   </div>
   <div class='ocr_carea' id='block_1_10' title="bbox 140 2606 1377 4417">
    <p class='ocr_par' dir='ltr' id='par_1_11' title="bbox 140 2606 1377 4417">
     <span class='ocr_line' id='line_1_40' title="bbox 242 2606 783 2672; baseline -0.002 -14"><span class='ocrx_word' id='word_1_309' title='bbox 242 2609 360 2672; x_wconf 68' lang='lat' dir='ltr'><strong>gyptioe.</strong></span> <span class='ocrx_word' id='word_1_310' title='bbox 391 2609 464 2658; x_wconf 88' lang='lat' dir='ltr'><strong>Vitri</strong></span> <span class='ocrx_word' id='word_1_311' title='bbox 480 2606 614 2670; x_wconf 78' lang='lat' dir='ltr'><strong>quoddam</strong></span> <span class='ocrx_word' id='word_1_312' title='bbox 633 2621 718 2670; x_wconf 81' lang='lat' dir='ltr'><strong>genus</strong></span> <span class='ocrx_word' id='word_1_313' title='bbox 735 2623 783 2672; x_wconf 89' lang='lat' dir='ltr'><strong>per</strong></span> 
     </span>
     <span class='ocr_line' id='line_1_41' title="bbox 241 2670 781 2740; baseline -0.002 -13"><span class='ocrx_word' id='word_1_314' title='bbox 241 2676 342 2728; x_wconf 77' lang='grc' dir='ltr'><strong><em>λίθινα</em></strong></span> <span class='ocrx_word' id='word_1_315' title='bbox 361 2670 430 2740; x_wconf 74' lang='grc' dir='ltr'><strong><em>χατὰ</em></strong></span> <span class='ocrx_word' id='word_1_316' title='bbox 446 2677 574 2738; x_wconf 85' lang='lat' dir='ltr'><strong>indicari,</strong></span> <span class='ocrx_word' id='word_1_317' title='bbox 592 2679 638 2727; x_wconf 84' lang='lat' dir='ltr'><strong>vix</strong></span> <span class='ocrx_word' id='word_1_318' title='bbox 656 2677 781 2737; x_wconf 77' lang='lat' dir='ltr'><strong>dubium3</strong></span> 
     </span>
     <span class='ocr_line' id='line_1_42' title="bbox 242 2747 780 2800; baseline -0.002 -1"><span class='ocrx_word' id='word_1_319' title='bbox 242 2748 314 2800; x_wconf 86' lang='lat' dir='ltr'><strong>conf.</strong></span> <span class='ocrx_word' id='word_1_320' title='bbox 333 2747 498 2798; x_wconf 84' lang='lat' dir='ltr'><strong>Wilkineon.</strong></span> <span class='ocrx_word' id='word_1_321' title='bbox 517 2747 645 2798; x_wconf 84' lang='lat' dir='ltr'><strong>Manners</strong></span> <span class='ocrx_word' id='word_1_322' title='bbox 656 2754 708 2798; x_wconf 87' lang='lat' dir='ltr'><strong>etc.</strong></span> <span class='ocrx_word' id='word_1_323' title='bbox 726 2747 780 2798; x_wconf 89' lang='lat'>111.</span> 
     </span>
     <span class='ocr_line' id='line_1_43' title="bbox 241 2817 779 2884; baseline -0.006 -14"><span class='ocrx_word' id='word_1_324' title='bbox 241 2836 269 2884; x_wconf 94' lang='lat' dir='ltr'><strong>p.</strong></span> <span class='ocrx_word' id='word_1_325' title='bbox 279 2817 323 2879; x_wconf 84' lang='grc'>911,</span> <span class='ocrx_word' id='word_1_326' title='bbox 343 2818 462 2870; x_wconf 81' lang='lat' dir='ltr'><strong>Becker:</strong></span> <span class='ocrx_word' id='word_1_327' title='bbox 475 2817 591 2868; x_wconf 86' lang='lat' dir='ltr'><strong>Charicl.</strong></span> <span class='ocrx_word' id='word_1_328' title='bbox 600 2818 673 2882; x_wconf 92' lang='lat' dir='ltr'>II.p.</span> <span class='ocrx_word' id='word_1_329' title='bbox 682 2817 731 2869; x_wconf 86' lang='grc'><strong>132</strong></span> <span class='ocrx_word' id='word_1_330' title='bbox 743 2817 779 2880; x_wconf 87' lang='grc' dir='ltr'>(Ι.</span> 
     </span>
     <span class='ocr_line' id='line_1_44' title="bbox 241 2887 782 2953; baseline 0 -15"><span class='ocrx_word' id='word_1_331' title='bbox 241 2905 268 2952; x_wconf 92' lang='lat' dir='ltr'><strong>p.</strong></span> <span class='ocrx_word' id='word_1_332' title='bbox 293 2888 370 2953; x_wconf 85' lang='grc'>256),</span> <span class='ocrx_word' id='word_1_333' title='bbox 399 2889 446 2952; x_wconf 86' lang='lat' dir='ltr'><strong>qui</strong></span> <span class='ocrx_word' id='word_1_334' title='bbox 471 2887 551 2952; x_wconf 90' lang='lat' dir='ltr'><strong>plane</strong></span> <span class='ocrx_word' id='word_1_335' title='bbox 573 2893 695 2938; x_wconf 88' lang='lat' dir='ltr'><strong>nostrum</strong></span> <span class='ocrx_word' id='word_1_336' title='bbox 720 2889 782 2938; x_wconf 80' lang='lat' dir='ltr'><strong>Glaa</strong></span> 
     </span>
     <span class='ocr_line' id='line_1_45' title="bbox 240 2957 781 3018; baseline -0.006 -9"><span class='ocrx_word' id='word_1_337' title='bbox 240 2960 285 3010; x_wconf 90' lang='lat' dir='ltr'><strong>hio</strong></span> <span class='ocrx_word' id='word_1_338' title='bbox 305 2957 421 3018; x_wconf 71' lang='lat' dir='ltr'><strong>intelligi</strong></span> <span class='ocrx_word' id='word_1_339' title='bbox 447 2957 507 3008; x_wconf 79' lang='lat' dir='ltr'><strong>vult</strong></span> <span class='ocrx_word' id='word_1_340' title='bbox 536 2958 570 3008; x_wconf 95' lang='lat' dir='ltr'><strong>ob</strong></span> <span class='ocrx_word' id='word_1_341' title='bbox 595 2957 718 3008; x_wconf 85' lang='lat' dir='ltr'><strong>Platonis</strong></span> <span class='ocrx_word' id='word_1_342' title='bbox 740 2957 781 3007; x_wconf 95' lang='lat' dir='ltr'><strong>lo-</strong></span> 
     </span>
     <span class='ocr_line' id='line_1_46' title="bbox 241 3026 781 3092; baseline -0.006 -12"><span class='ocrx_word' id='word_1_343' title='bbox 241 3045 301 3080; x_wconf 88' lang='lat' dir='ltr'><strong>cum</strong></span> <span class='ocrx_word' id='word_1_344' title='bbox 319 3029 347 3078; x_wconf 91' lang='lat' dir='ltr'><strong>in</strong></span> <span class='ocrx_word' id='word_1_345' title='bbox 365 3029 436 3078; x_wconf 88' lang='lat' dir='ltr'><strong>Tim.</strong></span> <span class='ocrx_word' id='word_1_346' title='bbox 458 3043 485 3092; x_wconf 93' lang='lat' dir='ltr'><strong>p.</strong></span> <span class='ocrx_word' id='word_1_347' title='bbox 503 3026 547 3078; x_wconf 84' lang='lat'>61.</span> <span class='ocrx_word' id='word_1_348' title='bbox 565 3057 600 3066; x_wconf 91' lang='lat'><em>-</em></span> <span class='ocrx_word' id='word_1_349' title='bbox 625 3028 694 3079; x_wconf 83' lang='lat' dir='ltr'><strong>Sunt</strong></span> <span class='ocrx_word' id='word_1_350' title='bbox 716 3042 781 3078; x_wconf 87' lang='lat' dir='ltr'><strong>vero</strong></span> 
     </span>
     <span class='ocr_line' id='line_1_47' title="bbox 240 3097 782 3163; baseline -0.002 -14"><span class='ocrx_word' id='word_1_351' title='bbox 240 3097 314 3163; x_wconf 86' lang='lat' dir='ltr'><strong>apud</strong></span> <span class='ocrx_word' id='word_1_352' title='bbox 336 3097 488 3148; x_wconf 88' lang='lat' dir='ltr'><strong>crocodilos</strong></span> <span class='ocrx_word' id='word_1_353' title='bbox 517 3097 623 3148; x_wconf 85' lang='lat' dir='ltr'><strong>aurium</strong></span> <span class='ocrx_word' id='word_1_354' title='bbox 647 3097 782 3148; x_wconf 80' lang='lat' dir='ltr'><strong>foramina</strong></span> 
     </span>
     <span class='ocr_line' id='line_1_48' title="bbox 241 3157 1376 3232; baseline -0.002 -14"><span class='ocrx_word' id='word_1_355' title='bbox 241 3183 323 3232; x_wconf 76' lang='lat' dir='ltr'><strong>supra</strong></span> <span class='ocrx_word' id='word_1_356' title='bbox 340 3167 433 3218; x_wconf 89' lang='lat' dir='ltr'><strong>oculos</strong></span> <span class='ocrx_word' id='word_1_357' title='bbox 456 3169 511 3218; x_wconf 89' lang='lat' dir='ltr'><strong>sita</strong></span> <span class='ocrx_word' id='word_1_358' title='bbox 528 3171 642 3231; x_wconf 87' lang='lat' dir='ltr'><strong>cuteque</strong></span> <span class='ocrx_word' id='word_1_359' title='bbox 662 3167 781 3230; x_wconf 82' lang='lat' dir='ltr'><strong>obtecta,</strong></span> <span class='ocrx_word' id='word_1_360' title='bbox 868 3159 898 3214; x_wconf 79' lang='lat' dir='ltr'><strong>ol</strong></span> <span class='ocrx_word' id='word_1_361' title='bbox 919 3159 951 3216; x_wconf 73' lang='lat' dir='ltr'><strong>dl</strong></span> <span class='ocrx_word' id='word_1_362' title='bbox 975 3161 1040 3230; x_wconf 77' lang='grc' dir='ltr'><strong><em>περὶ</em></strong></span> <span class='ocrx_word' id='word_1_363' title='bbox 1061 3157 1267 3231; x_wconf 70' lang='grc' dir='ltr'><strong><em>Ἐλεφαντίνην</em></strong></span> <span class='ocrx_word' id='word_1_364' title='bbox 1291 3159 1376 3217; x_wconf 74' lang='grc' dir='ltr'><strong><em>πόλιν</em></strong></span> 
     </span>
     <span class='ocr_line' id='line_1_49' title="bbox 241 3231 1374 3308; baseline 0.001 -21"><span class='ocrx_word' id='word_1_365' title='bbox 241 3253 310 3302; x_wconf 86' lang='lat' dir='ltr'><strong>quae</strong></span> <span class='ocrx_word' id='word_1_366' title='bbox 321 3236 468 3302; x_wconf 87' lang='lat' dir='ltr'><strong>palpebrae</strong></span> <span class='ocrx_word' id='word_1_367' title='bbox 484 3236 603 3302; x_wconf 84' lang='lat' dir='ltr'><strong>aliquam</strong></span> <span class='ocrx_word' id='word_1_368' title='bbox 620 3238 693 3302; x_wconf 75' lang='lat' dir='ltr'><strong>gerit</strong></span> <span class='ocrx_word' id='word_1_369' title='bbox 708 3238 782 3308; x_wconf 64' lang='lat' dir='ltr'><strong>simi·</strong></span> <span class='ocrx_word' id='word_1_370' title='bbox 833 3231 975 3293; x_wconf 79' lang='grc' dir='ltr'><strong><em>οἰκέοντες</em></strong></span> <span class='ocrx_word' id='word_1_371' title='bbox 1002 3253 1028 3286; x_wconf 86' lang='grc' dir='ltr'><strong>ιι.</strong></span> <span class='ocrx_word' id='word_1_372' title='bbox 1050 3253 1074 3287; x_wconf 90' lang='grc' dir='ltr'><strong><em>τ.</em></strong></span> <span class='ocrx_word' id='word_1_373' title='bbox 1099 3235 1134 3301; x_wconf 67' lang='lat' dir='ltr'><strong>L]</strong></span> <span class='ocrx_word' id='word_1_374' title='bbox 1166 3236 1246 3288; x_wconf 85' lang='lat' dir='ltr'><strong>Conl.</strong></span> <span class='ocrx_word' id='word_1_375' title='bbox 1272 3238 1314 3300; x_wconf 88' lang='lat'><strong>11,</strong></span> <span class='ocrx_word' id='word_1_376' title='bbox 1341 3239 1374 3288; x_wconf 89' lang='grc'><strong>17</strong></span> 
     </span>
     <span class='ocr_line' id='line_1_50' title="bbox 140 3303 1376 3380; baseline 0.001 -24"><span class='ocrx_word' id='word_1_377' title='bbox 140 3361 148 3380; x_wconf 53' lang='lat'><strong>·</strong></span> <span class='ocrx_word' id='word_1_378' title='bbox 240 3303 395 3366; x_wconf 84' lang='lat' dir='ltr'><strong>litudinem;</strong></span> <span class='ocrx_word' id='word_1_379' title='bbox 427 3307 548 3370; x_wconf 83' lang='lat' dir='ltr'><strong>operculi</strong></span> <span class='ocrx_word' id='word_1_380' title='bbox 571 3321 634 3372; x_wconf 88' lang='lat' dir='ltr'><strong>pars</strong></span> <span class='ocrx_word' id='word_1_381' title='bbox 661 3308 783 3371; x_wconf 85' lang='lat' dir='ltr'><strong>superior</strong></span> <span class='ocrx_word' id='word_1_382' title='bbox 832 3306 897 3370; x_wconf 86' lang='lat' dir='ltr'><strong>ibiq.</strong></span> <span class='ocrx_word' id='word_1_383' title='bbox 917 3309 988 3356; x_wconf 89' lang='lat' dir='ltr'><strong>nott.</strong></span> <span class='ocrx_word' id='word_1_384' title='bbox 1024 3307 1072 3357; x_wconf 79' lang='lat' dir='ltr'><strong>(lr-</strong></span> <span class='ocrx_word' id='word_1_385' title='bbox 1097 3305 1130 3357; x_wconf 88' lang='lat' dir='ltr'><strong>de</strong></span> <span class='ocrx_word' id='word_1_386' title='bbox 1154 3306 1330 3369; x_wconf 75' lang='lat' dir='ltr'><strong>religionibus</strong></span> <span class='ocrx_word' id='word_1_387' title='bbox 1346 3308 1376 3358; x_wconf 89' lang='lat' dir='ltr'><strong>in</strong></span> 
     </span>
     <span class='ocr_line' id='line_1_51' title="bbox 240 3375 1377 3439; baseline -0.001 -10"><span class='ocrx_word' id='word_1_388' title='bbox 240 3375 348 3428; x_wconf 85' lang='lat' dir='ltr'><strong>mobilis</strong></span> <span class='ocrx_word' id='word_1_389' title='bbox 373 3375 465 3427; x_wconf 88' lang='lat' dir='ltr'><strong>multis</strong></span> <span class='ocrx_word' id='word_1_390' title='bbox 489 3376 564 3428; x_wconf 82' lang='lat' dir='ltr'><strong>tibris</strong></span> <span class='ocrx_word' id='word_1_391' title='bbox 583 3377 781 3428; x_wconf 88' lang='lat' dir='ltr'><strong>muscularibns</strong></span> <span class='ocrx_word' id='word_1_392' title='bbox 832 3375 1014 3439; x_wconf 75' lang='lat' dir='ltr'><strong>Elephantine</strong></span> <span class='ocrx_word' id='word_1_393' title='bbox 1031 3375 1120 3426; x_wconf 90' lang='lat' dir='ltr'><strong>insula</strong></span> <span class='ocrx_word' id='word_1_394' title='bbox 1138 3377 1243 3427; x_wconf 86' lang='lat' dir='ltr'><strong>consuli</strong></span> <span class='ocrx_word' id='word_1_395' title='bbox 1255 3377 1315 3427; x_wconf 80' lang='lat' dir='ltr'><strong>vult</strong></span> <span class='ocrx_word' id='word_1_396' title='bbox 1332 3377 1377 3428; x_wconf 90' lang='lat' dir='ltr'><strong>Io·</strong></span> 
     </span>
     <span class='ocr_line' id='line_1_52' title="bbox 240 3443 1375 3514; baseline -0.001 -16"><span class='ocrx_word' id='word_1_397' title='bbox 240 3447 377 3498; x_wconf 78' lang='lat' dir='ltr'><strong>clauditur</strong></span> <span class='ocrx_word' id='word_1_398' title='bbox 391 3451 418 3497; x_wconf 91' lang='lat' dir='ltr'><strong>et</strong></span> <span class='ocrx_word' id='word_1_399' title='bbox 434 3443 595 3504; x_wconf 67' lang='lat' dir='ltr'><strong>recluditurz</strong></span> <span class='ocrx_word' id='word_1_400' title='bbox 617 3446 721 3512; x_wconf 81' lang='lat' dir='ltr'><strong>reliqua</strong></span> <span class='ocrx_word' id='word_1_401' title='bbox 737 3461 782 3496; x_wconf 88' lang='lat' dir='ltr'><strong>au·</strong></span> <span class='ocrx_word' id='word_1_402' title='bbox 833 3445 918 3495; x_wconf 86' lang='lat' dir='ltr'><strong>mard.</strong></span> <span class='ocrx_word' id='word_1_403' title='bbox 937 3445 966 3496; x_wconf 91' lang='lat' dir='ltr'><strong>in</strong></span> <span class='ocrx_word' id='word_1_404' title='bbox 977 3447 1113 3510; x_wconf 87' lang='lat' dir='ltr'><strong>Descript.</strong></span> <span class='ocrx_word' id='word_1_405' title='bbox 1129 3445 1162 3496; x_wconf 90' lang='lat' dir='ltr'><strong>de</strong></span> <span class='ocrx_word' id='word_1_406' title='bbox 1174 3445 1245 3511; x_wconf 81' lang='lat' dir='ltr'><strong>l&#39;Eg.</strong></span> <span class='ocrx_word' id='word_1_407' title='bbox 1261 3447 1375 3514; x_wconf 78' lang='lat' dir='ltr'><strong>Antiqq.</strong></span> 
     </span>
     <span class='ocr_line' id='line_1_53' title="bbox 240 3515 1375 3580; baseline 0.002 -12"><span class='ocrx_word' id='word_1_408' title='bbox 240 3519 308 3568; x_wconf 87' lang='lat' dir='ltr'><strong>rium</strong></span> <span class='ocrx_word' id='word_1_409' title='bbox 332 3517 438 3568; x_wconf 79' lang='lat' dir='ltr'><strong>fabrica</strong></span> <span class='ocrx_word' id='word_1_410' title='bbox 462 3515 544 3566; x_wconf 75' lang='lat' dir='ltr'><strong>valde</strong></span> <span class='ocrx_word' id='word_1_411' title='bbox 568 3515 663 3566; x_wconf 90' lang='lat' dir='ltr'><strong>similis</strong></span> <span class='ocrx_word' id='word_1_412' title='bbox 691 3517 782 3567; x_wconf 85' lang='lat' dir='ltr'><strong>arium</strong></span> <span class='ocrx_word' id='word_1_413' title='bbox 833 3519 854 3565; x_wconf 92' lang='lat' dir='ltr'><strong>t.</strong></span> <span class='ocrx_word' id='word_1_414' title='bbox 874 3515 899 3565; x_wconf 92' lang='lat'>1.</span> <span class='ocrx_word' id='word_1_415' title='bbox 919 3531 979 3580; x_wconf 88' lang='lat' dir='ltr'><strong>cap.</strong></span> <span class='ocrx_word' id='word_1_416' title='bbox 998 3515 1023 3567; x_wconf 83' lang='grc'>3.</span> <span class='ocrx_word' id='word_1_417' title='bbox 1043 3531 1107 3579; x_wconf 73' lang='lat' dir='ltr'>pag.</span> <span class='ocrx_word' id='word_1_418' title='bbox 1128 3517 1159 3568; x_wconf 87' lang='lat'><strong>15</strong></span> <span class='ocrx_word' id='word_1_419' title='bbox 1180 3515 1301 3575; x_wconf 82' lang='lat' dir='ltr'><strong>(Recneil</strong></span> <span class='ocrx_word' id='word_1_420' title='bbox 1320 3522 1375 3570; x_wconf 86' lang='lat' dir='ltr'><strong>etc.</strong></span> 
     </span>
     <span class='ocr_line' id='line_1_54' title="bbox 241 3583 1377 3651; baseline 0 -14"><span class='ocrx_word' id='word_1_421' title='bbox 241 3587 361 3638; x_wconf 88' lang='lat' dir='ltr'><strong>auribus.</strong></span> <span class='ocrx_word' id='word_1_422' title='bbox 407 3587 484 3636; x_wconf 87' lang='lat' dir='ltr'><strong>Haec</strong></span> <span class='ocrx_word' id='word_1_423' title='bbox 506 3585 686 3636; x_wconf 70' lang='lat' dir='ltr'><strong>Schneidorus</strong></span> <span class='ocrx_word' id='word_1_424' title='bbox 718 3586 737 3636; x_wconf 90' lang='lat' dir='ltr'><strong>l.</strong></span> <span class='ocrx_word' id='word_1_425' title='bbox 762 3585 780 3638; x_wconf 97' lang='grc'>1.</span> <span class='ocrx_word' id='word_1_426' title='bbox 833 3601 859 3649; x_wconf 92' lang='lat' dir='ltr'>p.</span> <span class='ocrx_word' id='word_1_427' title='bbox 873 3583 906 3637; x_wconf 84' lang='grc'><strong>83</strong></span> <span class='ocrx_word' id='word_1_428' title='bbox 925 3583 1004 3651; x_wconf 87' lang='lat' dir='ltr'><strong>seq.).</strong></span> <span class='ocrx_word' id='word_1_429' title='bbox 1041 3585 1206 3637; x_wconf 81' lang='lat' dir='ltr'><strong>Monstravit</strong></span> <span class='ocrx_word' id='word_1_430' title='bbox 1222 3591 1313 3637; x_wconf 87' lang='lat' dir='ltr'><strong>autem</strong></span> <span class='ocrx_word' id='word_1_431' title='bbox 1332 3588 1377 3637; x_wconf 93' lang='lat' dir='ltr'><strong>Io-</strong></span> 
     </span>
     <span class='ocr_line' id='line_1_55' title="bbox 240 3653 1374 3721; baseline -0.001 -14"><span class='ocrx_word' id='word_1_432' title='bbox 240 3672 304 3721; x_wconf 66' lang='lat' dir='ltr'>paoe.</span> <span class='ocrx_word' id='word_1_433' title='bbox 322 3659 355 3705; x_wconf 89' lang='grc'><strong>27</strong></span> <span class='ocrx_word' id='word_1_434' title='bbox 374 3672 449 3721; x_wconf 84' lang='lat' dir='ltr'><strong>seqq.</strong></span> <span class='ocrx_word' id='word_1_435' title='bbox 480 3655 520 3705; x_wconf 81' lang='lat' dir='ltr'><strong>Ac</strong></span> <span class='ocrx_word' id='word_1_436' title='bbox 536 3655 644 3706; x_wconf 83' lang='lat' dir='ltr'><strong>notarit</strong></span> <span class='ocrx_word' id='word_1_437' title='bbox 655 3655 782 3720; x_wconf 77' lang='lat' dir='ltr'><strong>Gdoffroy</strong></span> <span class='ocrx_word' id='word_1_438' title='bbox 833 3655 956 3716; x_wconf 82' lang='lat' dir='ltr'><strong>mardos,</strong></span> <span class='ocrx_word' id='word_1_439' title='bbox 976 3653 1078 3705; x_wconf 85' lang='lat' dir='ltr'><strong>cultum</strong></span> <span class='ocrx_word' id='word_1_440' title='bbox 1096 3656 1170 3706; x_wconf 83' lang='lat' dir='ltr'><strong>Iovis</strong></span> <span class='ocrx_word' id='word_1_441' title='bbox 1188 3657 1326 3708; x_wconf 82' lang='lat' dir='ltr'><strong>Ammonis</strong></span> <span class='ocrx_word' id='word_1_442' title='bbox 1346 3658 1374 3706; x_wconf 88' lang='lat' dir='ltr'><strong>in</strong></span> 
     </span>
     <span class='ocr_line' id='line_1_56' title="bbox 240 3723 1374 3791; baseline 0 -15"><span class='ocrx_word' id='word_1_443' title='bbox 240 3727 260 3778; x_wconf 93' lang='lat' dir='ltr'><strong>l.</strong></span> <span class='ocrx_word' id='word_1_444' title='bbox 278 3727 296 3777; x_wconf 97' lang='lat' dir='ltr'><strong>l.</strong></span> <span class='ocrx_word' id='word_1_445' title='bbox 318 3727 366 3777; x_wconf 85' lang='lat' dir='ltr'>IX.</span> <span class='ocrx_word' id='word_1_446' title='bbox 385 3743 412 3791; x_wconf 88' lang='lat' dir='ltr'>p.</span> <span class='ocrx_word' id='word_1_447' title='bbox 429 3724 480 3776; x_wconf 85' lang='grc'><strong>386</strong></span> <span class='ocrx_word' id='word_1_448' title='bbox 498 3741 570 3789; x_wconf 87' lang='lat' dir='ltr'><strong>seq.‚</strong></span> <span class='ocrx_word' id='word_1_449' title='bbox 595 3725 670 3774; x_wconf 89' lang='lat' dir='ltr'><strong>sein</strong></span> <span class='ocrx_word' id='word_1_450' title='bbox 689 3741 782 3776; x_wconf 89' lang='lat' dir='ltr'><strong>croco·</strong></span> <span class='ocrx_word' id='word_1_451' title='bbox 831 3724 884 3774; x_wconf 91' lang='lat' dir='ltr'><strong>hac</strong></span> <span class='ocrx_word' id='word_1_452' title='bbox 907 3723 997 3774; x_wconf 80' lang='lat' dir='ltr'><strong>insula</strong></span> <span class='ocrx_word' id='word_1_453' title='bbox 1022 3725 1191 3789; x_wconf 83' lang='lat' dir='ltr'><strong>potissimum</strong></span> <span class='ocrx_word' id='word_1_454' title='bbox 1212 3725 1374 3776; x_wconf 85' lang='lat' dir='ltr'><strong>obtinuisse.</strong></span> 
     </span>
     <span class='ocr_line' id='line_1_57' title="bbox 241 3793 1377 3860; baseline 0 -15"><span class='ocrx_word' id='word_1_455' title='bbox 241 3796 357 3846; x_wconf 88' lang='lat' dir='ltr'><strong>dilorum</strong></span> <span class='ocrx_word' id='word_1_456' title='bbox 378 3795 485 3846; x_wconf 88' lang='lat' dir='ltr'><strong>mumiia</strong></span> <span class='ocrx_word' id='word_1_457' title='bbox 514 3795 648 3844; x_wconf 75' lang='lat' dir='ltr'><strong>foramina</strong></span> <span class='ocrx_word' id='word_1_458' title='bbox 676 3796 781 3846; x_wconf 87' lang='lat' dir='ltr'><strong>aurium</strong></span> <span class='ocrx_word' id='word_1_459' title='bbox 831 3823 867 3832; x_wconf 90' lang='lat'>—</span> <span class='ocrx_word' id='word_1_460' title='bbox 888 3793 1090 3844; x_wconf 79' lang='lat' dir='ltr'><strong>crocodilorum</strong></span> <span class='ocrx_word' id='word_1_461' title='bbox 1109 3811 1191 3846; x_wconf 90' lang='lat' dir='ltr'><strong>carne</strong></span> <span class='ocrx_word' id='word_1_462' title='bbox 1206 3796 1280 3847; x_wconf 84' lang='lat' dir='ltr'><strong>vesci</strong></span> <span class='ocrx_word' id='word_1_463' title='bbox 1294 3795 1377 3860; x_wconf 83' lang='lat' dir='ltr'><strong>Apol-</strong></span> 
     </span>
     <span class='ocr_line' id='line_1_58' title="bbox 240 3863 1377 3930; baseline 0.002 -16"><span class='ocrx_word' id='word_1_464' title='bbox 240 3867 391 3926; x_wconf 81' lang='lat' dir='ltr'><strong>invenisee‚</strong></span> <span class='ocrx_word' id='word_1_465' title='bbox 419 3881 436 3915; x_wconf 82' lang='grc' dir='ltr'><strong><em>ε</em></strong></span> <span class='ocrx_word' id='word_1_466' title='bbox 458 3865 556 3930; x_wconf 87' lang='lat' dir='ltr'><strong>quibus</strong></span> <span class='ocrx_word' id='word_1_467' title='bbox 579 3863 678 3916; x_wconf 87' lang='lat' dir='ltr'><strong>haecce</strong></span> <span class='ocrx_word' id='word_1_468' title='bbox 702 3881 781 3916; x_wconf 85' lang='lat' dir='ltr'><strong>orna·</strong></span> <span class='ocrx_word' id='word_1_469' title='bbox 831 3864 1001 3928; x_wconf 86' lang='lat' dir='ltr'><strong>linopolitas,</strong></span> <span class='ocrx_word' id='word_1_470' title='bbox 1034 3865 1079 3929; x_wconf 92' lang='lat' dir='ltr'><strong>qui</strong></span> <span class='ocrx_word' id='word_1_471' title='bbox 1109 3866 1143 3916; x_wconf 82' lang='lat' dir='ltr'><strong>ad</strong></span> <span class='ocrx_word' id='word_1_472' title='bbox 1169 3867 1290 3927; x_wconf 83' lang='lat' dir='ltr'><strong>Tentyra</strong></span> <span class='ocrx_word' id='word_1_473' title='bbox 1316 3881 1377 3930; x_wconf 93' lang='lat' dir='ltr'><strong>per-</strong></span> 
     </span>
     <span class='ocr_line' id='line_1_59' title="bbox 240 3933 1374 3999; baseline 0.002 -15"><span class='ocrx_word' id='word_1_474' title='bbox 240 3940 332 3986; x_wconf 82' lang='lat' dir='ltr'><strong>meutc</strong></span> <span class='ocrx_word' id='word_1_475' title='bbox 348 3935 450 3986; x_wconf 83' lang='lat' dir='ltr'><strong>inerint</strong></span> <span class='ocrx_word' id='word_1_476' title='bbox 464 3949 606 3999; x_wconf 86' lang='lat' dir='ltr'><strong>suspensa.</strong></span> <span class='ocrx_word' id='word_1_477' title='bbox 831 3934 934 3994; x_wconf 86' lang='lat' dir='ltr'><strong>tinent,</strong></span> <span class='ocrx_word' id='word_1_478' title='bbox 959 3937 1054 3983; x_wconf 83' lang='lat' dir='ltr'><strong>auctor</strong></span> <span class='ocrx_word' id='word_1_479' title='bbox 1080 3939 1122 3984; x_wconf 87' lang='lat' dir='ltr'><strong>est</strong></span> <span class='ocrx_word' id='word_1_480' title='bbox 1140 3933 1269 3985; x_wconf 77' lang='lat' dir='ltr'><strong>Aelianus</strong></span> <span class='ocrx_word' id='word_1_481' title='bbox 1287 3935 1322 3986; x_wconf 85' lang='lat' dir='ltr'>N.</span> <span class='ocrx_word' id='word_1_482' title='bbox 1339 3936 1374 3986; x_wconf 85' lang='grc' dir='ltr'>Α.</span> 
     </span>
     <span class='ocr_line' id='line_1_60' title="bbox 265 3993 1377 4068; baseline -0.002 -15"><span class='ocrx_word' id='word_1_483' title='bbox 265 3995 609 4068; x_wconf 75' lang='grc' dir='ltr'><strong><em>ταὶᾶιιφιθέαςπερὶτοός</em></strong></span> <span class='ocrx_word' id='word_1_484' title='bbox 619 4001 781 4064; x_wconf 79' lang='grc' dir='ltr'><strong><em>προσθίους</em></strong></span> <span class='ocrx_word' id='word_1_485' title='bbox 831 4004 872 4064; x_wconf 83' lang='grc' dir='ltr'><strong>Χ,</strong></span> <span class='ocrx_word' id='word_1_486' title='bbox 896 4003 940 4053; x_wconf 87' lang='grc'>21.</span> <span class='ocrx_word' id='word_1_487' title='bbox 982 4002 1035 4052; x_wconf 85' lang='lat' dir='ltr'><strong>Sed</strong></span> <span class='ocrx_word' id='word_1_488' title='bbox 1061 4019 1170 4054; x_wconf 87' lang='lat' dir='ltr'><strong>carnem</strong></span> <span class='ocrx_word' id='word_1_489' title='bbox 1193 3993 1377 4065; x_wconf 75' lang='grc' dir='ltr'><strong><em>,,ἒι1οι’διοον“</em></strong></span> 
     </span>
     <span class='ocr_line' id='line_1_61' title="bbox 240 4065 1374 4138; baseline 0 -16"><span class='ocrx_word' id='word_1_490' title='bbox 240 4065 341 4138; x_wconf 80' lang='grc' dir='ltr'><strong><em>πόδας]</em></strong></span> <span class='ocrx_word' id='word_1_491' title='bbox 365 4071 528 4136; x_wconf 80' lang='grc' dir='ltr'><strong><em>προσθίους</em></strong></span> <span class='ocrx_word' id='word_1_492' title='bbox 546 4089 606 4124; x_wconf 89' lang='lat' dir='ltr'><strong>cum</strong></span> <span class='ocrx_word' id='word_1_493' title='bbox 628 4071 779 4137; x_wconf 80' lang='lat' dir='ltr'><strong>Schweigh.</strong></span> <span class='ocrx_word' id='word_1_494' title='bbox 831 4087 886 4122; x_wconf 85' lang='lat' dir='ltr'><strong>nou</strong></span> <span class='ocrx_word' id='word_1_495' title='bbox 905 4086 964 4122; x_wconf 89' lang='lat' dir='ltr'><strong>esse</strong></span> <span class='ocrx_word' id='word_1_496' title='bbox 984 4071 1069 4122; x_wconf 90' lang='lat' dir='ltr'><strong>tradit</strong></span> <span class='ocrx_word' id='word_1_497' title='bbox 1086 4073 1199 4124; x_wconf 88' lang='lat' dir='ltr'><strong>Diodor.</strong></span> <span class='ocrx_word' id='word_1_498' title='bbox 1220 4074 1274 4124; x_wconf 87' lang='lat' dir='ltr'><strong>Sic.</strong></span> <span class='ocrx_word' id='word_1_499' title='bbox 1291 4075 1313 4135; x_wconf 88' lang='lat'><strong>1,</strong></span> <span class='ocrx_word' id='word_1_500' title='bbox 1329 4073 1374 4134; x_wconf 74' lang='lat'><strong>35,</strong></span> 
     </span>
     <span class='ocr_line' id='line_1_62' title="bbox 241 4131 1377 4207; baseline 0 -15"><span class='ocrx_word' id='word_1_501' title='bbox 241 4147 268 4192; x_wconf 87' lang='lat' dir='ltr'><strong>et</strong></span> <span class='ocrx_word' id='word_1_502' title='bbox 287 4143 374 4194; x_wconf 84' lang='lat' dir='ltr'><strong>Gaisi.</strong></span> <span class='ocrx_word' id='word_1_503' title='bbox 392 4143 482 4204; x_wconf 86' lang='lat' dir='ltr'><strong>recepi</strong></span> <span class='ocrx_word' id='word_1_504' title='bbox 500 4159 548 4207; x_wconf 90' lang='lat' dir='ltr'><strong>pro</strong></span> <span class='ocrx_word' id='word_1_505' title='bbox 565 4141 640 4207; x_wconf 81' lang='lat' dir='ltr'><strong>vulg.</strong></span> <span class='ocrx_word' id='word_1_506' title='bbox 660 4131 780 4202; x_wconf 78' lang='grc' dir='ltr'><strong><em>ίμπροσ-</em></strong></span> <span class='ocrx_word' id='word_1_507' title='bbox 831 4155 946 4206; x_wconf 85' lang='lat' dir='ltr'><strong>quocum</strong></span> <span class='ocrx_word' id='word_1_508' title='bbox 965 4142 1101 4192; x_wconf 88' lang='lat' dir='ltr'><strong>consentit</strong></span> <span class='ocrx_word' id='word_1_509' title='bbox 1118 4143 1281 4194; x_wconf 89' lang='lat' dir='ltr'><strong>Wilkineon.</strong></span> <span class='ocrx_word' id='word_1_510' title='bbox 1298 4144 1377 4194; x_wconf 84' lang='lat' dir='ltr'><strong>Man-</strong></span> 
     </span>
     <span class='ocr_line' id='line_1_63' title="bbox 240 4210 1374 4274; baseline 0.002 -14"><span class='ocrx_word' id='word_1_511' title='bbox 240 4210 336 4270; x_wconf 83' lang='grc' dir='ltr'><strong><em>θίοος.</em></strong></span> <span class='ocrx_word' id='word_1_512' title='bbox 362 4213 431 4262; x_wconf 85' lang='lat' dir='ltr'><strong>Nam</strong></span> <span class='ocrx_word' id='word_1_513' title='bbox 450 4212 626 4273; x_wconf 61' lang='lat' dir='ltr'><strong>designantur</strong></span> <span class='ocrx_word' id='word_1_514' title='bbox 638 4213 717 4271; x_wconf 72' lang='lat' dir='ltr'><strong>pedes</strong></span> <span class='ocrx_word' id='word_1_515' title='bbox 734 4225 780 4259; x_wconf 84' lang='lat' dir='ltr'><strong>an·</strong></span> <span class='ocrx_word' id='word_1_516' title='bbox 830 4225 893 4260; x_wconf 84' lang='lat' dir='ltr'><strong>nera</strong></span> <span class='ocrx_word' id='word_1_517' title='bbox 911 4213 965 4262; x_wconf 88' lang='lat' dir='ltr'><strong>ete.</strong></span> <span class='ocrx_word' id='word_1_518' title='bbox 985 4226 1039 4264; x_wconf 88' lang='lat' dir='ltr'><strong>sec.</strong></span> <span class='ocrx_word' id='word_1_519' title='bbox 1060 4227 1111 4262; x_wconf 84' lang='lat' dir='ltr'><strong>ser.</strong></span> <span class='ocrx_word' id='word_1_520' title='bbox 1130 4213 1168 4263; x_wconf 90' lang='lat' dir='ltr'><strong>Il.</strong></span> <span class='ocrx_word' id='word_1_521' title='bbox 1186 4229 1213 4274; x_wconf 95' lang='lat' dir='ltr'>p.</span> <span class='ocrx_word' id='word_1_522' title='bbox 1232 4214 1292 4272; x_wconf 78' lang='lat'>235,</span> <span class='ocrx_word' id='word_1_523' title='bbox 1311 4227 1374 4262; x_wconf 89' lang='lat' dir='ltr'><strong>raro</strong></span> 
     </span>
     <span class='ocr_line' id='line_1_64' title="bbox 239 4271 1377 4348; baseline -0.001 -16"><span class='ocrx_word' id='word_1_524' title='bbox 239 4285 354 4334; x_wconf 80' lang='lat' dir='ltr'><strong>teriorea.</strong></span> <span class='ocrx_word' id='word_1_525' title='bbox 370 4309 404 4318; x_wconf 89' lang='lat'>-</span> <span class='ocrx_word' id='word_1_526' title='bbox 421 4271 562 4344; x_wconf 79' lang='grc' dir='ltr'><strong><em>όμφιὸέας</em></strong></span> <span class='ocrx_word' id='word_1_527' title='bbox 580 4279 709 4346; x_wconf 81' lang='lat' dir='ltr'><strong>intelligit</strong></span> <span class='ocrx_word' id='word_1_528' title='bbox 724 4280 780 4330; x_wconf 86' lang='lat' dir='ltr'><strong>No·</strong></span> <span class='ocrx_word' id='word_1_529' title='bbox 832 4279 920 4330; x_wconf 78' lang='lat' dir='ltr'><strong>adhuc</strong></span> <span class='ocrx_word' id='word_1_530' title='bbox 937 4279 1058 4331; x_wconf 85' lang='lat' dir='ltr'><strong>homines</strong></span> <span class='ocrx_word' id='word_1_531' title='bbox 1077 4281 1227 4348; x_wconf 77' lang='lat' dir='ltr'><strong>Aegyptios</strong></span> <span class='ocrx_word' id='word_1_532' title='bbox 1245 4278 1305 4332; x_wconf 81' lang='lat' dir='ltr'><strong>&#39;frui</strong></span> <span class='ocrx_word' id='word_1_533' title='bbox 1323 4281 1377 4332; x_wconf 85' lang='lat' dir='ltr'><strong>hae</strong></span> 
     </span>
     <span class='ocr_line' id='line_1_65' title="bbox 240 4351 1101 4417; baseline 0 -17"><span class='ocrx_word' id='word_1_534' title='bbox 240 4355 297 4401; x_wconf 89' lang='lat' dir='ltr'><strong>ster</strong></span> <span class='ocrx_word' id='word_1_535' title='bbox 320 4359 422 4417; x_wconf 73' lang='lat' dir='ltr'><strong>torquet</strong></span> <span class='ocrx_word' id='word_1_536' title='bbox 442 4353 502 4400; x_wconf 87' lang='lat' dir='ltr'><strong>sive</strong></span> <span class='ocrx_word' id='word_1_537' title='bbox 524 4351 651 4413; x_wconf 70' lang='lat' dir='ltr'><strong>crosilios,</strong></span> <span class='ocrx_word' id='word_1_538' title='bbox 682 4362 780 4400; x_wconf 72' lang='lat' dir='ltr'><strong>aureas</strong></span> <span class='ocrx_word' id='word_1_539' title='bbox 831 4363 913 4400; x_wconf 88' lang='lat' dir='ltr'><strong>carno</strong></span> <span class='ocrx_word' id='word_1_540' title='bbox 931 4365 1101 4401; x_wconf 83' lang='lat' dir='ltr'><strong>asseverans.</strong></span> 
     </span>
    </p>
   </div>
   <div class='ocr_carea' id='block_1_11' title="bbox 834 3063 1172 3126">
    <p class='ocr_par' dir='ltr' id='par_1_12' title="bbox 834 3063 1172 3126">
     <span class='ocr_line' id='line_1_66' title="bbox 834 3063 1172 3126; baseline 0.006 -14"><span class='ocrx_word' id='word_1_541' title='bbox 834 3067 890 3112; x_wconf 90' lang='lat' dir='ltr'><strong>ster</strong></span> <span class='ocrx_word' id='word_1_542' title='bbox 907 3067 1038 3114; x_wconf 84' lang='lat' dir='ltr'><strong>memorat</strong></span> <span class='ocrx_word' id='word_1_543' title='bbox 1055 3063 1093 3126; x_wconf 84' lang='lat'><strong>11,</strong></span> <span class='ocrx_word' id='word_1_544' title='bbox 1113 3064 1172 3114; x_wconf 75' lang='lat' dir='ltr'><strong>lte.</strong></span> 
     </span>
    </p>
   </div>
   <div class='ocr_carea' id='block_1_12' title="bbox 0 0 1534 4928">
    <p class='ocr_par' dir='ltr' id='par_1_13' title="bbox 0 0 1534 4928">
     <span class='ocr_line' id='line_1_67' title="bbox 0 0 1534 4928; baseline 0 2"><span class='ocrx_word' id='word_1_545' title='bbox 0 0 1534 4928; x_wconf 95' lang='lat' dir='ltr'><strong> </strong></span> 
     </span>
    </p>
   </div>
  </div>
 </body>
</html>
