<?xml version="1.0" encoding="UTF-8"?>
<!DOCTYPE html PUBLIC "-//W3C//DTD XHTML 1.0 Transitional//EN"
    "http://www.w3.org/TR/xhtml1/DTD/xhtml1-transitional.dtd">
<html xmlns="http://www.w3.org/1999/xhtml" xml:lang="en" lang="en">
 <head>
  <title>
</title>
<meta http-equiv="Content-Type" content="text/html;charset=utf-8" />
  <meta name='ocr-system' content='tesseract 3.04.00' />
  <meta name='ocr-capabilities' content='ocr_page ocr_carea ocr_par ocr_line ocrx_word'/>
</head>
<body>
  <div class='ocr_page' id='page_1' title='image "./herodotihalicar00bhgoog_0335.png"; bbox 0 0 3088 4944; ppageno 0'>
   <div class='ocr_carea' id='block_1_1' title="bbox 235 265 950 346">
    <p class='ocr_par' dir='ltr' id='par_1_1' title="bbox 235 265 950 346">
     <span class='ocr_line' id='line_1_1' title="bbox 235 265 950 346; baseline -0.014 -10"><span class='ocrx_word' id='word_1_1' title='bbox 235 273 304 336; x_wconf 80' lang='grc'><strong>’310</strong></span> <span class='ocrx_word' id='word_1_2' title='bbox 486 343 488 346; x_wconf 42' lang='grc'>,</span> <span class='ocrx_word' id='word_1_3' title='bbox 673 265 950 329; x_wconf 79' lang='grc' dir='ltr'><strong>ΉΕΒΟΒΟἸἾ</strong></span> 
     </span>
    </p>
   </div>
   <div class='ocr_carea' id='block_1_2' title="bbox 242 434 1380 744">
    <p class='ocr_par' dir='ltr' id='par_1_2' title="bbox 242 434 1380 744">
     <span class='ocr_line' id='line_1_2' title="bbox 243 434 1378 538; baseline -0.011 -19"><span class='ocrx_word' id='word_1_4' title='bbox 243 447 417 538; x_wconf 64' lang='lat' dir='ltr'><strong>duritiaque</strong></span> <span class='ocrx_word' id='word_1_5' title='bbox 432 442 533 525; x_wconf 80' lang='grc' dir='ltr'><strong><em>αὐτὸς</em></strong></span> <span class='ocrx_word' id='word_1_6' title='bbox 547 440 795 532; x_wconf 73' lang='grc' dir='ltr'><strong>ἐςἈνβάτανο,</strong></span> <span class='ocrx_word' id='word_1_7' title='bbox 815 438 965 530; x_wconf 73' lang='grc' dir='ltr'><strong><em>Κροῖσόν</em></strong></span> <span class='ocrx_word' id='word_1_8' title='bbox 984 465 1021 508; x_wconf 81' lang='grc' dir='ltr'><strong>τε</strong></span> <span class='ocrx_word' id='word_1_9' title='bbox 1038 435 1106 528; x_wconf 80' lang='grc' dir='ltr'><strong>ἅμα</strong></span> <span class='ocrx_word' id='word_1_10' title='bbox 1117 434 1297 526; x_wconf 73' lang='grc' dir='ltr'><strong><em>ἀγάμενος,</em></strong></span> <span class='ocrx_word' id='word_1_11' title='bbox 1319 439 1378 508; x_wconf 79' lang='lat' dir='ltr'><strong>ael</strong></span> 
     </span>
     <span class='ocr_line' id='line_1_3' title="bbox 242 539 1380 640; baseline -0.011 -18"><span class='ocrx_word' id='word_1_12' title='bbox 242 551 322 632; x_wconf 74' lang='grc' dir='ltr'><strong><em>τοὺς</em></strong></span> <span class='ocrx_word' id='word_1_13' title='bbox 331 550 450 630; x_wconf 76' lang='grc' dir='ltr'><strong><em>Ἴωνας</em></strong></span> <span class='ocrx_word' id='word_1_14' title='bbox 464 551 502 618; x_wconf 78' lang='grc' dir='ltr'><strong>ἐν</strong></span> <span class='ocrx_word' id='word_1_15' title='bbox 515 545 632 618; x_wconf 76' lang='grc' dir='ltr'><strong><em>οὐδενὶ</em></strong></span> <span class='ocrx_word' id='word_1_16' title='bbox 646 547 734 640; x_wconf 79' lang='grc' dir='ltr'><strong>λόγῳ</strong></span> <span class='ocrx_word' id='word_1_17' title='bbox 749 545 970 635; x_wconf 76' lang='grc' dir='ltr'><strong><em>ποιησάμενος</em></strong></span> <span class='ocrx_word' id='word_1_18' title='bbox 990 540 1054 632; x_wconf 80' lang='grc' dir='ltr'><strong>τὴν</strong></span> <span class='ocrx_word' id='word_1_19' title='bbox 1066 540 1204 631; x_wconf 80' lang='grc' dir='ltr'><strong><em>πμιάτην</em></strong></span> <span class='ocrx_word' id='word_1_20' title='bbox 1224 540 1322 612; x_wconf 82' lang='grc' dir='ltr'><strong><em>εἶναι.</em></strong></span> <span class='ocrx_word' id='word_1_21' title='bbox 1351 539 1380 630; x_wconf 81' lang='grc' dir='ltr'><em>ἥ</em></span> 
     </span>
     <span class='ocr_line' id='line_1_4' title="bbox 243 644 1380 744; baseline -0.011 -18"><span class='ocrx_word' id='word_1_22' title='bbox 243 681 279 726; x_wconf 79' lang='grc' dir='ltr'><strong>τε</strong></span> <span class='ocrx_word' id='word_1_23' title='bbox 299 652 364 744; x_wconf 77' lang='grc' dir='ltr'><strong>γάρ</strong></span> <span class='ocrx_word' id='word_1_24' title='bbox 376 652 545 742; x_wconf 70' lang='grc' dir='ltr'><strong><em>Βαβυλών</em></strong></span> <span class='ocrx_word' id='word_1_25' title='bbox 558 657 593 722; x_wconf 85' lang='lat' dir='ltr'><strong>oi</strong></span> <span class='ocrx_word' id='word_1_26' title='bbox 604 644 647 740; x_wconf 77' lang='grc' dir='ltr'><strong>ἦν</strong></span> <span class='ocrx_word' id='word_1_27' title='bbox 666 650 842 740; x_wconf 71' lang='grc' dir='ltr'><strong><em>ἐμπόδιος,</em></strong></span> <span class='ocrx_word' id='word_1_28' title='bbox 864 650 920 719; x_wconf 79' lang='grc' dir='ltr'><strong>καὶ</strong></span> <span class='ocrx_word' id='word_1_29' title='bbox 940 644 979 716; x_wconf 84' lang='grc' dir='ltr'><strong>τὸ</strong></span> <span class='ocrx_word' id='word_1_30' title='bbox 993 645 1161 734; x_wconf 79' lang='grc' dir='ltr'><strong><em>Βάκτριον</em></strong></span> <span class='ocrx_word' id='word_1_31' title='bbox 1181 651 1299 731; x_wconf 73' lang='grc' dir='ltr'><strong>ἔθνος,</strong></span> <span class='ocrx_word' id='word_1_32' title='bbox 1320 647 1380 715; x_wconf 74' lang='lat' dir='ltr'><strong>eal</strong></span> 
     </span>
    </p>
   </div>
   <div class='ocr_carea' id='block_1_3' title="bbox 236 843 1380 4397">
    <p class='ocr_par' dir='ltr' id='par_1_3' title="bbox 238 843 1380 2993">
     <span class='ocr_line' id='line_1_5' title="bbox 278 843 1379 916; baseline -0.006 -10"><span class='ocrx_word' id='word_1_33' title='bbox 278 851 327 906; x_wconf 80' lang='grc' dir='ltr'><strong>καὶ</strong></span> <span class='ocrx_word' id='word_1_34' title='bbox 344 843 523 912; x_wconf 66' lang='grc' dir='ltr'><strong>τούπ”Ιωνας</strong></span> <span class='ocrx_word' id='word_1_35' title='bbox 544 843 575 904; x_wconf 73' lang='grc' dir='ltr'><strong>ἐν</strong></span> <span class='ocrx_word' id='word_1_36' title='bbox 593 843 692 905; x_wconf 69' lang='grc' dir='ltr'><strong><em>οὐδενὶ</em></strong></span> <span class='ocrx_word' id='word_1_37' title='bbox 710 843 784 916; x_wconf 72' lang='grc' dir='ltr'><strong>λόγῳ</strong></span> <span class='ocrx_word' id='word_1_38' title='bbox 834 849 853 900; x_wconf 89' lang='lat' dir='ltr'><strong>l.</strong></span> <span class='ocrx_word' id='word_1_39' title='bbox 872 849 891 901; x_wconf 92' lang='lat' dir='ltr'><strong>l.</strong></span> <span class='ocrx_word' id='word_1_40' title='bbox 909 853 935 914; x_wconf 72' lang='lat'><strong>§-</strong></span> <span class='ocrx_word' id='word_1_41' title='bbox 954 851 980 902; x_wconf 80' lang='lat'><strong>2.</strong></span> <span class='ocrx_word' id='word_1_42' title='bbox 997 847 1023 900; x_wconf 84' lang='lat'><strong>3.</strong></span> <span class='ocrx_word' id='word_1_43' title='bbox 1043 851 1125 912; x_wconf 84' lang='lat' dir='ltr'><strong>Post,</strong></span> <span class='ocrx_word' id='word_1_44' title='bbox 1150 848 1251 900; x_wconf 81' lang='lat' dir='ltr'><strong>Croeso</strong></span> <span class='ocrx_word' id='word_1_45' title='bbox 1270 847 1379 900; x_wconf 81' lang='lat' dir='ltr'><strong>devicto</strong></span> 
     </span>
     <span class='ocr_line' id='line_1_6' title="bbox 244 913 1379 990; baseline -0.007 -14"><span class='ocrx_word' id='word_1_46' title='bbox 244 917 437 990; x_wconf 76' lang='grc' dir='ltr'><strong><em>ποιησάμενος</em></strong></span> <span class='ocrx_word' id='word_1_47' title='bbox 468 913 522 988; x_wconf 85' lang='grc' dir='ltr'><strong>τὴν</strong></span> <span class='ocrx_word' id='word_1_48' title='bbox 548 915 667 988; x_wconf 71' lang='grc' dir='ltr'><strong><em>πρώτην</em></strong></span> <span class='ocrx_word' id='word_1_49' title='bbox 694 913 783 986; x_wconf 78' lang='grc' dir='ltr'><strong><em>εἶναι]</em></strong></span> <span class='ocrx_word' id='word_1_50' title='bbox 835 920 978 986; x_wconf 84' lang='lat' dir='ltr'><strong>Lydisque</strong></span> <span class='ocrx_word' id='word_1_51' title='bbox 1000 920 1129 982; x_wconf 74' lang='lat' dir='ltr'><strong>subacta,</strong></span> <span class='ocrx_word' id='word_1_52' title='bbox 1152 918 1284 970; x_wconf 78' lang='lat' dir='ltr'><strong>Derbices</strong></span> <span class='ocrx_word' id='word_1_53' title='bbox 1306 917 1379 972; x_wconf 89' lang='lat' dir='ltr'><strong>bello</strong></span> 
     </span>
     <span class='ocr_line' id='line_1_7' title="bbox 243 987 1380 1061; baseline -0.006 -15"><span class='ocrx_word' id='word_1_54' title='bbox 243 994 388 1061; x_wconf 74' lang='lat' dir='ltr'><strong>Negotium</strong></span> <span class='ocrx_word' id='word_1_55' title='bbox 407 991 496 1044; x_wconf 81' lang='lat' dir='ltr'><strong>fecere</strong></span> <span class='ocrx_word' id='word_1_56' title='bbox 513 991 581 1043; x_wconf 85' lang='lat' dir='ltr'><strong>lrseo</strong></span> <span class='ocrx_word' id='word_1_57' title='bbox 601 991 685 1042; x_wconf 82' lang='lat' dir='ltr'><strong>verba</strong></span> <span class='ocrx_word' id='word_1_58' title='bbox 704 991 784 1040; x_wconf 88' lang='lat' dir='ltr'><strong>inter·</strong></span> <span class='ocrx_word' id='word_1_59' title='bbox 836 989 929 1054; x_wconf 85' lang='lat' dir='ltr'><strong>petiit,</strong></span> <span class='ocrx_word' id='word_1_60' title='bbox 961 1005 1024 1039; x_wconf 88' lang='lat' dir='ltr'><strong>mox</strong></span> <span class='ocrx_word' id='word_1_61' title='bbox 1048 989 1114 1039; x_wconf 80' lang='lat' dir='ltr'><strong>fatis</strong></span> <span class='ocrx_word' id='word_1_62' title='bbox 1141 1003 1267 1041; x_wconf 73' lang='lat' dir='ltr'><strong>seuerus</strong></span> <span class='ocrx_word' id='word_1_63' title='bbox 1296 987 1336 1054; x_wconf 65' lang='grc' dir='ltr'><strong>(ξ.</strong></span> <span class='ocrx_word' id='word_1_64' title='bbox 1359 988 1380 1039; x_wconf 83' lang='lat' dir='ltr'><strong>d</strong></span> 
     </span>
     <span class='ocr_line' id='line_1_8' title="bbox 243 1057 1380 1132; baseline -0.005 -14"><span class='ocrx_word' id='word_1_65' title='bbox 243 1066 378 1132; x_wconf 85' lang='lat' dir='ltr'><strong>pretibue,</strong></span> <span class='ocrx_word' id='word_1_66' title='bbox 401 1063 490 1114; x_wconf 82' lang='lat' dir='ltr'><strong>looum</strong></span> <span class='ocrx_word' id='word_1_67' title='bbox 510 1063 670 1114; x_wconf 88' lang='lat' dir='ltr'><strong>mendosum</strong></span> <span class='ocrx_word' id='word_1_68' title='bbox 693 1061 785 1114; x_wconf 83' lang='lat' dir='ltr'><strong>existi-</strong></span> <span class='ocrx_word' id='word_1_69' title='bbox 836 1075 913 1125; x_wconf 88' lang='lat' dir='ltr'><strong>seqq.</strong></span> <span class='ocrx_word' id='word_1_70' title='bbox 936 1057 1027 1124; x_wconf 73' lang='lat' dir='ltr'><strong>ibid).</strong></span> <span class='ocrx_word' id='word_1_71' title='bbox 1062 1060 1152 1124; x_wconf 79' lang='lat' dir='ltr'><strong>Atque</strong></span> <span class='ocrx_word' id='word_1_72' title='bbox 1175 1060 1235 1124; x_wconf 85' lang='lat' dir='ltr'><strong>ipse</strong></span> <span class='ocrx_word' id='word_1_73' title='bbox 1257 1058 1380 1112; x_wconf 87' lang='lat' dir='ltr'><strong>Herodo-</strong></span> 
     </span>
     <span class='ocr_line' id='line_1_9' title="bbox 243 1127 1379 1200; baseline -0.005 -14"><span class='ocrx_word' id='word_1_74' title='bbox 243 1133 393 1197; x_wconf 85' lang='lat' dir='ltr'><strong>mantibus,</strong></span> <span class='ocrx_word' id='word_1_75' title='bbox 410 1135 540 1200; x_wconf 79' lang='lat' dir='ltr'><strong>uarieque</strong></span> <span class='ocrx_word' id='word_1_76' title='bbox 557 1132 621 1182; x_wconf 89' lang='lat' dir='ltr'><strong>inde</strong></span> <span class='ocrx_word' id='word_1_77' title='bbox 637 1131 713 1182; x_wconf 91' lang='lat' dir='ltr'><strong>illum</strong></span> <span class='ocrx_word' id='word_1_78' title='bbox 727 1135 785 1181; x_wconf 89' lang='lat' dir='ltr'><strong>teu·</strong></span> <span class='ocrx_word' id='word_1_79' title='bbox 836 1134 894 1193; x_wconf 87' lang='lat' dir='ltr'><strong>tus,</strong></span> <span class='ocrx_word' id='word_1_80' title='bbox 914 1129 987 1196; x_wconf 93' lang='lat' dir='ltr'><strong>quod</strong></span> <span class='ocrx_word' id='word_1_81' title='bbox 1006 1129 1039 1180; x_wconf 87' lang='lat' dir='ltr'><strong>ad</strong></span> <span class='ocrx_word' id='word_1_82' title='bbox 1059 1129 1168 1179; x_wconf 82' lang='lat' dir='ltr'><strong>etesiae</strong></span> <span class='ocrx_word' id='word_1_83' title='bbox 1185 1127 1339 1192; x_wconf 74' lang='lat' dir='ltr'><strong>fragmenta</strong></span> <span class='ocrx_word' id='word_1_84' title='bbox 1350 1143 1379 1194; x_wconf 89' lang='lat' dir='ltr'><strong>p.</strong></span> 
     </span>
     <span class='ocr_line' id='line_1_10' title="bbox 242 1197 1380 1266; baseline -0.006 -11"><span class='ocrx_word' id='word_1_85' title='bbox 242 1205 374 1255; x_wconf 80' lang='lat' dir='ltr'><strong>lantibus.</strong></span> <span class='ocrx_word' id='word_1_86' title='bbox 412 1203 457 1254; x_wconf 79' lang='lat' dir='ltr'><strong>sie</strong></span> <span class='ocrx_word' id='word_1_87' title='bbox 473 1201 671 1253; x_wconf 80' lang='lat' dir='ltr'><strong>Valckenarius</strong></span> <span class='ocrx_word' id='word_1_88' title='bbox 686 1215 785 1266; x_wconf 90' lang='lat' dir='ltr'><strong>propo·</strong></span> <span class='ocrx_word' id='word_1_89' title='bbox 836 1197 870 1250; x_wconf 80' lang='lat'><strong>93</strong></span> <span class='ocrx_word' id='word_1_90' title='bbox 889 1215 947 1264; x_wconf 92' lang='lat' dir='ltr'><strong>seq.</strong></span> <span class='ocrx_word' id='word_1_91' title='bbox 965 1199 1071 1260; x_wconf 86' lang='lat' dir='ltr'><strong>monui,</strong></span> <span class='ocrx_word' id='word_1_92' title='bbox 1095 1199 1123 1248; x_wconf 86' lang='lat' dir='ltr'><strong>in</strong></span> <span class='ocrx_word' id='word_1_93' title='bbox 1143 1198 1301 1248; x_wconf 75' lang='lat' dir='ltr'><strong>narratione</strong></span> <span class='ocrx_word' id='word_1_94' title='bbox 1318 1209 1380 1263; x_wconf 84' lang='lat' dir='ltr'><strong>pro·</strong></span> 
     </span>
     <span class='ocr_line' id='line_1_11' title="bbox 242 1261 1380 1334; baseline -0.008 -8"><span class='ocrx_word' id='word_1_95' title='bbox 242 1273 296 1326; x_wconf 89' lang='lat' dir='ltr'><strong>nit:</strong></span> <span class='ocrx_word' id='word_1_96' title='bbox 327 1269 376 1324; x_wconf 66' lang='lat' dir='ltr'><strong>aet</strong></span> <span class='ocrx_word' id='word_1_97' title='bbox 408 1263 464 1322; x_wconf 73' lang='grc' dir='ltr'><strong>ἐπὶ</strong></span> <span class='ocrx_word' id='word_1_98' title='bbox 494 1263 595 1330; x_wconf 80' lang='grc' dir='ltr'><strong><em>Ἴωνας</em></strong></span> <span class='ocrx_word' id='word_1_99' title='bbox 626 1263 656 1322; x_wconf 80' lang='grc' dir='ltr'><strong>ἐν</strong></span> <span class='ocrx_word' id='word_1_100' title='bbox 686 1261 785 1320; x_wconf 71' lang='lat' dir='ltr'><strong>otewt</strong></span> <span class='ocrx_word' id='word_1_101' title='bbox 837 1285 962 1334; x_wconf 60' lang='lat' dir='ltr'><strong>pasus,</strong></span> <span class='ocrx_word' id='word_1_102' title='bbox 981 1285 1031 1320; x_wconf 86' lang='lat' dir='ltr'><strong>nee</strong></span> <span class='ocrx_word' id='word_1_103' title='bbox 1049 1268 1082 1320; x_wconf 81' lang='lat' dir='ltr'><strong>de</strong></span> <span class='ocrx_word' id='word_1_104' title='bbox 1100 1269 1208 1318; x_wconf 76' lang='lat' dir='ltr'><strong>Bactris</strong></span> <span class='ocrx_word' id='word_1_105' title='bbox 1223 1281 1274 1318; x_wconf 86' lang='lat' dir='ltr'><strong>ueo</strong></span> <span class='ocrx_word' id='word_1_106' title='bbox 1291 1268 1325 1318; x_wconf 87' lang='lat' dir='ltr'><strong>de</strong></span> <span class='ocrx_word' id='word_1_107' title='bbox 1338 1285 1380 1324; x_wconf 81' lang='lat' dir='ltr'><strong>re-</strong></span> 
     </span>
     <span class='ocr_line' id='line_1_12' title="bbox 241 1332 1378 1410; baseline -0.005 -17"><span class='ocrx_word' id='word_1_108' title='bbox 241 1336 315 1410; x_wconf 74' lang='grc' dir='ltr'><strong><em>λόγιμ</em></strong></span> <span class='ocrx_word' id='word_1_109' title='bbox 332 1333 526 1405; x_wconf 78' lang='grc' dir='ltr'><strong><em>ποιησάμενος</em></strong></span> <span class='ocrx_word' id='word_1_110' title='bbox 542 1333 595 1406; x_wconf 81' lang='grc' dir='ltr'><strong>τὴν</strong></span> <span class='ocrx_word' id='word_1_111' title='bbox 607 1332 725 1406; x_wconf 72' lang='grc' dir='ltr'><strong><em>πρώτην</em></strong></span> <span class='ocrx_word' id='word_1_112' title='bbox 743 1334 785 1388; x_wconf 80' lang='grc' dir='ltr'><strong>ἰὲ-</strong></span> <span class='ocrx_word' id='word_1_113' title='bbox 835 1339 917 1406; x_wconf 90' lang='lat' dir='ltr'><strong>liquis</strong></span> <span class='ocrx_word' id='word_1_114' title='bbox 939 1339 1067 1405; x_wconf 83' lang='lat' dir='ltr'><strong>gentibus</strong></span> <span class='ocrx_word' id='word_1_115' title='bbox 1088 1335 1235 1404; x_wconf 75' lang='lat' dir='ltr'><strong>quidquam</strong></span> <span class='ocrx_word' id='word_1_116' title='bbox 1255 1337 1378 1402; x_wconf 88' lang='lat' dir='ltr'><strong>protulit,</strong></span> 
     </span>
     <span class='ocr_line' id='line_1_13' title="bbox 243 1402 1379 1475; baseline -0.004 -13"><span class='ocrx_word' id='word_1_117' title='bbox 243 1425 299 1462; x_wconf 85' lang='grc' dir='ltr'><strong>ναι</strong></span> <span class='ocrx_word' id='word_1_118' title='bbox 318 1412 362 1462; x_wconf 80' lang='lat' dir='ltr'><strong>vel</strong></span> <span class='ocrx_word' id='word_1_119' title='bbox 380 1402 491 1473; x_wconf 76' lang='grc' dir='ltr'><strong><em>εἶναι,</em></strong></span> <span class='ocrx_word' id='word_1_120' title='bbox 519 1425 679 1475; x_wconf 80' lang='lat' dir='ltr'><strong>comparans</strong></span> <span class='ocrx_word' id='word_1_121' title='bbox 703 1407 786 1475; x_wconf 84' lang='lat' dir='ltr'><strong>gomi·</strong></span> <span class='ocrx_word' id='word_1_122' title='bbox 836 1409 880 1459; x_wconf 88' lang='lat' dir='ltr'><strong>vel</strong></span> <span class='ocrx_word' id='word_1_123' title='bbox 902 1409 985 1475; x_wconf 84' lang='lat' dir='ltr'><strong>plane</strong></span> <span class='ocrx_word' id='word_1_124' title='bbox 1010 1407 1109 1459; x_wconf 84' lang='lat' dir='ltr'><strong>oblitus</strong></span> <span class='ocrx_word' id='word_1_125' title='bbox 1132 1407 1176 1458; x_wconf 88' lang='lat' dir='ltr'><strong>vel</strong></span> <span class='ocrx_word' id='word_1_126' title='bbox 1201 1408 1315 1458; x_wconf 89' lang='lat' dir='ltr'><strong>aliarum</strong></span> <span class='ocrx_word' id='word_1_127' title='bbox 1338 1425 1379 1458; x_wconf 89' lang='lat' dir='ltr'><strong>re-</strong></span> 
     </span>
     <span class='ocr_line' id='line_1_14' title="bbox 243 1478 1378 1544; baseline -0.005 -8"><span class='ocrx_word' id='word_1_128' title='bbox 243 1495 308 1536; x_wconf 79' lang='lat' dir='ltr'><strong>num</strong></span> <span class='ocrx_word' id='word_1_129' title='bbox 324 1481 415 1534; x_wconf 74' lang='lat' dir='ltr'><strong>locum</strong></span> <span class='ocrx_word' id='word_1_130' title='bbox 433 1479 567 1543; x_wconf 79' lang='lat'><strong>111,134.</strong></span> <span class='ocrx_word' id='word_1_131' title='bbox 604 1479 662 1530; x_wconf 79' lang='lat' dir='ltr'><strong>Nee</strong></span> <span class='ocrx_word' id='word_1_132' title='bbox 679 1479 786 1530; x_wconf 82' lang='lat' dir='ltr'><strong>Wesse-</strong></span> <span class='ocrx_word' id='word_1_133' title='bbox 836 1495 909 1543; x_wconf 84' lang='lat' dir='ltr'><strong>rum,</strong></span> <span class='ocrx_word' id='word_1_134' title='bbox 931 1484 1001 1544; x_wconf 80' lang='lat' dir='ltr'><strong>quae</strong></span> <span class='ocrx_word' id='word_1_135' title='bbox 1010 1479 1175 1532; x_wconf 84' lang='lat' dir='ltr'><strong>Graecorum</strong></span> <span class='ocrx_word' id='word_1_136' title='bbox 1191 1478 1307 1531; x_wconf 73' lang='lat' dir='ltr'><strong>forsitan</strong></span> <span class='ocrx_word' id='word_1_137' title='bbox 1321 1479 1378 1530; x_wconf 77' lang='lat' dir='ltr'><strong>ani-</strong></span> 
     </span>
     <span class='ocr_line' id='line_1_15' title="bbox 241 1547 1378 1616; baseline -0.003 -15"><span class='ocrx_word' id='word_1_138' title='bbox 241 1549 326 1616; x_wconf 82' lang='lat' dir='ltr'><strong>lingio</strong></span> <span class='ocrx_word' id='word_1_139' title='bbox 355 1550 424 1600; x_wconf 83' lang='lat' dir='ltr'><strong>haee</strong></span> <span class='ocrx_word' id='word_1_140' title='bbox 450 1549 592 1615; x_wconf 71' lang='lat' dir='ltr'><strong>displicuit</strong></span> <span class='ocrx_word' id='word_1_141' title='bbox 620 1547 785 1612; x_wconf 83' lang='lat' dir='ltr'><strong>coniectura,</strong></span> <span class='ocrx_word' id='word_1_142' title='bbox 837 1565 895 1599; x_wconf 88' lang='lat' dir='ltr'><strong>mos</strong></span> <span class='ocrx_word' id='word_1_143' title='bbox 910 1550 998 1614; x_wconf 83' lang='lat' dir='ltr'><strong>magis</strong></span> <span class='ocrx_word' id='word_1_144' title='bbox 1017 1549 1202 1610; x_wconf 86' lang='lat' dir='ltr'><strong>adverterent,</strong></span> <span class='ocrx_word' id='word_1_145' title='bbox 1222 1548 1378 1598; x_wconf 77' lang='lat' dir='ltr'><strong>narratione</strong></span> 
     </span>
     <span class='ocr_line' id='line_1_16' title="bbox 242 1615 1380 1684; baseline -0.004 -12"><span class='ocrx_word' id='word_1_146' title='bbox 242 1637 302 1672; x_wconf 91' lang='lat' dir='ltr'><strong>cum</strong></span> <span class='ocrx_word' id='word_1_147' title='bbox 321 1619 395 1684; x_wconf 87' lang='lat' dir='ltr'><strong>prius</strong></span> <span class='ocrx_word' id='word_1_148' title='bbox 408 1619 491 1670; x_wconf 86' lang='lat' dir='ltr'><strong>verba</strong></span> <span class='ocrx_word' id='word_1_149' title='bbox 509 1619 549 1668; x_wconf 85' lang='lat' dir='ltr'><strong>aio</strong></span> <span class='ocrx_word' id='word_1_150' title='bbox 562 1619 713 1668; x_wconf 85' lang='lat' dir='ltr'><strong>ordinanda</strong></span> <span class='ocrx_word' id='word_1_151' title='bbox 726 1633 786 1668; x_wconf 87' lang='lat' dir='ltr'><strong>een·</strong></span> <span class='ocrx_word' id='word_1_152' title='bbox 837 1619 976 1684; x_wconf 89' lang='lat' dir='ltr'><strong>abreptus.</strong></span> <span class='ocrx_word' id='word_1_153' title='bbox 1013 1619 1070 1668; x_wconf 85' lang='lat' dir='ltr'><strong>Nee</strong></span> <span class='ocrx_word' id='word_1_154' title='bbox 1083 1615 1315 1682; x_wconf 87' lang='lat' dir='ltr'><strong>aliudquidquam</strong></span> <span class='ocrx_word' id='word_1_155' title='bbox 1327 1619 1380 1668; x_wconf 87' lang='lat' dir='ltr'><strong>Xe-</strong></span> 
     </span>
     <span class='ocr_line' id='line_1_17' title="bbox 242 1678 1379 1754; baseline -0.003 -14"><span class='ocrx_word' id='word_1_156' title='bbox 242 1691 355 1740; x_wconf 88' lang='lat' dir='ltr'><strong>sulsset:</strong></span> <span class='ocrx_word' id='word_1_157' title='bbox 374 1683 423 1737; x_wconf 78' lang='lat' dir='ltr'><strong>aul</strong></span> <span class='ocrx_word' id='word_1_158' title='bbox 441 1678 621 1745; x_wconf 79' lang='grc' dir='ltr'><strong><em>τοὺςἼωνας</em></strong></span> <span class='ocrx_word' id='word_1_159' title='bbox 638 1680 691 1752; x_wconf 83' lang='grc' dir='ltr'><strong>τὴν</strong></span> <span class='ocrx_word' id='word_1_160' title='bbox 707 1679 784 1750; x_wconf 77' lang='grc' dir='ltr'><strong><em>πρά-</em></strong></span> <span class='ocrx_word' id='word_1_161' title='bbox 836 1688 946 1754; x_wconf 87' lang='lat' dir='ltr'><strong>nophon</strong></span> <span class='ocrx_word' id='word_1_162' title='bbox 971 1684 1137 1754; x_wconf 80' lang='lat' dir='ltr'><strong>(Cyropaed.</strong></span> <span class='ocrx_word' id='word_1_163' title='bbox 1168 1687 1238 1749; x_wconf 82' lang='lat'><strong>1,1‚</strong></span> <span class='ocrx_word' id='word_1_164' title='bbox 1264 1685 1302 1753; x_wconf 79' lang='lat'><strong>4),</strong></span> <span class='ocrx_word' id='word_1_165' title='bbox 1325 1688 1379 1737; x_wconf 86' lang='lat' dir='ltr'><strong>nisi</strong></span> 
     </span>
     <span class='ocr_line' id='line_1_18' title="bbox 241 1749 1379 1824; baseline 0 -16"><span class='ocrx_word' id='word_1_166' title='bbox 241 1775 294 1824; x_wconf 79' lang='grc' dir='ltr'><strong>την</strong></span> <span class='ocrx_word' id='word_1_167' title='bbox 312 1749 342 1808; x_wconf 77' lang='grc' dir='ltr'><strong>ἐν</strong></span> <span class='ocrx_word' id='word_1_168' title='bbox 358 1749 421 1808; x_wconf 77' lang='grc' dir='ltr'><strong>οάδ.</strong></span> <span class='ocrx_word' id='word_1_169' title='bbox 439 1758 462 1807; x_wconf 82' lang='lat' dir='ltr'><strong>t.</strong></span> <span class='ocrx_word' id='word_1_170' title='bbox 484 1749 677 1822; x_wconf 82' lang='grc' dir='ltr'><strong><em>ποιησάμενος</em></strong></span> <span class='ocrx_word' id='word_1_171' title='bbox 700 1749 783 1820; x_wconf 75' lang='grc' dir='ltr'><strong>εἶναι,</strong></span> <span class='ocrx_word' id='word_1_172' title='bbox 836 1757 947 1822; x_wconf 88' lang='lat' dir='ltr'><strong>quodin</strong></span> <span class='ocrx_word' id='word_1_173' title='bbox 963 1757 1090 1823; x_wconf 81' lang='lat' dir='ltr'><strong>gentibus</strong></span> <span class='ocrx_word' id='word_1_174' title='bbox 1103 1757 1175 1822; x_wconf 83' lang='lat' dir='ltr'><strong>Cyro</strong></span> <span class='ocrx_word' id='word_1_175' title='bbox 1188 1757 1379 1808; x_wconf 86' lang='lat' dir='ltr'><strong>subieetieBa-</strong></span> 
     </span>
     <span class='ocr_line' id='line_1_19' title="bbox 241 1827 1377 1891; baseline -0.001 -11"><span class='ocrx_word' id='word_1_176' title='bbox 241 1838 266 1880; x_wconf 83' lang='lat' dir='ltr'><strong>et</strong></span> <span class='ocrx_word' id='word_1_177' title='bbox 282 1829 368 1880; x_wconf 84' lang='lat' dir='ltr'><strong>Ionam</strong></span> <span class='ocrx_word' id='word_1_178' title='bbox 385 1829 477 1878; x_wconf 79' lang='lat' dir='ltr'><strong>nullam</strong></span> <span class='ocrx_word' id='word_1_179' title='bbox 498 1828 569 1879; x_wconf 77' lang='lat' dir='ltr'><strong>britio</strong></span> <span class='ocrx_word' id='word_1_180' title='bbox 594 1829 716 1878; x_wconf 82' lang='lat' dir='ltr'><strong>rationem</strong></span> <span class='ocrx_word' id='word_1_181' title='bbox 738 1827 784 1876; x_wconf 85' lang='lat' dir='ltr'><strong>lla-</strong></span> <span class='ocrx_word' id='word_1_182' title='bbox 836 1833 910 1879; x_wconf 87' lang='lat' dir='ltr'><strong>etros</strong></span> <span class='ocrx_word' id='word_1_183' title='bbox 926 1834 954 1878; x_wconf 86' lang='lat' dir='ltr'><strong>et</strong></span> <span class='ocrx_word' id='word_1_184' title='bbox 970 1829 1055 1879; x_wconf 83' lang='lat' dir='ltr'><strong>Saeas</strong></span> <span class='ocrx_word' id='word_1_185' title='bbox 1074 1828 1206 1878; x_wconf 87' lang='lat' dir='ltr'><strong>nominat.</strong></span> <span class='ocrx_word' id='word_1_186' title='bbox 1242 1827 1377 1891; x_wconf 78' lang='lat' dir='ltr'><strong>DeSaoie,</strong></span> 
     </span>
     <span class='ocr_line' id='line_1_20' title="bbox 241 1897 1377 1964; baseline -0.001 -16"><span class='ocrx_word' id='word_1_187' title='bbox 241 1899 346 1950; x_wconf 81' lang='lat' dir='ltr'><strong>bendum</strong></span> <span class='ocrx_word' id='word_1_188' title='bbox 363 1913 419 1949; x_wconf 79' lang='lat' dir='ltr'><strong>ease</strong></span> <span class='ocrx_word' id='word_1_189' title='bbox 436 1905 517 1948; x_wconf 84' lang='lat' dir='ltr'><strong>ratus.</strong></span> <span class='ocrx_word' id='word_1_190' title='bbox 555 1897 609 1948; x_wconf 83' lang='lat' dir='ltr'><strong>Sed</strong></span> <span class='ocrx_word' id='word_1_191' title='bbox 632 1901 705 1947; x_wconf 85' lang='lat' dir='ltr'><strong>reete</strong></span> <span class='ocrx_word' id='word_1_192' title='bbox 728 1911 784 1946; x_wconf 89' lang='lat' dir='ltr'><strong>mo·</strong></span> <span class='ocrx_word' id='word_1_193' title='bbox 836 1913 904 1963; x_wconf 88' lang='lat' dir='ltr'><strong>qnos</strong></span> <span class='ocrx_word' id='word_1_194' title='bbox 927 1897 1043 1964; x_wconf 75' lang='lat' dir='ltr'><strong>Scythas</strong></span> <span class='ocrx_word' id='word_1_195' title='bbox 1068 1913 1128 1948; x_wconf 87' lang='lat' dir='ltr'><strong>esse</strong></span> <span class='ocrx_word' id='word_1_196' title='bbox 1149 1902 1290 1962; x_wconf 85' lang='lat' dir='ltr'><strong>putamus,</strong></span> <span class='ocrx_word' id='word_1_197' title='bbox 1314 1913 1377 1964; x_wconf 78' lang='lat' dir='ltr'><strong>gen-</strong></span> 
     </span>
     <span class='ocr_line' id='line_1_21' title="bbox 241 1966 1378 2034; baseline 0 -16"><span class='ocrx_word' id='word_1_198' title='bbox 241 1974 288 2019; x_wconf 90' lang='lat' dir='ltr'><strong>net</strong></span> <span class='ocrx_word' id='word_1_199' title='bbox 309 1967 471 2032; x_wconf 65' lang='lat' dir='ltr'><strong>Schweigh„</strong></span> <span class='ocrx_word' id='word_1_200' title='bbox 495 1968 524 2016; x_wconf 90' lang='lat' dir='ltr'><strong>in</strong></span> <span class='ocrx_word' id='word_1_201' title='bbox 546 1967 684 2034; x_wconf 76' lang='lat' dir='ltr'><strong>frequenti</strong></span> <span class='ocrx_word' id='word_1_202' title='bbox 711 1966 783 2032; x_wconf 89' lang='lat' dir='ltr'><strong>apud</strong></span> <span class='ocrx_word' id='word_1_203' title='bbox 835 1972 890 2018; x_wconf 89' lang='lat' dir='ltr'><strong>tem</strong></span> <span class='ocrx_word' id='word_1_204' title='bbox 912 1967 1073 2032; x_wconf 87' lang='lat' dir='ltr'><strong>nomadum,</strong></span> <span class='ocrx_word' id='word_1_205' title='bbox 1098 1982 1170 2033; x_wconf 86' lang='lat' dir='ltr'><strong>quae</strong></span> <span class='ocrx_word' id='word_1_206' title='bbox 1189 1969 1314 2034; x_wconf 82' lang='lat' dir='ltr'><strong>regiones</strong></span> <span class='ocrx_word' id='word_1_207' title='bbox 1333 1983 1378 2018; x_wconf 88' lang='lat' dir='ltr'><strong>su-</strong></span> 
     </span>
     <span class='ocr_line' id='line_1_22' title="bbox 240 2027 1376 2102; baseline -0.001 -14"><span class='ocrx_word' id='word_1_208' title='bbox 240 2039 371 2088; x_wconf 80' lang='lat' dir='ltr'><strong>Nosirum</strong></span> <span class='ocrx_word' id='word_1_209' title='bbox 398 2051 449 2086; x_wconf 84' lang='lat' dir='ltr'><strong>usu</strong></span> <span class='ocrx_word' id='word_1_210' title='bbox 476 2036 605 2087; x_wconf 85' lang='lat' dir='ltr'><strong>dictionis</strong></span> <span class='ocrx_word' id='word_1_211' title='bbox 629 2027 660 2085; x_wconf 74' lang='lat' dir='ltr'><strong>lv</strong></span> <span class='ocrx_word' id='word_1_212' title='bbox 684 2027 783 2086; x_wconf 72' lang='grc' dir='ltr'><strong><em>οὐδενὶ</em></strong></span> <span class='ocrx_word' id='word_1_213' title='bbox 834 2053 885 2102; x_wconf 86' lang='lat' dir='ltr'><strong>pra</strong></span> <span class='ocrx_word' id='word_1_214' title='bbox 900 2037 1039 2090; x_wconf 75' lang='lat' dir='ltr'><strong>Persidem</strong></span> <span class='ocrx_word' id='word_1_215' title='bbox 1057 2053 1091 2089; x_wconf 87' lang='lat' dir='ltr'><strong>ao</strong></span> <span class='ocrx_word' id='word_1_216' title='bbox 1109 2037 1227 2088; x_wconf 82' lang='lat' dir='ltr'><strong>Mediam</strong></span> <span class='ocrx_word' id='word_1_217' title='bbox 1250 2038 1376 2101; x_wconf 85' lang='lat' dir='ltr'><strong>tenuerit,</strong></span> 
     </span>
     <span class='ocr_line' id='line_1_23' title="bbox 241 2099 1375 2174; baseline 0.004 -19"><span class='ocrx_word' id='word_1_218' title='bbox 241 2099 314 2172; x_wconf 74' lang='grc' dir='ltr'><strong>λόγῳ</strong></span> <span class='ocrx_word' id='word_1_219' title='bbox 337 2105 487 2155; x_wconf 76' lang='grc' dir='ltr'><strong><em>ποιεῖσθαι</em></strong></span> <span class='ocrx_word' id='word_1_220' title='bbox 518 2110 545 2156; x_wconf 89' lang='lat' dir='ltr'><strong>et</strong></span> <span class='ocrx_word' id='word_1_221' title='bbox 567 2106 630 2156; x_wconf 89' lang='lat' dir='ltr'><strong>huie</strong></span> <span class='ocrx_word' id='word_1_222' title='bbox 655 2105 783 2155; x_wconf 88' lang='lat' dir='ltr'><strong>similium</strong></span> <span class='ocrx_word' id='word_1_223' title='bbox 835 2107 891 2158; x_wconf 85' lang='lat' dir='ltr'><strong>vid.</strong></span> <span class='ocrx_word' id='word_1_224' title='bbox 906 2107 1025 2158; x_wconf 87' lang='lat' dir='ltr'><strong>uott.ad</strong></span> <span class='ocrx_word' id='word_1_225' title='bbox 1042 2107 1152 2160; x_wconf 80' lang='lat' dir='ltr'><strong>Ctesias</strong></span> <span class='ocrx_word' id='word_1_226' title='bbox 1170 2107 1296 2174; x_wconf 80' lang='lat' dir='ltr'><strong>fragmm.</strong></span> <span class='ocrx_word' id='word_1_227' title='bbox 1311 2125 1375 2174; x_wconf 68' lang='lat' dir='ltr'><strong>paq.</strong></span> 
     </span>
     <span class='ocr_line' id='line_1_24' title="bbox 241 2167 1376 2243; baseline 0.004 -18"><span class='ocrx_word' id='word_1_228' title='bbox 241 2191 375 2240; x_wconf 84' lang='lat' dir='ltr'><strong>nusquam</strong></span> <span class='ocrx_word' id='word_1_229' title='bbox 399 2175 465 2225; x_wconf 85' lang='lat' dir='ltr'><strong>alibi</strong></span> <span class='ocrx_word' id='word_1_230' title='bbox 487 2175 600 2226; x_wconf 83' lang='lat' dir='ltr'><strong>verbum</strong></span> <span class='ocrx_word' id='word_1_231' title='bbox 619 2167 693 2224; x_wconf 81' lang='lat' dir='ltr'><strong>alvus</strong></span> <span class='ocrx_word' id='word_1_232' title='bbox 711 2175 785 2226; x_wconf 74' lang='lat' dir='ltr'><strong>odie·</strong></span> <span class='ocrx_word' id='word_1_233' title='bbox 835 2177 869 2230; x_wconf 83' lang='lat'><strong>95</strong></span> <span class='ocrx_word' id='word_1_234' title='bbox 891 2193 968 2243; x_wconf 84' lang='lat' dir='ltr'><strong>seqq.</strong></span> <span class='ocrx_word' id='word_1_235' title='bbox 992 2183 1019 2230; x_wconf 85' lang='lat' dir='ltr'><strong>et</strong></span> <span class='ocrx_word' id='word_1_236' title='bbox 1042 2178 1117 2230; x_wconf 81' lang='lat' dir='ltr'><strong>inira</strong></span> <span class='ocrx_word' id='word_1_237' title='bbox 1140 2175 1174 2228; x_wconf 84' lang='lat' dir='ltr'><strong>ad</strong></span> <span class='ocrx_word' id='word_1_238' title='bbox 1197 2177 1300 2230; x_wconf 86' lang='lat' dir='ltr'><strong>Herod.</strong></span> <span class='ocrx_word' id='word_1_239' title='bbox 1324 2177 1376 2240; x_wconf 88' lang='lat'><strong>111,</strong></span> 
     </span>
     <span class='ocr_line' id='line_1_25' title="bbox 242 2237 1377 2312; baseline 0.002 -16"><span class='ocrx_word' id='word_1_240' title='bbox 242 2251 314 2296; x_wconf 87' lang='lat' dir='ltr'><strong>ctum</strong></span> <span class='ocrx_word' id='word_1_241' title='bbox 327 2245 454 2304; x_wconf 64' lang='lat' dir='ltr'><strong>invenirig</strong></span> <span class='ocrx_word' id='word_1_242' title='bbox 470 2245 543 2309; x_wconf 89' lang='lat' dir='ltr'><strong>quod</strong></span> <span class='ocrx_word' id='word_1_243' title='bbox 554 2245 578 2293; x_wconf 94' lang='lat' dir='ltr'><strong>si</strong></span> <span class='ocrx_word' id='word_1_244' title='bbox 591 2245 720 2296; x_wconf 85' lang='lat' dir='ltr'><strong>adverbio</strong></span> <span class='ocrx_word' id='word_1_245' title='bbox 730 2237 784 2310; x_wconf 72' lang='grc' dir='ltr'><strong>τὴν</strong></span> <span class='ocrx_word' id='word_1_246' title='bbox 834 2245 878 2298; x_wconf 80' lang='grc'><strong>93.</strong></span> <span class='ocrx_word' id='word_1_247' title='bbox 897 2247 962 2306; x_wconf 84' lang='lat' dir='ltr'><strong>VII,</strong></span> <span class='ocrx_word' id='word_1_248' title='bbox 976 2247 1018 2299; x_wconf 81' lang='grc'><strong>64.</strong></span> <span class='ocrx_word' id='word_1_249' title='bbox 1055 2249 1098 2298; x_wconf 89' lang='lat' dir='ltr'><strong>De</strong></span> <span class='ocrx_word' id='word_1_250' title='bbox 1114 2247 1248 2312; x_wconf 73' lang='grc' dir='ltr'><strong><em>Αιμμμιίἰο</em></strong></span> <span class='ocrx_word' id='word_1_251' title='bbox 1266 2248 1305 2298; x_wconf 87' lang='lat' dir='ltr'><strong>ita</strong></span> <span class='ocrx_word' id='word_1_252' title='bbox 1322 2251 1377 2298; x_wconf 88' lang='lat' dir='ltr'><strong>sta-</strong></span> 
     </span>
     <span class='ocr_line' id='line_1_26' title="bbox 240 2307 1376 2384; baseline 0.001 -20"><span class='ocrx_word' id='word_1_253' title='bbox 240 2307 358 2379; x_wconf 76' lang='grc' dir='ltr'><strong><em>πριάτην</em></strong></span> <span class='ocrx_word' id='word_1_254' title='bbox 375 2315 497 2364; x_wconf 79' lang='lat' dir='ltr'><strong>inustum</strong></span> <span class='ocrx_word' id='word_1_255' title='bbox 515 2315 654 2366; x_wconf 88' lang='lat' dir='ltr'><strong>abundare</strong></span> <span class='ocrx_word' id='word_1_256' title='bbox 672 2315 782 2376; x_wconf 76' lang='lat' dir='ltr'><strong>dixeris,</strong></span> <span class='ocrx_word' id='word_1_257' title='bbox 835 2318 889 2368; x_wconf 90' lang='lat' dir='ltr'><strong>tuit</strong></span> <span class='ocrx_word' id='word_1_258' title='bbox 907 2318 965 2384; x_wconf 81' lang='lat' dir='ltr'><strong>Ley</strong></span> <span class='ocrx_word' id='word_1_259' title='bbox 983 2317 1064 2380; x_wconf 81' lang='lat' dir='ltr'><strong>(Fata</strong></span> <span class='ocrx_word' id='word_1_260' title='bbox 1084 2317 1200 2380; x_wconf 77' lang='lat' dir='ltr'><strong>Aegypt.</strong></span> <span class='ocrx_word' id='word_1_261' title='bbox 1220 2319 1318 2378; x_wconf 77' lang='lat' dir='ltr'><strong>step.</strong></span> <span class='ocrx_word' id='word_1_262' title='bbox 1338 2313 1376 2378; x_wconf 92' lang='grc'><strong>7),</strong></span> 
     </span>
     <span class='ocr_line' id='line_1_27' title="bbox 240 2383 1375 2450; baseline -0.001 -16"><span class='ocrx_word' id='word_1_263' title='bbox 240 2401 295 2434; x_wconf 90' lang='lat' dir='ltr'><strong>non</strong></span> <span class='ocrx_word' id='word_1_264' title='bbox 317 2388 391 2434; x_wconf 85' lang='lat' dir='ltr'><strong>certe</strong></span> <span class='ocrx_word' id='word_1_265' title='bbox 407 2383 564 2434; x_wconf 77' lang='lat' dir='ltr'><strong>Herodoteo</strong></span> <span class='ocrx_word' id='word_1_266' title='bbox 583 2385 645 2434; x_wconf 85' lang='lat' dir='ltr'><strong>usui</strong></span> <span class='ocrx_word' id='word_1_267' title='bbox 667 2385 719 2434; x_wconf 90' lang='lat' dir='ltr'><strong>hoe</strong></span> <span class='ocrx_word' id='word_1_268' title='bbox 737 2384 784 2434; x_wconf 89' lang='lat' dir='ltr'><strong>ad·</strong></span> <span class='ocrx_word' id='word_1_269' title='bbox 834 2391 865 2436; x_wconf 90' lang='lat' dir='ltr'><strong>ut</strong></span> <span class='ocrx_word' id='word_1_270' title='bbox 882 2387 995 2438; x_wconf 83' lang='lat' dir='ltr'><strong>Amasin</strong></span> <span class='ocrx_word' id='word_1_271' title='bbox 1013 2401 1117 2450; x_wconf 76' lang='lat' dir='ltr'><strong>regem,</strong></span> <span class='ocrx_word' id='word_1_272' title='bbox 1136 2385 1182 2448; x_wconf 91' lang='lat' dir='ltr'><strong>qui</strong></span> <span class='ocrx_word' id='word_1_273' title='bbox 1199 2400 1258 2433; x_wconf 87' lang='lat' dir='ltr'><strong>eum</strong></span> <span class='ocrx_word' id='word_1_274' title='bbox 1275 2383 1375 2436; x_wconf 85' lang='lat' dir='ltr'><strong>Croeso</strong></span> 
     </span>
     <span class='ocr_line' id='line_1_28' title="bbox 238 2451 1375 2519; baseline -0.002 -15"><span class='ocrx_word' id='word_1_275' title='bbox 238 2455 402 2516; x_wconf 77' lang='lat' dir='ltr'><strong>versabitur,</strong></span> <span class='ocrx_word' id='word_1_276' title='bbox 421 2453 554 2519; x_wconf 86' lang='lat' dir='ltr'><strong>simulque</strong></span> <span class='ocrx_word' id='word_1_277' title='bbox 567 2455 642 2504; x_wconf 85' lang='lat' dir='ltr'><strong>locus</strong></span> <span class='ocrx_word' id='word_1_278' title='bbox 655 2454 722 2519; x_wconf 80' lang='lat' dir='ltr'><strong>ipae,</strong></span> <span class='ocrx_word' id='word_1_279' title='bbox 737 2455 784 2518; x_wconf 90' lang='lat' dir='ltr'><strong>qui</strong></span> <span class='ocrx_word' id='word_1_280' title='bbox 833 2456 943 2508; x_wconf 79' lang='lat' dir='ltr'><strong>iunctus</strong></span> <span class='ocrx_word' id='word_1_281' title='bbox 961 2455 1067 2507; x_wconf 84' lang='lat' dir='ltr'><strong>foedere</strong></span> <span class='ocrx_word' id='word_1_282' title='bbox 1087 2453 1200 2517; x_wconf 85' lang='lat' dir='ltr'><strong>(Herod.</strong></span> <span class='ocrx_word' id='word_1_283' title='bbox 1219 2453 1242 2516; x_wconf 89' lang='lat' dir='ltr'><strong>I,</strong></span> <span class='ocrx_word' id='word_1_284' title='bbox 1257 2451 1301 2514; x_wconf 89' lang='grc'><strong>77)</strong></span> <span class='ocrx_word' id='word_1_285' title='bbox 1311 2457 1375 2517; x_wconf 87' lang='lat' dir='ltr'><strong>post</strong></span> 
     </span>
     <span class='ocr_line' id='line_1_29' title="bbox 239 2521 1375 2591; baseline 0.001 -17"><span class='ocrx_word' id='word_1_286' title='bbox 239 2525 343 2590; x_wconf 83' lang='lat' dir='ltr'><strong>pariter</strong></span> <span class='ocrx_word' id='word_1_287' title='bbox 356 2523 389 2572; x_wconf 86' lang='lat' dir='ltr'><strong>ab</strong></span> <span class='ocrx_word' id='word_1_288' title='bbox 402 2524 525 2574; x_wconf 88' lang='lat' dir='ltr'><strong>omnibus</strong></span> <span class='ocrx_word' id='word_1_289' title='bbox 537 2523 615 2573; x_wconf 87' lang='lat' dir='ltr'><strong>libris</strong></span> <span class='ocrx_word' id='word_1_290' title='bbox 626 2537 707 2573; x_wconf 88' lang='lat' dir='ltr'><strong>manu</strong></span> <span class='ocrx_word' id='word_1_291' title='bbox 718 2523 784 2574; x_wconf 85' lang='lat' dir='ltr'><strong>seri·</strong></span> <span class='ocrx_word' id='word_1_292' title='bbox 834 2525 935 2576; x_wconf 87' lang='lat' dir='ltr'><strong>Sardes</strong></span> <span class='ocrx_word' id='word_1_293' title='bbox 964 2529 1132 2591; x_wconf 78' lang='lat' dir='ltr'><strong>expugnatas</strong></span> <span class='ocrx_word' id='word_1_294' title='bbox 1160 2522 1224 2586; x_wconf 78' lang='lat' dir='ltr'><strong>cyri</strong></span> <span class='ocrx_word' id='word_1_295' title='bbox 1245 2521 1375 2575; x_wconf 84' lang='lat' dir='ltr'><strong>ultionem</strong></span> 
     </span>
     <span class='ocr_line' id='line_1_30' title="bbox 239 2592 1375 2660; baseline -0.001 -17"><span class='ocrx_word' id='word_1_296' title='bbox 239 2594 294 2660; x_wconf 84' lang='lat' dir='ltr'><strong>ptis</strong></span> <span class='ocrx_word' id='word_1_297' title='bbox 312 2593 465 2656; x_wconf 81' lang='lat' dir='ltr'><strong>exhibetur,</strong></span> <span class='ocrx_word' id='word_1_298' title='bbox 485 2593 627 2643; x_wconf 82' lang='lat' dir='ltr'><strong>incolumis</strong></span> <span class='ocrx_word' id='word_1_299' title='bbox 645 2598 717 2644; x_wconf 83' lang='lat' dir='ltr'><strong>stare</strong></span> <span class='ocrx_word' id='word_1_300' title='bbox 737 2609 784 2657; x_wconf 88' lang='lat' dir='ltr'><strong>po·</strong></span> <span class='ocrx_word' id='word_1_301' title='bbox 834 2597 964 2658; x_wconf 90' lang='lat' dir='ltr'><strong>timuerit,</strong></span> <span class='ocrx_word' id='word_1_302' title='bbox 974 2597 1118 2646; x_wconf 83' lang='lat' dir='ltr'><strong>Persarum</strong></span> <span class='ocrx_word' id='word_1_303' title='bbox 1127 2592 1375 2658; x_wconf 82' lang='lat' dir='ltr'><strong>incursionempru-</strong></span> 
     </span>
     <span class='ocr_line' id='line_1_31' title="bbox 240 2661 1376 2730; baseline -0.001 -17"><span class='ocrx_word' id='word_1_304' title='bbox 240 2664 312 2714; x_wconf 86' lang='lat' dir='ltr'><strong>terit.</strong></span> <span class='ocrx_word' id='word_1_305' title='bbox 349 2661 439 2726; x_wconf 80' lang='lat' dir='ltr'><strong>Atque</strong></span> <span class='ocrx_word' id='word_1_306' title='bbox 470 2662 566 2713; x_wconf 78' lang='lat' dir='ltr'><strong>afferre</strong></span> <span class='ocrx_word' id='word_1_307' title='bbox 590 2663 656 2714; x_wconf 87' lang='lat' dir='ltr'><strong>lieet</strong></span> <span class='ocrx_word' id='word_1_308' title='bbox 681 2662 782 2713; x_wconf 76' lang='lat' dir='ltr'><strong>similes</strong></span> <span class='ocrx_word' id='word_1_309' title='bbox 834 2661 1376 2730; x_wconf 80' lang='lat' dir='ltr'><strong>denteravertisseputemusdonismis-</strong></span> 
     </span>
     <span class='ocr_line' id='line_1_32' title="bbox 240 2724 1375 2798; baseline 0.001 -16"><span class='ocrx_word' id='word_1_310' title='bbox 240 2732 371 2798; x_wconf 86' lang='lat' dir='ltr'><strong>quasdam</strong></span> <span class='ocrx_word' id='word_1_311' title='bbox 390 2731 542 2783; x_wconf 81' lang='lat' dir='ltr'><strong>locutiones</strong></span> <span class='ocrx_word' id='word_1_312' title='bbox 565 2724 598 2782; x_wconf 85' lang='grc' dir='ltr'><strong>τὸ</strong></span> <span class='ocrx_word' id='word_1_313' title='bbox 622 2730 676 2780; x_wconf 84' lang='grc' dir='ltr'><strong>νῦν</strong></span> <span class='ocrx_word' id='word_1_314' title='bbox 699 2725 782 2796; x_wconf 81' lang='grc' dir='ltr'><strong><em>εἶναι,</em></strong></span> <span class='ocrx_word' id='word_1_315' title='bbox 833 2735 871 2786; x_wconf 88' lang='lat' dir='ltr'><strong>sis</strong></span> <span class='ocrx_word' id='word_1_316' title='bbox 889 2736 947 2785; x_wconf 81' lang='lat' dir='ltr'><strong>sive</strong></span> <span class='ocrx_word' id='word_1_317' title='bbox 964 2735 1067 2786; x_wconf 92' lang='lat' dir='ltr'><strong>tributo</strong></span> <span class='ocrx_word' id='word_1_318' title='bbox 1082 2734 1185 2784; x_wconf 84' lang='lat' dir='ltr'><strong>oblato.</strong></span> <span class='ocrx_word' id='word_1_319' title='bbox 1220 2733 1299 2796; x_wconf 80' lang='lat' dir='ltr'><strong>Quod</strong></span> <span class='ocrx_word' id='word_1_320' title='bbox 1311 2749 1375 2784; x_wconf 86' lang='lat' dir='ltr'><strong>vero</strong></span> 
     </span>
     <span class='ocr_line' id='line_1_33' title="bbox 239 2793 1376 2870; baseline 0.001 -18"><span class='ocrx_word' id='word_1_321' title='bbox 239 2796 270 2853; x_wconf 79' lang='lat' dir='ltr'><strong>td</strong></span> <span class='ocrx_word' id='word_1_322' title='bbox 288 2795 410 2866; x_wconf 80' lang='grc' dir='ltr'><strong><em>τήμερον</em></strong></span> <span class='ocrx_word' id='word_1_323' title='bbox 423 2793 506 2863; x_wconf 75' lang='grc' dir='ltr'><strong><em>εἶναι,</em></strong></span> <span class='ocrx_word' id='word_1_324' title='bbox 524 2794 556 2850; x_wconf 82' lang='grc' dir='ltr'><strong>τὸ</strong></span> <span class='ocrx_word' id='word_1_325' title='bbox 576 2794 693 2866; x_wconf 86' lang='grc' dir='ltr'><strong><em>οάμπαν</em></strong></span> <span class='ocrx_word' id='word_1_326' title='bbox 706 2795 781 2851; x_wconf 81' lang='grc' dir='ltr'><strong><em>εἶναι</em></strong></span> <span class='ocrx_word' id='word_1_327' title='bbox 832 2805 951 2868; x_wconf 72' lang='lat' dir='ltr'><strong>Babylon</strong></span> <span class='ocrx_word' id='word_1_328' title='bbox 975 2805 1046 2870; x_wconf 79' lang='lat' dir='ltr'><strong>Cyro</strong></span> <span class='ocrx_word' id='word_1_329' title='bbox 1072 2803 1263 2870; x_wconf 86' lang='lat' dir='ltr'><strong>impedimento</strong></span> <span class='ocrx_word' id='word_1_330' title='bbox 1292 2803 1376 2854; x_wconf 80' lang='lat' dir='ltr'><strong>tuisse</strong></span> 
     </span>
     <span class='ocr_line' id='line_1_34' title="bbox 239 2859 1375 2993; baseline 0.002 -71"><span class='ocrx_word' id='word_1_331' title='bbox 239 2872 353 2993; x_wconf 55' lang='lat' dir='ltr'><strong>gierod.</strong></span> <span class='ocrx_word' id='word_1_332' title='bbox 378 2871 441 2936; x_wconf 90' lang='lat' dir='ltr'><strong>VII,</strong></span> <span class='ocrx_word' id='word_1_333' title='bbox 467 2869 530 2938; x_wconf 76' lang='lat'>143)</span> <span class='ocrx_word' id='word_1_334' title='bbox 553 2873 695 2937; x_wconf 84' lang='lat' dir='ltr'><strong>ipsumque</strong></span> <span class='ocrx_word' id='word_1_335' title='bbox 714 2871 782 2922; x_wconf 90' lang='lat' dir='ltr'><strong>illud</strong></span> <span class='ocrx_word' id='word_1_336' title='bbox 834 2889 856 2926; x_wconf 89' lang='lat' dir='ltr'><strong>s.</strong></span> <span class='ocrx_word' id='word_1_337' title='bbox 882 2875 1023 2926; x_wconf 89' lang='lat' dir='ltr'><strong>obstitisse</strong></span> <span class='ocrx_word' id='word_1_338' title='bbox 1047 2875 1074 2928; x_wconf 80' lang='lat' dir='ltr'><strong>lr.</strong></span> <span class='ocrx_word' id='word_1_339' title='bbox 1101 2873 1120 2925; x_wconf 93' lang='lat' dir='ltr'><strong>l.</strong></span> <span class='ocrx_word' id='word_1_340' title='bbox 1141 2873 1240 2924; x_wconf 88' lang='lat' dir='ltr'><strong>dieitur</strong></span> <span class='ocrx_word' id='word_1_341' title='bbox 1259 2859 1307 2938; x_wconf 81' lang='grc' dir='ltr'><strong>(ἦν</strong></span> <span class='ocrx_word' id='word_1_342' title='bbox 1330 2862 1375 2936; x_wconf 66' lang='lat' dir='ltr'><strong>lyr</strong></span> 
     </span>
    </p>

    <p class='ocr_par' dir='ltr' id='par_1_4' title="bbox 238 2933 1375 3910">
     <span class='ocr_line' id='line_1_35' title="bbox 271 2933 1375 3008; baseline 0.005 -17"><span class='ocrx_word' id='word_1_343' title='bbox 271 2934 313 2991; x_wconf 80' lang='grc' dir='ltr'><strong>ὠν</strong></span> <span class='ocrx_word' id='word_1_344' title='bbox 334 2935 421 3003; x_wconf 76' lang='grc' dir='ltr'><strong>εἶναι,</strong></span> <span class='ocrx_word' id='word_1_345' title='bbox 442 2939 498 2992; x_wconf 87' lang='lat' dir='ltr'><strong>alia</strong></span> <span class='ocrx_word' id='word_1_346' title='bbox 522 2941 550 2990; x_wconf 91' lang='lat' dir='ltr'><strong>id</strong></span> <span class='ocrx_word' id='word_1_347' title='bbox 572 2955 673 3007; x_wconf 71' lang='lat' dir='ltr'><strong>genus,</strong></span> <span class='ocrx_word' id='word_1_348' title='bbox 697 2945 782 2992; x_wconf 86' lang='lat' dir='ltr'><strong>reete·</strong></span> <span class='ocrx_word' id='word_1_349' title='bbox 833 2933 945 3002; x_wconf 71' lang='grc' dir='ltr'><strong>μόδιος,</strong></span> <span class='ocrx_word' id='word_1_350' title='bbox 964 2950 995 2996; x_wconf 88' lang='lat' dir='ltr'><strong>ut</strong></span> <span class='ocrx_word' id='word_1_351' title='bbox 1012 2945 1051 3006; x_wconf 87' lang='lat'><strong>11,</strong></span> <span class='ocrx_word' id='word_1_352' title='bbox 1068 2945 1128 2998; x_wconf 79' lang='lat'><strong>158.</strong></span> <span class='ocrx_word' id='word_1_353' title='bbox 1147 2941 1246 3008; x_wconf 82' lang='lat' dir='ltr'><strong>V,90),</strong></span> <span class='ocrx_word' id='word_1_354' title='bbox 1265 2945 1319 2996; x_wconf 80' lang='lat' dir='ltr'><strong>iarn</strong></span> <span class='ocrx_word' id='word_1_355' title='bbox 1332 2959 1375 2996; x_wconf 86' lang='lat' dir='ltr'><strong>su·</strong></span> 
     </span>
     <span class='ocr_line' id='line_1_36' title="bbox 239 3011 1375 3079; baseline 0 -17"><span class='ocrx_word' id='word_1_356' title='bbox 239 3027 292 3078; x_wconf 87' lang='lat' dir='ltr'><strong>que</strong></span> <span class='ocrx_word' id='word_1_357' title='bbox 317 3012 379 3062; x_wconf 90' lang='lat' dir='ltr'><strong>inde</strong></span> <span class='ocrx_word' id='word_1_358' title='bbox 398 3011 497 3062; x_wconf 85' lang='lat' dir='ltr'><strong>Matth.</strong></span> <span class='ocrx_word' id='word_1_359' title='bbox 525 3011 572 3063; x_wconf 85' lang='lat' dir='ltr'><strong>Gr.</strong></span> <span class='ocrx_word' id='word_1_360' title='bbox 598 3011 645 3062; x_wconf 84' lang='lat' dir='ltr'><strong>Gr.</strong></span> <span class='ocrx_word' id='word_1_361' title='bbox 670 3013 695 3074; x_wconf 69' lang='lat'><strong>5.</strong></span> <span class='ocrx_word' id='word_1_362' title='bbox 718 3013 779 3062; x_wconf 71' lang='lat'><strong>545.</strong></span> <span class='ocrx_word' id='word_1_363' title='bbox 833 3028 882 3077; x_wconf 84' lang='lat' dir='ltr'><strong>pra</strong></span> <span class='ocrx_word' id='word_1_364' title='bbox 907 3013 935 3074; x_wconf 93' lang='grc' dir='ltr'><strong>Ι,</strong></span> <span class='ocrx_word' id='word_1_365' title='bbox 962 3015 995 3064; x_wconf 92' lang='grc'><strong>77</strong></span> <span class='ocrx_word' id='word_1_366' title='bbox 1026 3014 1194 3079; x_wconf 85' lang='lat' dir='ltr'><strong>Babylonios</strong></span> <span class='ocrx_word' id='word_1_367' title='bbox 1223 3014 1375 3066; x_wconf 84' lang='lat' dir='ltr'><strong>invenimus</strong></span> 
     </span>
     <span class='ocr_line' id='line_1_37' title="bbox 241 3080 1375 3149; baseline 0 -17"><span class='ocrx_word' id='word_1_368' title='bbox 241 3081 316 3144; x_wconf 82' lang='lat'><strong>1071,</strong></span> <span class='ocrx_word' id='word_1_369' title='bbox 336 3095 414 3146; x_wconf 89' lang='lat' dir='ltr'><strong>quem</strong></span> <span class='ocrx_word' id='word_1_370' title='bbox 434 3080 557 3145; x_wconf 86' lang='lat' dir='ltr'><strong>sequitur</strong></span> <span class='ocrx_word' id='word_1_371' title='bbox 574 3080 697 3146; x_wconf 80' lang='lat' dir='ltr'><strong>Lhardy,</strong></span> <span class='ocrx_word' id='word_1_372' title='bbox 721 3081 781 3132; x_wconf 88' lang='lat' dir='ltr'><strong>red·</strong></span> <span class='ocrx_word' id='word_1_373' title='bbox 833 3082 943 3132; x_wconf 83' lang='lat' dir='ltr'><strong>foedere</strong></span> <span class='ocrx_word' id='word_1_374' title='bbox 962 3099 1023 3134; x_wconf 85' lang='lat' dir='ltr'><strong>eum</strong></span> <span class='ocrx_word' id='word_1_375' title='bbox 1042 3083 1142 3136; x_wconf 83' lang='lat' dir='ltr'><strong>Croeso</strong></span> <span class='ocrx_word' id='word_1_376' title='bbox 1160 3085 1267 3135; x_wconf 84' lang='lat' dir='ltr'><strong>iunctos</strong></span> <span class='ocrx_word' id='word_1_377' title='bbox 1290 3099 1375 3149; x_wconf 90' lang='lat' dir='ltr'><strong>aeque</strong></span> 
     </span>
     <span class='ocr_line' id='line_1_38' title="bbox 243 3141 1375 3218; baseline 0.003 -18"><span class='ocrx_word' id='word_1_378' title='bbox 243 3150 347 3200; x_wconf 90' lang='lat' dir='ltr'><strong>didisse</strong></span> <span class='ocrx_word' id='word_1_379' title='bbox 361 3150 470 3198; x_wconf 80' lang='lat' dir='ltr'><strong>videtur</strong></span> <span class='ocrx_word' id='word_1_380' title='bbox 490 3150 574 3200; x_wconf 85' lang='lat' dir='ltr'><strong>verba</strong></span> <span class='ocrx_word' id='word_1_381' title='bbox 592 3143 645 3214; x_wconf 83' lang='grc' dir='ltr'><strong>τὴν</strong></span> <span class='ocrx_word' id='word_1_382' title='bbox 662 3141 781 3214; x_wconf 75' lang='grc' dir='ltr'><strong><em>πρώτην</em></strong></span> <span class='ocrx_word' id='word_1_383' title='bbox 832 3155 916 3216; x_wconf 88' lang='lat' dir='ltr'><strong>atque</strong></span> <span class='ocrx_word' id='word_1_384' title='bbox 933 3152 1098 3218; x_wconf 78' lang='lat' dir='ltr'><strong>Aegyptios,</strong></span> <span class='ocrx_word' id='word_1_385' title='bbox 1115 3153 1232 3218; x_wconf 88' lang='lat' dir='ltr'><strong>indeque</strong></span> <span class='ocrx_word' id='word_1_386' title='bbox 1246 3169 1375 3218; x_wconf 84' lang='lat' dir='ltr'><strong>provoca-</strong></span> 
     </span>
     <span class='ocr_line' id='line_1_39' title="bbox 238 3213 1374 3288; baseline 0.004 -20"><span class='ocrx_word' id='word_1_387' title='bbox 238 3213 326 3268; x_wconf 78' lang='lat' dir='ltr'><strong>eivus:</strong></span> <span class='ocrx_word' id='word_1_388' title='bbox 350 3222 497 3283; x_wconf 74' lang='lat' dir='ltr'><strong>meniqstena</strong></span> <span class='ocrx_word' id='word_1_389' title='bbox 519 3221 549 3269; x_wconf 84' lang='lat' dir='ltr'><strong>im</strong></span> <span class='ocrx_word' id='word_1_390' title='bbox 571 3220 685 3284; x_wconf 74' lang='lat' dir='ltr'><strong>Anfeny.</strong></span> <span class='ocrx_word' id='word_1_391' title='bbox 722 3221 780 3270; x_wconf 82' lang='lat' dir='ltr'><strong>Nee</strong></span> <span class='ocrx_word' id='word_1_392' title='bbox 833 3225 876 3270; x_wconf 87' lang='lat' dir='ltr'><strong>tos</strong></span> <span class='ocrx_word' id='word_1_393' title='bbox 896 3237 912 3272; x_wconf 79' lang='lat' dir='ltr'><strong>a</strong></span> <span class='ocrx_word' id='word_1_394' title='bbox 931 3220 1046 3285; x_wconf 85' lang='lat' dir='ltr'><strong>Croeso,</strong></span> <span class='ocrx_word' id='word_1_395' title='bbox 1065 3227 1096 3274; x_wconf 89' lang='lat' dir='ltr'><strong>ut</strong></span> <span class='ocrx_word' id='word_1_396' title='bbox 1114 3224 1203 3288; x_wconf 86' lang='lat' dir='ltr'><strong>ipsum</strong></span> <span class='ocrx_word' id='word_1_397' title='bbox 1224 3239 1285 3274; x_wconf 87' lang='lat' dir='ltr'><strong>oum</strong></span> <span class='ocrx_word' id='word_1_398' title='bbox 1303 3221 1374 3286; x_wconf 82' lang='lat' dir='ltr'><strong>Cyro</strong></span> 
     </span>
     <span class='ocr_line' id='line_1_40' title="bbox 239 3280 1374 3358; baseline 0.005 -20"><span class='ocrx_word' id='word_1_399' title='bbox 239 3289 319 3339; x_wconf 84' lang='lat' dir='ltr'><strong>aliter</strong></span> <span class='ocrx_word' id='word_1_400' title='bbox 333 3289 390 3338; x_wconf 85' lang='lat' dir='ltr'><strong>fere</strong></span> <span class='ocrx_word' id='word_1_401' title='bbox 403 3289 513 3353; x_wconf 77' lang='lat' dir='ltr'><strong>Negris,</strong></span> <span class='ocrx_word' id='word_1_402' title='bbox 530 3280 780 3354; x_wconf 78' lang='lat' dir='ltr'><strong>quiexplioatrori-</strong></span> <span class='ocrx_word' id='word_1_403' title='bbox 832 3289 978 3342; x_wconf 80' lang='lat' dir='ltr'><strong>bellantem</strong></span> <span class='ocrx_word' id='word_1_404' title='bbox 1003 3293 1178 3342; x_wconf 84' lang='lat' dir='ltr'><strong>adiuvarent:</strong></span> <span class='ocrx_word' id='word_1_405' title='bbox 1209 3291 1282 3358; x_wconf 84' lang='lat' dir='ltr'><strong>quoti</strong></span> <span class='ocrx_word' id='word_1_406' title='bbox 1311 3307 1374 3344; x_wconf 86' lang='lat' dir='ltr'><strong>num</strong></span> 
     </span>
     <span class='ocr_line' id='line_1_41' title="bbox 238 3351 1374 3426; baseline 0.003 -19"><span class='ocrx_word' id='word_1_407' title='bbox 238 3351 451 3423; x_wconf 74' lang='grc' dir='ltr'><strong><em>Ιάχιστονκντά</em></strong></span> <span class='ocrx_word' id='word_1_408' title='bbox 463 3353 586 3419; x_wconf 73' lang='grc' dir='ltr'><strong>πρῶτον.</strong></span> <span class='ocrx_word' id='word_1_409' title='bbox 619 3359 708 3420; x_wconf 81' lang='lat' dir='ltr'><strong>Quare</strong></span> <span class='ocrx_word' id='word_1_410' title='bbox 725 3373 780 3408; x_wconf 88' lang='lat' dir='ltr'><strong>non</strong></span> <span class='ocrx_word' id='word_1_411' title='bbox 833 3360 956 3422; x_wconf 81' lang='lat' dir='ltr'><strong>iecerint,</strong></span> <span class='ocrx_word' id='word_1_412' title='bbox 970 3359 1311 3426; x_wconf 76' lang='lat' dir='ltr'><strong>traditumhaudreperi03</strong></span> <span class='ocrx_word' id='word_1_413' title='bbox 1328 3359 1374 3410; x_wconf 89' lang='lat' dir='ltr'><strong>ho-</strong></span> 
     </span>
     <span class='ocr_line' id='line_1_42' title="bbox 239 3427 1374 3494; baseline -0.003 -15"><span class='ocrx_word' id='word_1_414' title='bbox 239 3429 332 3494; x_wconf 84' lang='lat' dir='ltr'><strong>probo,</strong></span> <span class='ocrx_word' id='word_1_415' title='bbox 346 3428 419 3493; x_wconf 87' lang='lat' dir='ltr'><strong>quod</strong></span> <span class='ocrx_word' id='word_1_416' title='bbox 430 3427 558 3478; x_wconf 89' lang='lat' dir='ltr'><strong>Kuehner</strong></span> <span class='ocrx_word' id='word_1_417' title='bbox 569 3427 615 3479; x_wconf 84' lang='lat' dir='ltr'><strong>Gr.</strong></span> <span class='ocrx_word' id='word_1_418' title='bbox 625 3428 705 3490; x_wconf 59' lang='grc' dir='ltr'><strong>(Μ.</strong></span> <span class='ocrx_word' id='word_1_419' title='bbox 718 3427 779 3490; x_wconf 73' lang='lat'><strong>65⁶2,</strong></span> <span class='ocrx_word' id='word_1_420' title='bbox 834 3429 891 3479; x_wconf 88' lang='lat' dir='ltr'><strong>stili</strong></span> <span class='ocrx_word' id='word_1_421' title='bbox 910 3436 983 3482; x_wconf 87' lang='lat' dir='ltr'><strong>certe</strong></span> <span class='ocrx_word' id='word_1_422' title='bbox 1001 3433 1091 3481; x_wconf 87' lang='lat' dir='ltr'><strong>animo</strong></span> <span class='ocrx_word' id='word_1_423' title='bbox 1110 3431 1138 3478; x_wconf 91' lang='lat' dir='ltr'><strong>in</strong></span> <span class='ocrx_word' id='word_1_424' title='bbox 1153 3429 1250 3493; x_wconf 78' lang='lat' dir='ltr'><strong>Cyrum</strong></span> <span class='ocrx_word' id='word_1_425' title='bbox 1264 3429 1374 3478; x_wconf 87' lang='lat' dir='ltr'><strong>Persas-</strong></span> 
     </span>
     <span class='ocr_line' id='line_1_43' title="bbox 238 3495 1373 3564; baseline -0.004 -15"><span class='ocrx_word' id='word_1_426' title='bbox 238 3497 335 3550; x_wconf 66' lang='lat' dir='ltr'><strong>Mrae</strong></span> <span class='ocrx_word' id='word_1_427' title='bbox 352 3498 459 3548; x_wconf 83' lang='lat' dir='ltr'><strong>ratione</strong></span> <span class='ocrx_word' id='word_1_428' title='bbox 479 3498 593 3560; x_wconf 79' lang='lat' dir='ltr'><strong>reiecta,</strong></span> <span class='ocrx_word' id='word_1_429' title='bbox 616 3498 780 3548; x_wconf 78' lang='lat' dir='ltr'><strong>infinitivum</strong></span> <span class='ocrx_word' id='word_1_430' title='bbox 833 3515 886 3564; x_wconf 88' lang='lat' dir='ltr'><strong>que</strong></span> <span class='ocrx_word' id='word_1_431' title='bbox 904 3499 1004 3562; x_wconf 82' lang='lat' dir='ltr'><strong>fuisse,</strong></span> <span class='ocrx_word' id='word_1_432' title='bbox 1023 3499 1067 3548; x_wconf 89' lang='lat' dir='ltr'><strong>hie</strong></span> <span class='ocrx_word' id='word_1_433' title='bbox 1079 3500 1137 3562; x_wconf 87' lang='lat' dir='ltr'><strong>ipse</strong></span> <span class='ocrx_word' id='word_1_434' title='bbox 1152 3495 1229 3548; x_wconf 87' lang='lat' dir='ltr'><strong>loeus</strong></span> <span class='ocrx_word' id='word_1_435' title='bbox 1245 3496 1313 3546; x_wconf 85' lang='lat' dir='ltr'><strong>satis</strong></span> <span class='ocrx_word' id='word_1_436' title='bbox 1329 3495 1373 3545; x_wconf 89' lang='lat' dir='ltr'><strong>de·</strong></span> 
     </span>
     <span class='ocr_line' id='line_1_44' title="bbox 238 3559 1373 3633; baseline -0.004 -15"><span class='ocrx_word' id='word_1_437' title='bbox 238 3561 311 3618; x_wconf 71' lang='lat' dir='ltr'><strong>alvus</strong></span> <span class='ocrx_word' id='word_1_438' title='bbox 325 3573 462 3633; x_wconf 84' lang='lat' dir='ltr'><strong>tamquam</strong></span> <span class='ocrx_word' id='word_1_439' title='bbox 475 3567 663 3632; x_wconf 83' lang='lat' dir='ltr'><strong>praedicatum</strong></span> <span class='ocrx_word' id='word_1_440' title='bbox 675 3567 710 3617; x_wconf 85' lang='lat' dir='ltr'><strong>ad</strong></span> <span class='ocrx_word' id='word_1_441' title='bbox 719 3559 780 3616; x_wconf 78' lang='lat' dir='ltr'><strong>”Ico-</strong></span> <span class='ocrx_word' id='word_1_442' title='bbox 832 3569 928 3620; x_wconf 82' lang='lat' dir='ltr'><strong>clarat.</strong></span> <span class='ocrx_word' id='word_1_443' title='bbox 969 3570 1008 3618; x_wconf 85' lang='grc' dir='ltr'><strong>Δο</strong></span> <span class='ocrx_word' id='word_1_444' title='bbox 1031 3567 1166 3618; x_wconf 85' lang='lat' dir='ltr'><strong>Iustinum</strong></span> <span class='ocrx_word' id='word_1_445' title='bbox 1189 3563 1212 3614; x_wconf 89' lang='lat' dir='ltr'><strong>si</strong></span> <span class='ocrx_word' id='word_1_446' title='bbox 1236 3565 1373 3628; x_wconf 87' lang='lat' dir='ltr'><strong>sequimur</strong></span> 
     </span>
     <span class='ocr_line' id='line_1_45' title="bbox 239 3629 1372 3702; baseline -0.001 -15"><span class='ocrx_word' id='word_1_447' title='bbox 239 3653 290 3694; x_wconf 82' lang='grc' dir='ltr'><strong>νας</strong></span> <span class='ocrx_word' id='word_1_448' title='bbox 307 3639 401 3690; x_wconf 81' lang='lat' dir='ltr'><strong>referri</strong></span> <span class='ocrx_word' id='word_1_449' title='bbox 412 3637 485 3701; x_wconf 87' lang='lat' dir='ltr'><strong>vnit,</strong></span> <span class='ocrx_word' id='word_1_450' title='bbox 505 3640 588 3702; x_wconf 86' lang='lat' dir='ltr'><strong>atque</strong></span> <span class='ocrx_word' id='word_1_451' title='bbox 605 3629 679 3686; x_wconf 76' lang='grc' dir='ltr'><strong><em>εἶναι</em></strong></span> <span class='ocrx_word' id='word_1_452' title='bbox 697 3637 781 3688; x_wconf 88' lang='lat' dir='ltr'><strong>abun·</strong></span> <span class='ocrx_word' id='word_1_453' title='bbox 831 3639 855 3702; x_wconf 94' lang='lat' dir='ltr'><strong>I,</strong></span> <span class='ocrx_word' id='word_1_454' title='bbox 874 3639 898 3698; x_wconf 93' lang='grc'><strong>7,</strong></span> <span class='ocrx_word' id='word_1_455' title='bbox 918 3653 933 3686; x_wconf 87' lang='lat' dir='ltr'><strong>e</strong></span> <span class='ocrx_word' id='word_1_456' title='bbox 951 3637 1059 3688; x_wconf 80' lang='lat' dir='ltr'><strong>Ctesias</strong></span> <span class='ocrx_word' id='word_1_457' title='bbox 1076 3635 1153 3684; x_wconf 85' lang='lat' dir='ltr'><strong>libris</strong></span> <span class='ocrx_word' id='word_1_458' title='bbox 1169 3631 1243 3684; x_wconf 88' lang='lat' dir='ltr'><strong>haud</strong></span> <span class='ocrx_word' id='word_1_459' title='bbox 1260 3634 1318 3684; x_wconf 85' lang='lat' dir='ltr'><strong>seio</strong></span> <span class='ocrx_word' id='word_1_460' title='bbox 1336 3650 1372 3686; x_wconf 88' lang='lat' dir='ltr'><strong>an</strong></span> 
     </span>
     <span class='ocr_line' id='line_1_46' title="bbox 239 3703 1374 3772; baseline -0.004 -14"><span class='ocrx_word' id='word_1_461' title='bbox 239 3707 335 3758; x_wconf 89' lang='lat' dir='ltr'><strong>dunter</strong></span> <span class='ocrx_word' id='word_1_462' title='bbox 353 3707 397 3758; x_wconf 87' lang='lat' dir='ltr'><strong>hie</strong></span> <span class='ocrx_word' id='word_1_463' title='bbox 417 3707 482 3772; x_wconf 85' lang='lat' dir='ltr'><strong>poni</strong></span> <span class='ocrx_word' id='word_1_464' title='bbox 500 3705 588 3769; x_wconf 83' lang='lat' dir='ltr'><strong>addit,</strong></span> <span class='ocrx_word' id='word_1_465' title='bbox 609 3703 781 3771; x_wconf 78' lang='lat' dir='ltr'><strong>quemadme-</strong></span> <span class='ocrx_word' id='word_1_466' title='bbox 830 3707 990 3770; x_wconf 83' lang='lat' dir='ltr'><strong>proiectum,</strong></span> <span class='ocrx_word' id='word_1_467' title='bbox 1007 3704 1102 3768; x_wconf 81' lang='lat' dir='ltr'><strong>Cyrus,</strong></span> <span class='ocrx_word' id='word_1_468' title='bbox 1120 3703 1277 3766; x_wconf 82' lang='lat' dir='ltr'><strong>compositis</strong></span> <span class='ocrx_word' id='word_1_469' title='bbox 1292 3708 1374 3754; x_wconf 85' lang='lat' dir='ltr'><strong>autea</strong></span> 
     </span>
     <span class='ocr_line' id='line_1_47' title="bbox 239 3767 1372 3842; baseline -0.002 -16"><span class='ocrx_word' id='word_1_470' title='bbox 239 3777 301 3826; x_wconf 85' lang='lat' dir='ltr'><strong>dum</strong></span> <span class='ocrx_word' id='word_1_471' title='bbox 320 3783 383 3842; x_wconf 84' lang='lat' dir='ltr'><strong>post</strong></span> <span class='ocrx_word' id='word_1_472' title='bbox 407 3767 556 3842; x_wconf 73' lang='grc' dir='ltr'><strong><em>ὀνομάζειν</em></strong></span> <span class='ocrx_word' id='word_1_473' title='bbox 583 3773 632 3842; x_wconf 90' lang='grc' dir='ltr'>(ΙΙ,</span> <span class='ocrx_word' id='word_1_474' title='bbox 656 3777 701 3828; x_wconf 82' lang='grc'><strong>44.</strong></span> <span class='ocrx_word' id='word_1_475' title='bbox 730 3775 778 3839; x_wconf 88' lang='lat' dir='ltr'><strong>IV,</strong></span> <span class='ocrx_word' id='word_1_476' title='bbox 830 3776 858 3824; x_wconf 87' lang='lat' dir='ltr'><strong>in</strong></span> <span class='ocrx_word' id='word_1_477' title='bbox 873 3774 1024 3838; x_wconf 80' lang='lat' dir='ltr'><strong>Babylonia</strong></span> <span class='ocrx_word' id='word_1_478' title='bbox 1036 3773 1125 3836; x_wconf 85' lang='lat' dir='ltr'><strong>rebus,</strong></span> <span class='ocrx_word' id='word_1_479' title='bbox 1140 3771 1225 3836; x_wconf 86' lang='lat' dir='ltr'><strong>Lydis</strong></span> <span class='ocrx_word' id='word_1_480' title='bbox 1236 3777 1262 3822; x_wconf 91' lang='lat' dir='ltr'><strong>et</strong></span> <span class='ocrx_word' id='word_1_481' title='bbox 1271 3773 1372 3824; x_wconf 84' lang='lat' dir='ltr'><strong>Croeso</strong></span> 
     </span>
     <span class='ocr_line' id='line_1_48' title="bbox 238 3839 1373 3910; baseline 0 -17"><span class='ocrx_word' id='word_1_482' title='bbox 238 3843 294 3908; x_wconf 79' lang='lat'><strong>³3).</strong></span> <span class='ocrx_word' id='word_1_483' title='bbox 827 3842 931 3893; x_wconf 72' lang='lat' dir='ltr'><strong>&#39;bellum</strong></span> <span class='ocrx_word' id='word_1_484' title='bbox 941 3839 1044 3904; x_wconf 83' lang='lat' dir='ltr'><strong>intulit,</strong></span> <span class='ocrx_word' id='word_1_485' title='bbox 1061 3843 1108 3907; x_wconf 93' lang='lat' dir='ltr'><strong>qui</strong></span> <span class='ocrx_word' id='word_1_486' title='bbox 1117 3841 1278 3908; x_wconf 78' lang='lat' dir='ltr'><strong>Babyloniis</strong></span> <span class='ocrx_word' id='word_1_487' title='bbox 1295 3859 1373 3910; x_wconf 89' lang='lat' dir='ltr'><strong>opem</strong></span> 
     </span>
    </p>

    <p class='ocr_par' dir='ltr' id='par_1_5' title="bbox 236 3899 1372 4397">
     <span class='ocr_line' id='line_1_49' title="bbox 272 3899 1372 3982; baseline 0 -20"><span class='ocrx_word' id='word_1_488' title='bbox 272 3905 335 3978; x_wconf 76' lang='grc' dir='ltr'><strong>ἣτε</strong></span> <span class='ocrx_word' id='word_1_489' title='bbox 356 3906 408 3978; x_wconf 75' lang='grc' dir='ltr'><strong>γάρ</strong></span> <span class='ocrx_word' id='word_1_490' title='bbox 426 3905 561 3982; x_wconf 72' lang='grc' dir='ltr'><strong><em>Βαβυλών</em></strong></span> <span class='ocrx_word' id='word_1_491' title='bbox 585 3909 614 3963; x_wconf 84' lang='lat' dir='ltr'><strong>oi</strong></span> <span class='ocrx_word' id='word_1_492' title='bbox 633 3899 671 3978; x_wconf 84' lang='grc' dir='ltr'><strong>ἦν</strong></span> <span class='ocrx_word' id='word_1_493' title='bbox 685 3901 778 3977; x_wconf 71' lang='grc' dir='ltr'><strong><em>,ἒμπό-</em></strong></span> <span class='ocrx_word' id='word_1_494' title='bbox 830 3911 943 3974; x_wconf 87' lang='lat' dir='ltr'><strong>tulerat,</strong></span> <span class='ocrx_word' id='word_1_495' title='bbox 962 3911 1010 3972; x_wconf 83' lang='lat' dir='ltr'><strong>sed</strong></span> <span class='ocrx_word' id='word_1_496' title='bbox 1024 3911 1114 3962; x_wconf 82' lang='lat' dir='ltr'><strong>vietus</strong></span> <span class='ocrx_word' id='word_1_497' title='bbox 1127 3913 1156 3962; x_wconf 92' lang='lat' dir='ltr'><strong>in</strong></span> <span class='ocrx_word' id='word_1_498' title='bbox 1168 3928 1282 3979; x_wconf 75' lang='lat' dir='ltr'><strong>regnum</strong></span> <span class='ocrx_word' id='word_1_499' title='bbox 1295 3929 1372 3964; x_wconf 87' lang='lat' dir='ltr'><strong>suum</strong></span> 
     </span>
     <span class='ocr_line' id='line_1_50' title="bbox 238 3981 1372 4048; baseline 0.001 -16"><span class='ocrx_word' id='word_1_500' title='bbox 238 3981 300 4041; x_wconf 71' lang='grc' dir='ltr'><strong><em>ὄιος</em></strong></span> <span class='ocrx_word' id='word_1_501' title='bbox 320 3997 346 4032; x_wconf 78' lang='grc' dir='ltr'><strong>π.</strong></span> <span class='ocrx_word' id='word_1_502' title='bbox 377 3999 401 4032; x_wconf 83' lang='grc' dir='ltr'><strong>τ.</strong></span> <span class='ocrx_word' id='word_1_503' title='bbox 426 3982 462 4048; x_wconf 85' lang='grc'><strong>7.]</strong></span> <span class='ocrx_word' id='word_1_504' title='bbox 486 3983 561 4034; x_wconf 77' lang='lat' dir='ltr'><strong>Nihil</strong></span> <span class='ocrx_word' id='word_1_505' title='bbox 583 3983 616 4035; x_wconf 88' lang='lat' dir='ltr'><strong>de</strong></span> <span class='ocrx_word' id='word_1_506' title='bbox 639 3983 682 4034; x_wconf 87' lang='lat' dir='ltr'><strong>his</strong></span> <span class='ocrx_word' id='word_1_507' title='bbox 706 3981 778 4046; x_wconf 84' lang='lat' dir='ltr'><strong>apud</strong></span> <span class='ocrx_word' id='word_1_508' title='bbox 828 3985 991 4044; x_wconf 84' lang='lat' dir='ltr'><strong>recesserat;</strong></span> <span class='ocrx_word' id='word_1_509' title='bbox 1022 3982 1129 4033; x_wconf 84' lang='lat' dir='ltr'><strong>aceedit</strong></span> <span class='ocrx_word' id='word_1_510' title='bbox 1158 3997 1265 4048; x_wconf 89' lang='lat' dir='ltr'><strong>quoque</strong></span> <span class='ocrx_word' id='word_1_511' title='bbox 1293 3983 1372 4033; x_wconf 81' lang='lat' dir='ltr'><strong>Luci·</strong></span> 
     </span>
     <span class='ocr_line' id='line_1_51' title="bbox 236 4051 1372 4118; baseline -0.002 -14"><span class='ocrx_word' id='word_1_512' title='bbox 236 4053 357 4104; x_wconf 79' lang='lat' dir='ltr'><strong>Ctesiam</strong></span> <span class='ocrx_word' id='word_1_513' title='bbox 380 4051 424 4102; x_wconf 86' lang='lat' dir='ltr'><strong>vel</strong></span> <span class='ocrx_word' id='word_1_514' title='bbox 446 4053 536 4117; x_wconf 78' lang='lat' dir='ltr'><strong>potius</strong></span> <span class='ocrx_word' id='word_1_515' title='bbox 558 4054 587 4103; x_wconf 88' lang='lat' dir='ltr'><strong>in</strong></span> <span class='ocrx_word' id='word_1_516' title='bbox 611 4055 668 4104; x_wconf 88' lang='lat' dir='ltr'><strong>eius</strong></span> <span class='ocrx_word' id='word_1_517' title='bbox 687 4065 778 4103; x_wconf 86' lang='lat' dir='ltr'><strong>exeer·</strong></span> <span class='ocrx_word' id='word_1_518' title='bbox 829 4065 897 4102; x_wconf 87' lang='lat' dir='ltr'><strong>anus</strong></span> <span class='ocrx_word' id='word_1_519' title='bbox 920 4053 948 4102; x_wconf 86' lang='lat' dir='ltr'><strong>in</strong></span> <span class='ocrx_word' id='word_1_520' title='bbox 974 4051 1126 4118; x_wconf 78' lang='lat' dir='ltr'><strong>contempl.</strong></span> <span class='ocrx_word' id='word_1_521' title='bbox 1152 4057 1178 4116; x_wconf 66' lang='lat' dir='ltr'><strong>g.</strong></span> <span class='ocrx_word' id='word_1_522' title='bbox 1197 4051 1224 4114; x_wconf 79' lang='lat'><strong>9,</strong></span> <span class='ocrx_word' id='word_1_523' title='bbox 1248 4067 1301 4118; x_wconf 91' lang='lat' dir='ltr'><strong>quo</strong></span> <span class='ocrx_word' id='word_1_524' title='bbox 1325 4067 1372 4102; x_wconf 84' lang='lat' dir='ltr'><strong>au-</strong></span> 
     </span>
     <span class='ocr_line' id='line_1_52' title="bbox 237 4119 1372 4188; baseline 0 -16"><span class='ocrx_word' id='word_1_525' title='bbox 237 4123 293 4188; x_wconf 89' lang='lat' dir='ltr'><strong>ptis</strong></span> <span class='ocrx_word' id='word_1_526' title='bbox 310 4122 429 4174; x_wconf 84' lang='lat' dir='ltr'><strong>Persicis</strong></span> <span class='ocrx_word' id='word_1_527' title='bbox 443 4122 558 4172; x_wconf 86' lang='lat' dir='ltr'><strong>relatum</strong></span> <span class='ocrx_word' id='word_1_528' title='bbox 575 4121 699 4188; x_wconf 84' lang='lat' dir='ltr'><strong>legimus.</strong></span> <span class='ocrx_word' id='word_1_529' title='bbox 725 4121 778 4187; x_wconf 81' lang='lat' dir='ltr'><strong>Cy·</strong></span> <span class='ocrx_word' id='word_1_530' title='bbox 829 4126 907 4174; x_wconf 85' lang='lat' dir='ltr'><strong>etore</strong></span> <span class='ocrx_word' id='word_1_531' title='bbox 926 4123 1013 4188; x_wconf 78' lang='lat' dir='ltr'><strong>Cyrus</strong></span> <span class='ocrx_word' id='word_1_532' title='bbox 1029 4127 1092 4188; x_wconf 89' lang='lat' dir='ltr'><strong>post</strong></span> <span class='ocrx_word' id='word_1_533' title='bbox 1107 4119 1275 4187; x_wconf 77' lang='lat' dir='ltr'><strong>Babylonem</strong></span> <span class='ocrx_word' id='word_1_534' title='bbox 1293 4123 1372 4172; x_wconf 86' lang='lat' dir='ltr'><strong>suba-</strong></span> 
     </span>
     <span class='ocr_line' id='line_1_53' title="bbox 238 4191 1372 4258; baseline 0 -16"><span class='ocrx_word' id='word_1_535' title='bbox 238 4207 284 4242; x_wconf 84' lang='lat' dir='ltr'><strong>rus</strong></span> <span class='ocrx_word' id='word_1_536' title='bbox 304 4193 373 4242; x_wconf 83' lang='lat' dir='ltr'><strong>enim</strong></span> <span class='ocrx_word' id='word_1_537' title='bbox 396 4195 542 4258; x_wconf 85' lang='lat' dir='ltr'><strong>antequam</strong></span> <span class='ocrx_word' id='word_1_538' title='bbox 560 4193 660 4245; x_wconf 81' lang='lat' dir='ltr'><strong>Croeso</strong></span> <span class='ocrx_word' id='word_1_539' title='bbox 678 4191 777 4243; x_wconf 88' lang='lat' dir='ltr'><strong>bellum</strong></span> <span class='ocrx_word' id='word_1_540' title='bbox 829 4198 902 4244; x_wconf 82' lang='lat' dir='ltr'><strong>etam</strong></span> <span class='ocrx_word' id='word_1_541' title='bbox 921 4199 1017 4244; x_wconf 85' lang='lat' dir='ltr'><strong>eontra</strong></span> <span class='ocrx_word' id='word_1_542' title='bbox 1039 4191 1131 4258; x_wconf 80' lang='lat' dir='ltr'><strong>Lydos</strong></span> <span class='ocrx_word' id='word_1_543' title='bbox 1150 4191 1289 4256; x_wconf 82' lang='lat' dir='ltr'><strong>proiectus</strong></span> <span class='ocrx_word' id='word_1_544' title='bbox 1312 4207 1372 4242; x_wconf 86' lang='lat' dir='ltr'><strong>esse</strong></span> 
     </span>
     <span class='ocr_line' id='line_1_54' title="bbox 238 4259 1371 4328; baseline 0 -18"><span class='ocrx_word' id='word_1_545' title='bbox 238 4260 363 4322; x_wconf 79' lang='lat' dir='ltr'><strong>interret,</strong></span> <span class='ocrx_word' id='word_1_546' title='bbox 383 4266 479 4312; x_wconf 82' lang='lat' dir='ltr'><strong>eontra</strong></span> <span class='ocrx_word' id='word_1_547' title='bbox 494 4263 609 4312; x_wconf 79' lang='lat' dir='ltr'><strong>Bactros</strong></span> <span class='ocrx_word' id='word_1_548' title='bbox 632 4267 714 4328; x_wconf 88' lang='lat' dir='ltr'><strong>utque</strong></span> <span class='ocrx_word' id='word_1_549' title='bbox 731 4264 779 4313; x_wconf 87' lang='lat' dir='ltr'><strong>Sa·</strong></span> <span class='ocrx_word' id='word_1_550' title='bbox 829 4263 950 4315; x_wconf 81' lang='lat' dir='ltr'><strong>videtur:</strong></span> <span class='ocrx_word' id='word_1_551' title='bbox 975 4265 1004 4313; x_wconf 88' lang='lat' dir='ltr'><strong>in</strong></span> <span class='ocrx_word' id='word_1_552' title='bbox 1028 4277 1080 4328; x_wconf 91' lang='lat' dir='ltr'><strong>quo</strong></span> <span class='ocrx_word' id='word_1_553' title='bbox 1101 4262 1253 4312; x_wconf 82' lang='lat' dir='ltr'><strong>Lucienum</strong></span> <span class='ocrx_word' id='word_1_554' title='bbox 1275 4261 1310 4310; x_wconf 89' lang='lat' dir='ltr'><strong>ud</strong></span> <span class='ocrx_word' id='word_1_555' title='bbox 1333 4259 1371 4310; x_wconf 88' lang='lat' dir='ltr'><strong>bl-</strong></span> 
     </span>
     <span class='ocr_line' id='line_1_55' title="bbox 238 4329 1370 4397; baseline -0.002 -14"><span class='ocrx_word' id='word_1_556' title='bbox 238 4347 285 4383; x_wconf 84' lang='lat' dir='ltr'><strong>eas</strong></span> <span class='ocrx_word' id='word_1_557' title='bbox 303 4329 435 4382; x_wconf 86' lang='lat' dir='ltr'><strong>militasse</strong></span> <span class='ocrx_word' id='word_1_558' title='bbox 453 4331 553 4382; x_wconf 87' lang='lat' dir='ltr'><strong>dieitur</strong></span> <span class='ocrx_word' id='word_1_559' title='bbox 569 4331 642 4397; x_wconf 88' lang='lat' dir='ltr'><strong>apud</strong></span> <span class='ocrx_word' id='word_1_560' title='bbox 659 4333 779 4384; x_wconf 85' lang='lat' dir='ltr'><strong>Ctesiarn</strong></span> <span class='ocrx_word' id='word_1_561' title='bbox 830 4335 932 4385; x_wconf 86' lang='lat' dir='ltr'><strong>storiae</strong></span> <span class='ocrx_word' id='word_1_562' title='bbox 951 4347 1043 4384; x_wconf 86' lang='lat' dir='ltr'><strong>veram</strong></span> <span class='ocrx_word' id='word_1_563' title='bbox 1061 4331 1158 4382; x_wconf 87' lang='lat' dir='ltr'><strong>seriem</strong></span> <span class='ocrx_word' id='word_1_564' title='bbox 1177 4331 1267 4381; x_wconf 86' lang='lat' dir='ltr'><strong>animo</strong></span> <span class='ocrx_word' id='word_1_565' title='bbox 1286 4330 1370 4381; x_wconf 81' lang='lat' dir='ltr'><strong>luisse</strong></span> 
     </span>
    </p>
   </div>
   <div class='ocr_carea' id='block_1_4' title="bbox 0 0 1548 4944">
    <p class='ocr_par' dir='ltr' id='par_1_6' title="bbox 0 0 1548 4944">
     <span class='ocr_line' id='line_1_56' title="bbox 0 0 1548 4944; baseline 0 1"><span class='ocrx_word' id='word_1_566' title='bbox 0 0 1548 4944; x_wconf 95' lang='lat' dir='ltr'><strong> </strong></span> 
     </span>
    </p>
   </div>
  </div>
 </body>
</html>
