3032 4916
488 353 490 357 ,
523 294 770 358 BUTERPE.
792 295 834 356 H.
859 303 919 360 124.
1229 301 1290 364 709

156 474 362 558 πυραμίδος,
392 461 436 548 sig
456 469 528 556 ἐμοὶ
550 471 697 538 δοκέειν·
729 475 787 559 τῆς
808 469 872 560 γάρ
892 476 996 560 μῆκος
1018 473 1081 560 μέν
1102 479 1166 543 εἰσι
1188 477 1289 547 πέντε

157 573 298 657 στάδιοι,
313 563 411 661 εὖρος
424 571 461 642 δὲ
471 575 552 641 δέκα
565 569 710 663 ὀργυιαὶ,
724 571 809 658 ὕψος
823 575 871 661 δὲ,
885 582 926 665 τῇ
939 572 1131 666 ὑψηλοτάτη
1145 579 1213 648 ἐστὶ
1227 575 1289 649 αύ-

158 674 197 765 sq*
214 679 354 765 ἑωυτῆς,
369 670 455 744 διττά
471 673 621 766 ὀργυιαὶ,
637 684 740 746 λίθου
749 705 785 746 τε
799 681 916 761 ξεστοῦ
928 681 984 749 καὶ
998 679 1092 764 ξύων
1106 684 1288 772 ἐγγεγλυμ-

158 783 286 869 μένων·
321 778 443 868 ταύτης
465 807 501 849 τε
515 777 557 869 δὴ
572 777 612 850 τά
634 783 715 850 δέκα
730 787 804 851 ἔτεα
818 785 979 869 γενέσθαι
999 786 1055 853 καὶ
1079 790 1148 854 τάν
1162 787 1216 855 ἐπὶ
1230 792 1291 857 τοῦ

158 949 309 1000 inserviant
325 947 416 997 omnia
430 947 459 997 in
474 946 541 1000 duas
554 955 647 1013 portes
661 949 699 1000 di·
748 951 770 1013 1,
784 952 807 1002 1.
827 966 854 1014 p.
873 949 944 1015 149),
959 949 1049 1001 adhuc
1065 954 1193 1018 cognosci
1210 969 1291 1019 posse

158 1020 242 1140 itta
261 1017 700 1154 tttltslltxttttttt
748 1020 1096 1141 ltiltltslttlettt
1112 1023 1291 1143 stistte

159 1173 228 1223 opine
247 1161 357 1221 propter
374 1156 474 1220 multa,
494 1173 564 1222 quse
581 1159 699 1224 interpo-
747 1161 852 1226 lspides
872 1159 961 1209 efferri
976 1161 1124 1224 potuerint.
1233 1129 1240 1156 ’

159 1228 212 1278 sita
231 1230 308 1288 sunt,
325 1230 484 1290 repetuntur
496 1229 586 1278 verbis
596 1222 700 1292 ταύτης
782 1228 870 1279 λίθον
889 1243 918 1278 τε
937 1225 1038 1288 ξεστοῦ
1056 1223 1105 1278 sul
1123 1219 1202 1287 ζώων
1216 1207 1290 1292 lyps-

157 1311 186 1346 τε
211 1289 248 1360 δὴ
270 1289 304 1344 τὰ
321 1292 390 1344 δέκα
404 1289 466 1345 έτεα
478 1293 612 1360 γενέσθαι
629 1314 655 1348 κ.
674 1312 698 1346 τ.
748 1293 924 1364 ηλυμμένιον]
943 1297 1030 1348 Cobet
1051 1299 1134 1348 scribi
1151 1296 1210 1348 vult
1233 1290 1289 1348 έυε-

157 1365 192 1430 λ.,
212 1365 299 1416 altera
315 1365 412 1429 incipit
434 1381 451 1416 s
473 1367 577 1417 verbis:
600 1365 636 1432 τῇ
660 1359 697 1416 δέ
748 1365 927 1432 ηλυμμένοινς
946 1367 994 1418 sed
1011 1367 1252 1432 reduplicationem
1262 1367 1290 1416 in

139 1431 296 1500 Ιπυραμίδι
327 1425 401 1500 αὐτῇ
427 1431 533 1500 χρόνον
563 1435 699 1500 γενέσθαι
748 1439 791 1488 his
818 1439 948 1488 Nostrum
975 1436 1115 1498 (11‚.106.
1143 1435 1203 1489 136.
1229 1436 1288 1488 138.

156 1503 247 1555 εἴκοσι
259 1499 320 1553 ἔτεα
331 1502 496 1570 ποιευμένῃ.
533 1504 591 1556 Iam
604 1506 632 1556 in
646 1506 698 1572 pri·
751 1506 811 1572 tls)
831 1521 956 1556 servasse
972 1511 1045 1556 recte
1064 1505 1206 1558 admonuit
1225 1507 1292 1556 Bre-

157 1576 198 1626 ori
214 1590 293 1640 qnam
307 1573 364 1624 dixi
375 1574 454 1624 huius
473 1575 603 1625 orationis
621 1580 699 1641 parte
749 1578 811 1629 dor.
830 1593 857 1641 p.
878 1575 939 1626 286.
957 1601 991 1611 -
1009 1575 1097 1642 Supra
1115 1577 1153 1638 11,
1174 1575 1208 1628 96
1226 1574 1291 1626 huio

159 1649 222 1709 post
243 1635 315 1692 ὁδοῦ
339 1647 367 1693 et
388 1649 450 1709 post
474 1636 589 1708 ἔδειμαν
611 1646 698 1696 mino·
768 1647 869 1698 enitivo
896 1645 1041 1696 addiderat
1063 1645 1290 1710 praepositionem

157 1729 213 1763 rem
232 1713 309 1777 posui
327 1712 542 1777 distinctionem,
561 1715 698 1766 oumhaeo
749 1663 794 1778 έν,
814 1731 894 1782 quam
910 1715 982 1764 inira
1000 1715 1039 1776 ΙΙ,
1056 1716 1103 1766 125
1115 1716 1212 1766 iterum
1223 1711 1290 1764 omi-

157 1784 194 1834 sit
212 1783 268 1832 lere
285 1781 340 1831 loci
355 1783 503 1832 sententia:
522 1783 634 1844 „decom
652 1800 700 1834 an·
749 1787 795 1837 sit.
814 1783 870 1845 ζῶα
890 1789 954 1834 sunt
966 1785 1079 1848 quaevis
1097 1785 1210 1850 figuras,
1224 1784 1290 1834 ima-

157 1869 206 1903 nos
218 1853 303 1902 luisse
312 1851 459 1902 struendae
470 1851 549 1902 huius
562 1854 633 1917 viso,
645 1869 700 1918 qus
750 1857 826 1922 gines
852 1853 988 1918 lapidibus
1016 1853 1177 1919 insculptae.
1225 1853 1289 1905 Vid.

157 1922 303 1973 trahebant
320 1919 439 1985 lapides,
458 1936 539 1985 quam
551 1938 617 1973 sane
630 1928 700 1972 strn-
749 1929 818 1976 nott.
837 1923 872 1974 ad
890 1923 929 1986 ΙΙ,
947 1925 964 1974 4
980 1927 1007 1972 et
1023 1923 1046 1984 Ι,
1062 1922 1104 1974 70.

157 1997 255 2043 xerunt
278 2005 346 2054 opus
375 1991 448 2041 hsud
477 1991 562 2040 multo
585 1992 699 2042 inferius

158 2065 164 2076 s
344 2061 350 2072 ¹
390 2061 418 2089 “s
472 2061 503 2073 rs
670 2054 676 2072 t

156 2059 699 2195 ppsfpwpvypzpraieuiiqpresrsupterppleppar:

156 2219 172 2254 s
190 2201 355 2267 glossemate
372 2201 400 2249 in
414 2200 554 2266 scriptoris
566 2202 650 2252 verba
665 2203 699 2251 ir-

157 2271 275 2337 repsisse
294 2274 381 2352 putes.

192 2339 242 2404 τῆς
270 2355 323 2403 γαρ
351 2337 443 2404 μῆκος
466 2336 517 2403 μέν
539 2333 593 2389 εἰσι
616 2335 698 2388 πέντε

157 2402 279 2474 στάδιοι]
298 2409 401 2474 Vulgo:
419 2406 480 2472 τῆς
497 2401 559 2473 μὲν
575 2401 628 2472 γάρ
645 2406 698 2473 μῆ-

156 2495 215 2538 κος.
252 2481 309 2530 Nos
331 2479 485 2544 Schweigh.
509 2483 537 2528 et
560 2478 697 2531 Gaislord.

156 2567 212 2602 una
233 2565 294 2601 cum
319 2554 434 2600 recentt.
458 2548 519 2599 edd.
544 2549 631 2599 secuti
656 2564 699 2598 su-

157 2635 226 2674 mus.
251 2647 286 2656 -
310 2619 352 2668 sd
381 2618 512 2684 pluralem
540 2613 595 2668 εἰσλ
625 2618 698 2668 coni.

157 2691 180 2752 Ι,
198 2689 232 2740 93
250 2689 316 2754 ibiq.
332 2693 402 2739 nott.
417 2693 444 2738 et
461 2688 495 2738 sd
509 2689 606 2738 verba:
625 2680 699 2750 ὑψη-

156 2750 259 2822 λοτάτη
269 2785 302 2794 -
313 2747 419 2820 έωντῆς
436 2757 509 2808 conf.
520 2759 542 2818 Ι,
562 2757 622 2808 193.
636 2757 697 2807 203.

192 2825 242 2891 τῆς
262 2817 314 2890 γάρ
331 2823 422 2889 μῆκος
439 2841 465 2873 τ.
484 2841 507 2874 τ.
525 2823 563 2890 λ.]
581 2823 631 2888 τῆς
648 2826 700 2876 sci-

157 2897 222 2945 licet
245 2886 327 2944 ὁδοῦ.
369 2895 438 2944 Nam
460 2894 622 2958 intelligitur
645 2896 699 2956 via,

158 2979 228 3029 quae
246 2967 386 3013 exstructa
405 2963 458 3011 suit
479 2963 513 3012 sd
532 2963 700 3028 pyramidum

158 3031 261 3098 lapides
287 3031 470 3081 advehendos.
517 3032 607 3082 Huius
635 3047 700 3081 vero

159 3103 244 3167 ipsius
271 3101 370 3150 rudera
391 3100 524 3165 quaedam
548 3117 577 3150 se
598 3100 700 3152 vidisse

157 3171 217 3222 vult
234 3170 374 3232 Pocooke,
400 3169 477 3220 cuius
500 3170 585 3220 verba
604 3170 701 3220 citavit

158 3241 287 3292 Laroher.
305 3239 334 3289 in
352 3244 410 3289 not.
429 3238 464 3289 sd
481 3239 507 3290 h.
526 3240 545 3291 l.
582 3241 625 3289 Tu
643 3240 698 3290 vid.

158 3310 282 3376 quaesti
306 3309 386 3360 finem
410 3309 509 3373 capitis
536 3326 569 3360 ex
592 3310 700 3374 Zoegae

158 3380 343 3446 disputatione
362 3379 473 3442 copiosa
487 3379 638 3442 sileremus,
652 3381 698 3444 qui

158 3466 222 3516 pag.
241 3449 293 3500 400
303 3452 361 3499 not.
384 3447 414 3496 18
425 3451 608 3499 narrationem
622 3464 698 3499 suam

158 3519 391 3585 peregrinatorum
402 3518 566 3569 testimoniis
577 3519 645 3569 satis
657 3518 701 3568 fir-

158 3590 253 3641 mavit.
290 3587 369 3650 Quod
385 3587 420 3637 ad
439 3603 577 3652 mopsuras
591 3589 699 3651 attinet,

159 3677 191 3711 ex
208 3660 258 3722 iis,
276 3673 346 3723 quae
362 3657 397 3706 ad
413 3657 451 3720 11,
472 3659 521 3711 149
539 3657 601 3708 coll.
621 3660 636 3708 5
654 3658 701 3708 ad-

784 1984 888 2056 ταύτης
906 2007 935 2041 τε
958 1983 995 2055 δὴ
1020 1987 1054 2042 τδι
1077 1988 1146 2042 δέκα
1164 1983 1227 2040 έτεα
1244 2005 1288 2055 γε·

751 2060 866 2128 vestas]
880 2063 1019 2114 Revocavi
1031 2065 1212 2113 cumreoentt.
1226 2059 1288 2110 edd.

750 2123 867 2195 ταύτης,
900 2131 971 2196 quod
993 2147 1007 2181 o
1030 2131 1136 2182 Reiskii
1163 2130 1289 2181 emendo-

750 2204 823 2254 tione
832 2217 880 2266 pro
889 2201 964 2265 vulg.
973 2192 1061 2266 ταύτῃ
1069 2200 1182 2251 dederat
1189 2199 1289 2250 Sohae-

750 2273 817 2333 ter.,
852 2271 970 2334 itemque
1004 2269 1290 2336 Schweighaeuserus3

750 2341 849 2394 etenim
859 2340 972 2406 genitivi
982 2331 1095 2404 ταύτης,
1110 2339 1156 2404 qui
1169 2339 1204 2389 ad
1218 2330 1291 2389 ὁδοῦ

749 2414 777 2463 in
785 2409 1007 2462 antecedentibus
1016 2410 1142 2475 pertinet,
1151 2407 1290 2459 locumhio

749 2497 808 2534 esse
819 2479 864 2531 vel
879 2481 1021 2545 sequeutia
1035 2474 1163 2529 καὶτῶν
1183 2467 1229 2528 issi
1239 2475 1292 2527 τοῦ

747 2547 841 2615 λόφου
853 2565 878 2600 ιι.
895 2565 919 2598 τ.
932 2549 955 2599 λ.
968 2551 1066 2601 docere
1081 2553 1218 2614 poterant.
1245 2547 1290 2597 In-

749 2624 836 2687 deque
857 2620 939 2669 otiam
960 2620 1121 2669 retinuimus
1143 2632 1190 2682 τε,
1213 2617 1290 2668 cuius

747 2692 809 2743 Ιοοο
828 2706 843 2739 e
860 2689 936 2739 libris
960 2688 1119 2753 quibusdam
1141 2686 1291 2737 Wesselin·

748 2763 810 2826 gius
822 2773 937 2822 eumque
949 2763 1059 2808 secutus
1071 2756 1233 2807 Sohaeserus
1243 2753 1289 2802 de-

750 2831 847 2880 deront
857 2822 902 2890 δὲ,
921 2843 981 2877 curn
994 2825 1129 2890 particula
1140 2837 1172 2872 τε
1185 2825 1291 2887 spectet

750 2900 786 2949 ad
804 2897 946 2962 sequentia
966 2891 1023 2944 καλ
1042 2891 1099 2943 τῶν
1114 2884 1160 2941 έτιλ
1176 2889 1228 2940 τοῦ
1245 2881 1290 2938 λό-

751 2981 810 3030 φου
828 2982 854 3014 ιι.
871 2982 894 3014 τ.
913 2965 947 3027 λ.,
966 2963 1100 3029 porticula
1117 2955 1149 3010 δέ
1169 2975 1233 3010 vero
1249 2973 1290 3008 re-

751 3035 822 3087 ctius
840 3035 913 3084 infra
930 3036 1060 3098 ponatur:
1084 3029 1117 3094 τῇ
1142 3022 1179 3078 δέ
1200 3041 1290 3092 πυρα-

751 3101 813 3169 μίδι
830 3096 903 3168 αὐτῇ
922 3119 947 3152 ιι.
972 3119 996 3151 τ.
1017 3101 1051 3160 λ.,
1071 3115 1142 3164 quae
1164 3099 1225 3162 ipss
1250 3112 1291 3147 rea

750 3171 1104 3297 ιιινιιιιινιν
1125 3165 1205 3289 λιι
1222 3159 1290 3286 st:

765 3259 779 3292 τ
1005 3278 1011 3289 .
1041 3277 1047 3288 .
1085 3278 1089 3288 .

751 3258 953 3378 ομίιιοτημοιολ,
978 3309 1053 3359 nulls
1077 3308 1121 3358 hic
1143 3323 1211 3373 opus
1229 3320 1290 3357 esse

749 3381 891 3433 verborum
912 3379 1076 3440 mutatione,
1095 3377 1200 3443 qualem
1219 3376 1291 3426 exhi-

749 3451 809 3504 buit
826 3450 936 3514 Negris,
960 3449 1005 3514 qui
1024 3464 1071 3513 pro
1090 3443 1149 3496 καλ
1170 3444 1227 3495 τῶν
1245 3436 1291 3494 ist

750 3513 842 3585 λόφον
863 3519 947 3580 edidit
965 3513 1069 3584 χωρὶς
1088 3505 1183 3565 crisi.
1195 3515 1230 3574 λ.,
1244 3516 1293 3563 sut

751 3589 857 3658 quslem
875 3589 1017 3654 proposuit
1039 3586 1180 3637 Benedict.
1204 3582 1290 3647 (Actt.

752 3661 848 3712 semin.
878 3674 935 3724 reg.
961 3659 1039 3722 Lips.
1061 3655 1101 3706 11.
1130 3669 1192 3719 pag.
1218 3651 1292 3716 290),

158 3734 255 3781 notata
271 3734 344 3790 sunt,
363 3733 486 3793 apparet,
502 3728 699 3794 longitudinem
751 3729 922 3783 scribendum
941 3744 1000 3779 esse
1017 3725 1179 3776 ooniioiens:
1197 3712 1293 3801 ἐντὸς

158 3801 220 3849 viae
239 3799 323 3849 ferme
341 3796 426 3848 inisse
444 3797 573 3848 termille
590 3797 698 3862 pedum,
749 3797 818 3849 τῶν
839 3789 865 3847 τ’
890 3789 936 3847 lut
955 3794 1008 3846 τοῦ
1028 3785 1243 3857 λόφου-τάν
1266 3807 1282 3838 τ

157 3869 328 3920 latitudinem
346 3867 504 3931 sexaginte,
529 3867 699 3918 altitudinem
750 3861 809 3918 ὑπὸ
828 3865 882 3932 γῆν
902 3883 928 3916 ιι.
944 3883 968 3916 τ.
986 3865 1021 3926 λ.,
1041 3862 1113 3929 quod
1131 3864 1220 3927 ipsum
1239 3875 1293 3911 non

158 3939 301 3989 maximam
317 3936 499 4002 quadraginta
514 3942 576 3989 octo
592 3937 699 4001 pedum.
750 3937 895 3989 admodum
907 3936 1010 3987 recedit
1024 3934 1058 3984 ab
1075 3933 1119 3994 iis,
1133 3947 1204 3997 quse
1216 3931 1294 3980 Wes-

160 4009 234 4070 Qnas
252 4022 392 4058 mensuras
410 4023 457 4056 cur
471 4023 526 4058 non
544 4007 652 4066 cubitis,
671 4011 702 4056 ut
752 4007 883 4072 selingius
909 4007 1076 4057 coniecerat:
1111 3994 1219 4066 παρέξ
1246 3995 1294 4049 sol

159 4077 228 4127 elias
246 4077 415 4142 plerumque,
439 4075 487 4126 sed
504 4077 597 4142 orgyis
620 4076 701 4126 adeo·
752 4075 810 4126 sois
835 4065 881 4124 inl
908 4072 961 4124 cosi
982 4065 1076 4138 λόφου
1101 4101 1129 4113 -
1156 4065 1295 4119 καὶτῶν

159 4161 211 4211 que
230 4148 311 4197 etism
327 4145 439 4210 plethris
452 4145 634 4196 declaraverit
646 4147 700 4196 No·
751 4136 810 4195 ὑπὸ
828 4144 884 4208 νῆν
905 4160 932 4193 ιι.
950 4159 974 4193 τ,
993 4143 1033 4203 λ.;
1059 4145 1090 4192 ut
1113 4141 1206 4192 decem
1229 4139 1294 4190 suni

160 4220 231 4278 ster,
255 4215 383 4280 disquirit
399 4215 512 4266 Iacobo:
538 4217 581 4268 De
598 4215 699 4267 Herod.
752 4216 780 4266 in
802 4215 849 4264 vis
868 4211 999 4264 struendo
1023 4212 1125 4262 fuerint
1150 4210 1294 4269 consumti,

161 4299 244 4334 mens.
268 4300 330 4350 pag.
358 4285 402 4334 25.
447 4285 585 4337 Observat
612 4290 702 4336 sutem
753 4289 861 4350 praeter
875 4281 943 4334 illud
960 4287 1080 4346 tempus,
1099 4279 1171 4346 quod
1189 4279 1295 4328 tumad

159 4355 316 4420 Russegger
334 4352 443 4418 (Reiseu
464 4354 492 4405 in
516 4357 626 4420 Europa
648 4359 701 4406 eto.
754 4353 864 4418 collem,
883 4353 911 4403 in
923 4367 977 4420 quo
989 4356 1065 4402 stunt
1078 4348 1241 4416 pyramides,
1255 4347 1296 4399 ei-
