3020 4930
237 297 299 361 876
624 293 898 357 EXOURSUS
921 293 987 354 XII

587 493 908 572 EXOURSUS
935 495 1014 573 XII

446 628 532 693 AD
576 627 1147 709 HERODOT.II,124.

627 817 676 875 De
703 795 968 891 Pyramidibus.

317 932 358 986 De
372 930 566 1000 Pyramidibus
582 937 705 986 veterum
724 933 921 1002 Aegyptiorum
943 933 1049 1004 primus
1072 939 1199 987 accurate
1214 933 1371 1004 disputavit

233 1018 341 1086 zoega:
364 1017 413 1078 De,
425 1017 553 1070 obelisco.
574 1022 662 1088 p.379
678 1037 756 1089 seqq.
773 1019 899 1070 omnibus
917 1025 945 1072 et
958 1025 1082 1072 veterum
1096 1015 1125 1087 *)
1140 1024 1168 1072 et
1182 1019 1369 1072 recentiorum

234 1103 409 1173 scriptorum,
426 1103 474 1173 qui
485 1101 528 1156 vel
544 1103 633 1157 obiter
647 1103 691 1156 vel
706 1103 832 1157 consulto
846 1103 880 1155 dc
895 1105 1083 1174 pyramidibus
1099 1105 1282 1174 seripserunt,
1300 1103 1369 1156 locis

234 1187 340 1242 allatis:
356 1187 518 1258 quibuscum
534 1190 606 1241 conf.
623 1206 693 1259 quae
708 1188 810 1242 excitat
824 1188 913 1242 Beclr:
930 1189 1082 1258 Anleitnng
1097 1207 1122 1242 z.
1134 1188 1370 1258 Weltgeschichte

233 1273 257 1326 Ι.
273 1277 361 1344 pios
374 1291 453 1344 seqq.
484 1273 560 1326 Inter
575 1273 671 1326 Gallos
685 1275 762 1327 viros
777 1275 882 1342 doctos,
903 1275 951 1344 qui
963 1274 1149 1345 Nepoleonem
1166 1274 1194 1327 in
1212 1275 1371 1344 Aegyptum

233 1359 451 1432 proficiscentem
475 1359 563 1411 secuti
584 1365 651 1412 sunt
665 1366 749 1430 atque
765 1361 799 1413 de
814 1360 1002 1428 pyramidibus
1025 1359 1196 1427 retulerunt,
1219 1361 1370 1430 praecipue

234 1443 421 1498 consulendus
438 1449 482 1497 est
495 1444 605 1497 Jomard
621 1445 665 1496 in:
687 1445 863 1514 Description
880 1445 1010 1514 generale
1026 1445 1060 1498 de
1075 1444 1211 1514 Memphis
1227 1451 1256 1498 et
1267 1444 1302 1498 de
1314 1445 1370 1513 Py-

232 1530 349 1584 ramides
372 1533 569 1600 accompagnee
590 1530 624 1583 de
640 1548 798 1601 remarques
820 1531 1042 1600 geograpbiques
1064 1537 1092 1584 et
1106 1529 1277 1601 historiques
1300 1530 1370 1602 (De-

233 1615 367 1684 scription
382 1615 417 1668 de
434 1615 574 1685 l'Egypte,
595 1615 755 1686 Antiquitds
774 1615 860 1684 Chep.
878 1615 994 1683 XVIII),
1021 1621 1061 1669 etr
1082 1615 1253 1685 Remarques
1277 1621 1306 1668 et
1326 1633 1370 1668 re-

233 1701 362 1754 cherches
375 1717 425 1753 sur
439 1699 480 1753 les
492 1701 647 1771 pyramides
655 1701 793 1771 d’Egypte
807 1699 969 1772 (Memoires
984 1700 1163 1771 d'antiquites
1176 1700 1211 1752 T.
1219 1701 1256 1753 Il.
1269 1717 1298 1769 p.
1309 1705 1370 1760 163.

232 1786 310 1852 130).
349 1785 427 1839 Inter
448 1791 587 1840 nostrates
615 1787 648 1838 de
673 1787 862 1856 pyramidibus
889 1787 947 1854 egit
967 1786 1112 1839 Mannert=
1137 1785 1297 1856 Geograph.
1320 1786 1373 1838 der

234 1871 346 1924 Griech.
364 1888 392 1923 u.
411 1871 529 1924 Roemer
542 1871 576 1941 X,
593 1879 618 1931 1.
638 1890 665 1942 ρ.
681 1876 735 1931 453
748 1889 826 1942 seqq.
841 1875 903 1940 463,
920 1871 1061 1942 ediditque
1077 1869 1197 1925 libellum
1211 1871 1291 1924 Hirt:
1308 1871 1371 1924 Von

234 1957 288 2010 den
313 1957 494 2026 igyptiscben
509 1955 674 2026 Pyramiden
695 1957 851 2028 dherhaupt
873 1957 928 2011 und
950 1975 1004 2010 ron
1023 1957 1109 2015 ihrem
1127 1957 1205 2009 Bane
1222 1956 1371 2010 insbeson·

234 2043 310 2097 dere.
332 2041 427 2096 Berlin
445 2046 522 2102 1815.

320 2127 485 2181 Recentiore
506 2133 611 2196 aetate,
646 2145 701 2199 qua
720 2127 803 2180 latius
826 2126 916 2198 patuit
942 2129 1001 2178 tota
1023 2125 1168 2197 Aegyptus
1197 2143 1229 2178 ac
1252 2124 1372 2178 faciliori

236 2231 320 2284 opera
335 2212 499 2282 perlustrari
516 2215 623 2283 potuit,
643 2213 798 2284 pyramides
813 2217 867 2265 tam
880 2211 1004 2282 reliquae
1019 2228 1099 2282 quum
1114 2228 1177 2279 eae,
1194 2227 1265 2282 quas
1280 2210 1372 2264 Hero-

236 2299 318 2351 dotus
334 2298 490 2368 descripsit,
508 2299 628 2352 virorum
643 2299 783 2352 doctorum
800 2315 831 2351 ac
845 2297 1083 2368 peregrinatorum
1099 2296 1191 2349 studia
1204 2297 1232 2349 in
1248 2315 1278 2350 se
1290 2313 1372 2366 quam

235 2385 347 2436 maxime
371 2389 584 2452 converterunt,
607 2384 656 2456 qni
678 2383 783 2451 omnis,
805 2400 877 2454 quae
896 2383 930 2435 ad
946 2381 1028 2434 situm
1045 2387 1073 2435 et
1090 2382 1124 2434 ad
1141 2386 1300 2435 structurae
1314 2399 1372 2434 rno-

235 2470 298 2524 dnm
313 2468 467 2538 pertinent,
490 2477 617 2523 eccornte
633 2487 800 2539 cognoscere
815 2485 846 2521 ac
861 2466 992 2535 delinire,
1019 2466 1144 2536 singulus
1166 2471 1194 2519 et
1214 2466 1372 2520 latitudinis

236 2559 265 2607 et
285 2553 440 2608 altitudinis
461 2570 606 2608 mensuras
622 2572 725 2608 summa
745 2553 888 2622 diligentia
907 2555 995 2606 factus
1011 2553 1168 2606 describere
1191 2558 1273 2623 atque
1294 2552 1370 2606 aditu

235 2639 263 2692 in
280 2637 428 2691 interiores
443 2643 547 2709 partes,
567 2640 614 2710 qui
636 2658 719 2694 erena
735 2646 795 2692 erat
810 2641 945 2706 obtectus,
968 2637 1092 2708 recluso,
1118 2639 1168 2691 hos
1184 2638 1260 2708 ipsas
1275 2643 1372 2708 perte·

236 2723 398 2796 perquirere
416 2725 507 2776 conati
519 2733 595 2778 sunt.
629 2725 669 2780 Ao
681 2725 822 2797 pertinent
835 2725 888 2777 huc
901 2723 1065 2794 praecipue:
1367 2739 1370 2744 ·

278 2811 387 2863 Glurlrc:
403 2807 523 2863 Travels
539 2815 591 2862 etc.
608 2811 679 2879 ΙῙ,1.
698 2829 725 2880 p.
736 2815 786 2870 113
801 2827 880 2881 seqq.
896 2812 947 2868 179
959 2827 1037 2878 seqq.

280 2896 400 2949 Belzoni:
422 2895 571 2948 Narrative
593 2897 623 2948 ol
640 2897 686 2948 the
703 2895 872 2965 Operatione
892 2893 947 2946 and
965 2897 1060 2946 recent
1076 2891 1246 2947 discoveries
1262 2897 1316 2947 etc.
1342 2895 1371 2948 in

363 2980 459 3049 Egypt
471 2980 634 3033 andNnbia.
650 2979 766 3034 London
783 2983 860 3039 1811.
877 2978 959 3032 Vol.l
974 2978 1102 3050 (Voyage
1118 2995 1151 3032 en
1163 2979 1275 3049 Egypte
1292 2985 1320 3032 et
1337 2999 1371 3034 en

363 3064 455 3117 Nubis
470 3082 521 3134 par
536 3065 674 3135 Depping.
690 3064 771 3118 Paris
787 3061 1000 3130 1831111011).

281 3150 442 3203 Wilkinron:
457 3149 552 3220 Egypt
568 3151 624 3202 and
638 3151 748 3203 Thebes
766 3169 793 3220 p.
808 3155 860 3210 313
875 3167 954 3219 seqq.

279 3236 420 3288 Prokescb:
441 3233 655 3304 Erinnernngen
679 3251 729 3288 eus
748 3235 892 3304 Aegypton
917 3234 973 3286 und
995 3232 1165 3286 Kleinesien.
1191 3234 1271 3288 Wien
1289 3241 1371 3297 1819.

364 3319 386 3371 l.
402 3337 429 3388 p.
445 3323 481 3380 68
496 3338 575 3391 seqq.

280 3407 361 3461 Micb.
378 3405 484 3459 Russel:
507 3405 585 3459 Vrew
607 3406 638 3458 of
650 3405 760 3458 ancient
779 3403 833 3456 and
853 3403 964 3456 modern
985 3403 1090 3472 Egypt.
1114 3403 1282 3474 Edinburgh
1299 3410 1370 3466 1831

362 3490 480 3561 (second
497 3491 577 3558 edit.)
592 3509 619 3561 p.
636 3496 687 3552 113
702 3508 780 3560 seqq.
1096 3525 1102 3534 ·
1305 3519 1308 3524 ·

279 3577 397 3630 Howurd
419 3575 495 3644 Vyre:
524 3575 692 3645 Operations
719 3575 826 3627 carried
847 3591 882 3626 on
906 3577 934 3626 at
954 3575 1000 3626 the
1021 3571 1212 3643 pyramids'oi
1230 3573 1320 3626 Giaeh
1342 3575 1371 3629 in

366 3661 447 3727 1837,
469 3659 536 3712 with
551 3677 585 3712 un
601 3665 717 3712 account
730 3661 761 3712 of
781 3677 796 3711 s
812 3675 918 3726 voyage
933 3659 960 3710 in
978 3665 1006 3711 to
1021 3674 1109 3727 upper
1124 3657 1229 3728 Egypt.
1251 3657 1370 3714 London

366 3749 443 3804 1840.
459 3751 476 3804 1
490 3743 562 3797 Voll.
579 3751 607 3798 et
621 3743 764 3814 Appendix
780 3743 855 3816 (Vol.
871 3743 929 3808 Ill)
948 3747 1025 3802 1841.

279 3831 340 3884 'l'he
360 3829 503 3897 Pyramids
529 3830 560 3881 ol
578 3829 682 3894 Gizeb,
707 3831 777 3882 from
800 3826 889 3880 sctuel
906 3827 1015 3896 Survey
1040 3825 1094 3879 and
1117 3825 1370 3884 Admeasureruent.

366 3913 526 3967 Illustrated
542 3913 608 3966 with
629 3917 708 3966 notes
728 3914 782 3966 and
798 3913 954 3966 references
973 3917 1001 3964 to
1016 3913 1063 3966 tbe
1078 3911 1186 3964 several
1205 3913 1295 3982 plens.
1327 3917 1370 3984 By

245 4039 438 4052 ——-—

308 4099 335 4164 *)
353 4099 459 4150 Plinius
476 4095 550 4146 Hist.
563 4097 627 4146 Nat.
646 4095 771 4158 XXXVI,
784 4097 817 4146 12
835 4096 893 4148 siue
909 4095 978 4158 lna
996 4095 1029 4148 dc
1040 4095 1233 4162 Pyrsrnidibus
1246 4099 1370 4152 scribens

239 4169 308 4220 hoec
327 4169 423 4221 habet:
452 4167 531 4230 „Qui
549 4166 581 4216 de
600 4167 634 4216 iis
653 4165 823 4229 scripserint,
842 4171 907 4216 suut
925 4165 1090 4230 Herodotus,
1110 4165 1293 4230 Euhemerus,
1313 4170 1369 4221 Du·

240 4240 278 4289 ris
297 4237 416 4302 Samius,
435 4238 619 4301 Arintegoras,
637 4235 797 4299 Dionysius,
816 4235 1014 4298 Artemidorus,
1034 4235 1189 4288 Alexander
1201 4237 1370 4303 Polyhistor,

241 4309 396 4370 Butorides,
414 4305 601 4370 Antisthenes,
620 4305 784 4367 Demetrius,
803 4305 969 4368 Demeteles,
988 4305 1110 4370 Apiou‘.
1143 4308 1263 4369 Quorum
1273 4309 1370 4370 libros,

241 4379 266 4430 si
279 4377 314 4428 ab
331 4377 471 4428 Herodoto
490 4375 665 4438 discesseris,
684 4391 777 4426 omnes
796 4376 948 4440 interiisse,
969 4375 1066 4426 merito
1087 4375 1240 4429 dolendum.
