3058 4928
561 259 812 320 uuuuupu.
835 259 878 320 11.
897 267 943 324 ω.
1259 241 1320 318 ise

185 431 285 519 Διὸς,
300 439 386 502 ἔνθα
399 428 555 517 ἀπίκετο,
574 435 724 502 ἐνθαῦτα
736 431 870 522 μνήμην
887 429 992 501 αὐταῦ
1006 435 1104 519 ἔχειν.
1138 436 1175 502 ἐκ
1190 430 1318 502 eleosi-
1375 410 1378 424 Ι
1463 423 1468 432 ’

185 565 247 606 σου
272 533 471 626 χρηστήριον
495 535 719 624 κατηγήσατο,
749 538 878 606 ἐπείτε
904 537 1069 622 συνέλαβε
1094 533 1157 624 τὴν
1178 531 1320 606 Ἑλλάδα

186 645 351 727 γλῶσσαν.
381 638 485 726 φάναι
502 642 541 708 δέ
557 643 592 708 oi
603 635 773 727 ἀδελφεὴν
786 643 824 709 ἐν
836 639 948 728 Λιβύῃ
961 643 1154 728 πεπρῆσθαι
1169 635 1237 711 ὑπὸ
1251 645 1320 710 τῶν

186 740 301 813 αὐτῶν
316 750 504 828 Φοινίκων,
527 737 587 812 ὑπ’
604 733 653 812 ὧν
666 745 722 812 καὶ
737 740 823 832 αὐτὴ
837 741 980 832 ἐπρήθη.
1015 743 1199 824 Πελειάδες
1212 747 1252 813 δέ
1262 771 1317 832 μοι
1325 755 1365 814 57

187 849 341 916 δοκέουσι
362 852 530 936 κληθῆναι
556 843 638 938 πρὸς
658 852 878 916 Δωδωναίων
900 847 954 915 ἐπὶ
977 850 1078 916 τοῦδε
1097 852 1135 916 oli
1151 863 1319 935 γυναῖκες,

186 1047 350 1112 incolebant,
369 1048 470 1098 victum
484 1047 674 1114 suppeditasse
689 1047 728 1098 di·
780 1047 867 1112 ipsam
882 1046 953 1112 quod
968 1047 1083 1110 attinet,
1100 1049 1163 1096 suut
1181 1047 1226 1110 qui
1245 1045 1321 1096 iabu-

186 1125 291 1170 cunlur.
337 1119 410 1168 Hinc
432 1133 512 1168 sucre
537 1118 630 1180 arhor,
660 1133 729 1182 quse
779 1115 822 1167 lue
833 1118 951 1182 origines
961 1115 1024 1166 inde
1034 1116 1120 1180 repeti
1130 1113 1224 1178 velint,
1239 1115 1319 1180 quod,

187 1191 273 1254 prima
309 1189 373 1238 olim
410 1187 540 1238 elimenta
576 1187 733 1238 hominibus.
779 1201 840 1236 cum
859 1186 931 1251 opud
943 1186 1071 1251 Epirotes
1083 1184 1215 1242 πελείονς
1232 1186 1319 1236 dictos

186 1260 355 1324 praebuerit,
388 1257 450 1308 hinc
482 1259 570 1322 ipsum
596 1257 654 1308 eius
682 1272 729 1307 uo·
779 1258 864 1306 luisse
882 1271 960 1306 senes
975 1256 1130 1321 Hesychius
1146 1260 1248 1318 narret,
1265 1255 1320 1304 Do-

186 1346 255 1392 men,
273 1329 345 1394 quod
361 1328 395 1378 ab
413 1327 517 1378 edendo
536 1326 564 1390 (a
579 1327 661 1378 verbo
674 1341 728 1390 φα·
778 1327 942 1376 doneeorum
963 1342 1068 1391 quoque
1090 1341 1227 1376 sacrorum
1251 1325 1320 1374 unti-

186 1402 257 1465 γεῐν)
281 1399 391 1449 ductum
413 1399 460 1446 vix
479 1397 604 1448 dubitare
626 1397 727 1459 licebit,
780 1398 860 1446 stites
870 1395 979 1446 vetulae
992 1396 1045 1445 diei
1056 1395 1194 1460 potuerint
1203 1392 1319 1458 πέλειαι,

186 1470 249 1520 hinc
263 1485 296 1520 ex
315 1469 407 1519 souitu
423 1466 561 1531 loliorum,
581 1483 615 1518 ex
632 1467 729 1518 avibus
782 1467 853 1532 quod
871 1481 1012 1516 commune
1027 1465 1095 1516 alias
1113 1466 1167 1516 luit
1185 1464 1321 1516 columba-

187 1538 453 1601 circumvolantihus,
473 1537 533 1587 eliis
547 1537 679 1588 eiusmodi
690 1553 730 1587 re·
781 1553 840 1586 rum
859 1535 1028 1588 vocabulum.
1052 1537 1088 1586 Et
1101 1535 1197 1586 scribit
1211 1535 1321 1584 Servius

187 1609 237 1658 bus
256 1607 368 1658 orsoula
383 1608 479 1672 petite,
498 1606 590 1672 qualia
601 1608 645 1658 vel
656 1607 730 1672 apud
780 1607 815 1656 ed
827 1605 923 1671 Virgil.
936 1605 1031 1671 Eclog.
1042 1606 1090 1669 IX,
1108 1605 1149 1668 13,
1162 1604 1322 1654 Thessalica

187 1681 295 1727 nostres
314 1678 430 1728 muiores
448 1677 477 1725 in
491 1677 685 1727 Germanorum
701 1682 729 1726 et
778 1675 873 1741 lingua
898 1677 1014 1739 peliades
1045 1675 1098 1726 diei
1127 1681 1155 1726 et
1181 1674 1321 1725 columbos

189 1747 406 1798 celtarumlucie
419 1751 573 1796 occurrunt.
603 1746 663 1798 Vid.
676 1746 729 1796 Le·
780 1751 809 1796 et
832 1745 960 1796 fatidicas
983 1744 1120 1796 mulieres.
1158 1745 1229 1796 Add.
1252 1746 1322 1794 Pau·

187 1815 266 1866 aeulx
283 1816 301 1865 l.
318 1815 336 1866 l.
354 1817 481 1880 pllseq.
502 1813 536 1878 (s.
550 1831 577 1880 p.
588 1815 640 1867 298
658 1815 727 1882 aeq.)
779 1830 839 1866 sau.
860 1817 899 1878 X,
921 1817 963 1866 12.
987 1819 1012 1879 s.
1036 1817 1052 1866 5
1076 1821 1104 1866 et
1129 1831 1199 1880 quae
1223 1814 1256 1865 de
1280 1814 1322 1864 his

188 1885 252 1937 coll.
272 1885 398 1936 Creuser.
422 1885 543 1950 Symbol.
570 1885 609 1937 11.
631 1902 658 1950 p.
684 1887 725 1936 84.
780 1884 969 1936 sacerdotibus
985 1885 1198 1937 vaticinantibus
1211 1886 1266 1935 iam
1279 1899 1323 1934 su·

187 1957 297 2005 Wiener
320 1955 435 2006 Jahrbb.
466 1955 541 2004 Lxl.
571 1971 598 2020 p.
624 1956 674 2006 180
701 1961 728 2005 et
779 1969 830 2020 pra
847 1955 882 2005 ed
907 1955 951 2018 11,
975 1957 1008 2006 55
1030 1957 1182 2020 posuimus,
1209 1969 1322 2021 querum

187 2027 277 2076 Kruse
300 2024 395 2075 Helles
421 2025 443 2075 1.
467 2041 493 2088 p.
516 2025 589 2076 443:
618 2025 651 2075 In
670 2040 729 2090 pro·
781 2025 815 2075 de
833 2025 941 2074 nomine
961 2026 1096 2090 quaesivit
1113 2041 1220 2091 quoque
1238 2026 1269 2075 Ο.
1288 2025 1321 2077 li.

189 2095 311 2145 verbium
340 2095 408 2145 sdeo
437 2095 521 2144 cessit
542 2095 617 2144 Iovis
638 2095 730 2144 Dodo·
780 2095 927 2145 Hermann.
939 2095 1147 2146 Gottesdiensll.
1160 2093 1277 2146 Alierth.
1294 2093 1320 2155 ὃ.

189 2165 253 2215 uuei
270 2165 365 2225 urb0r3
390 2165 427 2214 cl.
441 2165 512 2214 Plat.
530 2164 645 2214 Phaedr.
665 2179 728 2230 pag.
781 2165 823 2216 ub.
842 2169 899 2215 not.
919 2166 962 2217 23.
1003 2165 1044 2214 Ac
1067 2181 1133 2216 sene
1156 2164 1238 2216 ultius
1257 2163 1322 2230 quid

188 2236 239 2285 275
257 2236 280 2284 Β
298 2235 390 2300 ibique
407 2234 550 2284 Heindorf.
571 2250 598 2300 p.
618 2236 679 2285 342.
694 2261 729 2270 -
779 2235 809 2284 iu
831 2235 882 2284 hac
903 2240 962 2285 tota
990 2235 1084 2286 fabula
1109 2237 1229 2301 spectari
1254 2233 1321 2284 nibil

188 2305 221 2354 In
238 2319 313 2369 seqq.
327 2320 376 2369 pro
388 2296 642 2368 ἀμφιπολεύουσαν
659 2303 730 2370 quod
781 2304 904 2355 dubium:
933 2304 1004 2370 quod
1033 2306 1121 2370 ipsum
1144 2306 1206 2356 inde
1229 2320 1321 2356 eruere

188 2375 270 2424 scribi
289 2373 348 2424 vuit
371 2365 625 2439 ἀμφιπολεύσασαν
643 2374 730 2426 Cobet
781 2375 873 2425 conati
884 2379 947 2425 sunt
958 2375 1010 2425 viri
1024 2375 1106 2427 docti.
1136 2376 1321 2442 NumqueDo-

187 2445 305 2510 itemque
326 2445 411 2495 ilbert
430 2444 592 2495 Commentt.
613 2445 685 2496 Sico.
705 2445 728 2495 1.
781 2444 868 2495 donae
892 2447 920 2494 in
944 2445 1119 2510 religionibus
1142 2447 1202 2498 lovi
1227 2446 1322 2497 addite

188 2531 226 2579 p..
242 2515 291 2565 118
314 2529 405 2580 seqq,
433 2514 505 2564 haud
532 2530 643 2566 necesse
670 2529 730 2565 esse
772 2517 933 2566 eratllr'ons
949 2516 1043 2575 Venas,
1061 2517 1105 2566 cui
1122 2517 1247 2567 columba
1263 2521 1322 2566 erut

187 2585 288 2637 iudico.
318 2586 375 2636 Nec
392 2585 480 2650 magis
493 2585 676 2635 necessarium
691 2585 731 2634 vi-
780 2591 954 2646 consecrata,
984 2600 1053 2650 quae
1075 2587 1104 2635 in
1127 2587 1202 2637 Iovis
1225 2587 1322 2636 arbore

188 2655 281 2718 delur,
306 2656 334 2706 iu
351 2655 443 2706 verbis
464 2669 539 2720 seqq.
556 2646 729 2720 χρηστήριον
780 2653 877 2705 sedens
900 2655 992 2704 lutura
1014 2661 1140 2719 caueret,
1164 2656 1269 2721 quelem
1293 2657 1322 2704 iu

188 2716 365 2789 κατηγήσατο
381 2724 519 2790 (mumdum
536 2725 651 2790 institerit)
666 2725 731 2773 scri·
780 2725 869 2774 numis
880 2724 1015 2787 hodieque
1026 2719 1141 2774 servatis
1152 2741 1247 2776 revers
1257 2741 1321 2776 con·

188 2795 252 2844 bere
275 2793 462 2858 χρηστηρίων.
500 2794 544 2844 Τιι
568 2795 631 2845 virle
649 2795 729 2844 modo
780 2795 918 2859 spicimns.
954 2793 1114 2844 chebstur
1130 2793 1179 2844 illa
1196 2795 1270 2844 vitae
1283 2797 1321 2842 vi·

188 2864 227 2925 11,
246 2863 288 2916 49.
307 2863 361 2925 111,
382 2865 441 2916 134.
460 2863 568 2926 V11,8.
588 2868 613 2929 §-
634 2865 658 2915 1.
779 2863 843 2914 tulis
863 2863 942 2929 quasi
968 2862 1117 2928 symbolum
1145 2868 1173 2914 et
1197 2863 1320 2913 alimenti

222 2921 366 2996 ἀδελφεὴν
390 2923 421 2981 ἐν
439 2925 529 2999 Λιβύῃ
547 2931 728 3000 πεπρῆσθαι]
779 2933 858 2999 primi
875 2932 1014 2983 iudicium.
1052 2933 1142 2994 Quare
1159 2947 1220 2984 euru
1238 2933 1320 2998 Nym·

189 2999 252 3050 Noli
271 3002 389 3052 scribere
408 2991 421 3050 i
427 3017 440 3058 ς
457 2994 576 3068 Λιβύην.
604 3004 729 3054 Iudicere
779 3003 839 3068 phis
857 3002 1008 3053 nutricibus
1023 3003 1082 3053 sire
1095 3003 1238 3068 Hyadibus
1257 3017 1319 3052 con-

190 3070 261 3119 enim
278 3070 366 3120 voluit
383 3069 493 3133 mulier,
513 3087 632 3124 sororem
651 3089 728 3125 susm
778 3073 871 3122 venire
889 3070 1002 3128 πελείας
1023 3071 1082 3122 vult
1098 3073 1130 3124 0.
1143 3071 1177 3124 0.
1196 3072 1318 3123 Mueller.

190 3140 218 3188 in
236 3140 338 3205 Libye,
365 3141 393 3190 in
411 3156 490 3206 quern
514 3141 586 3206 (scil.
610 3159 627 3193 a
643 3145 729 3195 Phoe·
779 3141 906 3208 Prolegg.
926 3157 949 3190 a.
964 3141 1116 3208 Mytholog.
1134 3158 1162 3208 p.
1179 3143 1240 3194 320.
1268 3144 1320 3193 Ne-

189 3209 310 3276 nicibus)
342 3209 461 3260 abducis
490 3218 561 3276 eret,
591 3214 729 3265 venditum
780 3227 831 3278 que
848 3213 900 3262 huo
918 3211 1012 3262 referri
1030 3227 1084 3262 nou
1102 3213 1204 3277 poterit
1220 3212 1320 3263 colum-

188 3279 274 3329 iuisse
287 3295 305 3328 a
320 3280 515 3347 Phoenicibus,
537 3298 592 3348 que
612 3284 641 3333 in
658 3290 730 3335 terra
780 3283 829 3346 ba,
847 3297 916 3348 quae
928 3287 990 3346 post
1006 3282 1136 3333 diluvium
1153 3297 1215 3333 oum
1232 3282 1320 3333 eiivse

190 3348 251 3398 dein
278 3355 497 3400 commoraretur.
544 3353 625 3403 Haud
649 3355 731 3404 inire·
780 3350 847 3402 iolio
869 3353 1033 3415 comperuit,
1055 3353 1152 3403 Geues.
1172 3353 1253 3415 VIII,
1276 3353 1319 3402 11.

189 3433 274 3484 quens
284 3421 396 3470 Graecis
407 3421 585 3485 scriptoribus
594 3422 662 3474 haec
672 3439 730 3474 ora·
779 3423 886 3472 Dionae
902 3421 986 3486 igitur
1008 3436 1069 3471 cum
1087 3437 1165 3472 secra
1185 3428 1257 3472 esset
1276 3437 1320 3470 co·

188 3491 272 3538 tionis
289 3489 518 3554 breviloquentia,
546 3507 600 3556 qua
623 3499 731 3557 prester
780 3489 887 3554 lumba,
907 3489 946 3539 nil
962 3491 1065 3541 mirum
1078 3491 1145 3542 deae
1163 3491 1319 3541 secerdotes

189 3565 276 3610 motus
299 3559 527 3624 significationem
550 3563 631 3612 etiam
661 3579 730 3613 conr-
781 3561 874 3611 eodem
892 3561 1001 3612 nomine
1013 3559 1196 3611 columbarum
1207 3561 1319 3626 insigui-

189 3629 304 3680 moretio
330 3631 360 3680 in
388 3629 479 3696 eliqno
506 3629 565 3680 loco
594 3633 731 3682 iudicatur
761 3625 824 3680 'tes
848 3631 946 3692 fuisse,
969 3630 1192 3695 quemadmodum
1213 3630 1319 3680 Cereris

187 3699 389 3764 praepositione
398 3691 437 3750 is.
467 3699 639 3752 consimilem
652 3717 729 3752 usum
781 3715 887 3766 quoque
910 3701 1067 3750 sacerdotes
1090 3698 1222 3764 μελίσσας
1239 3715 1320 3750 vocu-

187 3771 397 3834 pruepositionis
412 3760 442 3818 iu
455 3770 609 3821 notavimus
628 3771 662 3821 ad
677 3773 730 3824 He·
780 3775 823 3822 tas
842 3770 926 3820 inisse
942 3775 1059 3820 constal.
1096 3770 1140 3818 Tu
1158 3769 1221 3819 vide
1237 3771 1320 3834 potis-

187 3838 246 3888 rod.
262 3840 324 3903 Vll,
336 3840 370 3893 93
388 3845 416 3890 el
429 3841 465 3891 ad
479 3837 620 3893 Plutarch.
632 3842 728 3907 Pyrrh.
780 3839 877 3889 simum
888 3839 1008 3889 Lasaulx
1018 3855 1043 3904 p.
1055 3841 1080 3890 7.
1093 3840 1133 3904 (p.
1144 3839 1220 3904 297),
1237 3839 1319 3889 Oreu-

190 3921 217 3969 p.
237 3907 294 3960 rus.
781 3923 835 3960 ser.
855 3907 1042 3974 Symbol.1V.
1071 3924 1098 3973 p.
1124 3909 1189 3972 284,
1216 3907 1319 3959 drueth

781 3993 808 4042 p.
829 3977 861 4028 16
876 3993 934 4042 seq.
952 3977 1014 4029 coll.
1027 3994 1054 4042 p.
1066 3979 1083 4027 8
1097 3993 1183 4044 seqq..
1203 3979 1250 4043 qui
1263 3980 1319 4044 ipae

373 4081 439 4132 ὒν·
457 4075 544 4132 ern.
781 4048 1085 4166 {talutium
1107 4047 1320 4168 {illuster
1347 4137 1356 4148 -

225 4174 375 4241 Πελειάδες
397 4180 430 4232 δέ
448 4198 496 4248 μοι
515 4213 550 4223 -
574 4175 620 4234 ἐπὶ
645 4182 731 4234 τοῦδε
782 4201 822 4236 nr.
841 4185 876 4236 28
893 4187 1048 4251 repetitum,
1068 4133 1145 4237 {uiue
1157 4185 1245 4237 alteru
1258 4201 1321 4252 pars

187 4242 220 4297 ui
236 4249 377 4315 γυναῖκες]
398 4253 439 4302 De
454 4269 504 4304 usu
522 4254 731 4319 praepositionis
782 4254 891 4306 exhibet
912 4256 1034 4306 erboreur
1057 4256 1128 4307 loliis
1152 4261 1180 4307 et
1202 4256 1321 4307 brachiis

187 4308 233 4366 ieri
257 4320 407 4371 monuimus
431 4321 465 4372 ed
489 4323 579 4385 1,l⁴.
615 4322 658 4372 Ad
676 4337 731 4373 rem
782 4322 1322 4392 distinctaru‚quibuasuperseditcolum-
