3088 4944
629 279 752 344 cero.
776 281 801 344 1.
825 237 890 348 ιιι.
1265 285 1328 350 aaa

191 453 282 546 φοδυ,
306 456 468 542 Λέβεδος,
495 454 599 540 Τέως,
613 458 837 546 Κλαζομεναὶ,
853 455 1002 528 Φώκαια.
1044 450 1143 531 αὗται
1159 459 1197 532 δὲ
1212 465 1250 530 αἱ
1261 459 1322 532 τό·

191 569 260 640 λιες
272 564 348 650 τῇσι
363 557 526 646 πρότερον
545 566 737 648 λεχθείσῃσι
755 556 971 650 ὁμολογέουσι
991 561 1075 634 κατὰ
1094 571 1251 652 γλῶσσαν
1265 563 1323 635 οὐ·

194 663 270 749 etv,
284 663 345 750 σφὶ
360 661 398 730 δὲ
411 656 654 750 ὁμοφωνέουσι.
682 669 730 733 ἔτι
744 665 781 736 δὲ
794 681 882 756 τρεῖς
895 661 1074 738 ὑπόλοιποι
1084 666 1186 750 Ἰάδες
1200 668 1324 758 πόλιες,

192 771 261 836 τῶν
273 769 312 834 αλ
323 763 385 835 δύο
399 765 461 854 μὲν
475 763 598 854 νήσους
612 768 775 853 οἰκέαται,
793 769 912 857 Σάμον
931 799 967 840 τε
989 775 1044 842 καὶ
1059 780 1160 860 Χίου,
1180 769 1201 864 ἡ
1215 774 1253 843 δὲ
1266 780 1324 864 μία

193 873 231 940 ἐν
243 874 283 961 τῇ
298 865 427 962 ἠπείρζο
441 873 591 958 ἵδρυται,
610 866 781 960 Ἐρυθραί.
812 881 888 942 Χῖοι
903 877 965 960 μέν
977 903 1043 945 νυν
1055 879 1112 946 καὶ
1129 874 1324 968 Ἐρυθραῖοι

150 989 181 1046 71
191 969 273 1044 κατὰ
292 970 401 1044 τιδυτδ
422 975 651 1061 διαλέγονται,
667 973 790 1064 Σάμιοι
805 976 842 1046 δὲ
857 972 905 1044 ἐπ’
922 979 1058 1049 ἑωυτῶν
1073 985 1203 1068 μοῦνοι.
1232 973 1324 1052 οὖτοι

190 1081 395 1168 χαρακτῆρες
407 1074 560 1166 γλώσσης
573 1081 725 1170 τέσσερες
739 1085 901 1166 γίνονται.
957 1107 958 1110 ’

190 1281 262 1346 pisse
275 1279 375 1330 dicitnr
388 1276 530 1343 coloniam,
550 1280 584 1330 ab
601 1278 655 1331 alio
668 1296 732 1346 qno·
784 1286 867 1348 atque
891 1281 1021 1348 Erythras
1042 1282 1076 1333 ab
1100 1298 1155 1333 una
1180 1283 1327 1349 eademque

191 1350 252 1401 darn
270 1349 351 1400 Codri
369 1347 424 1399 lilio
445 1349 498 1400 hnc
521 1349 679 1412 deductam
704 1355 732 1402 et
784 1351 892 1403 colonia
918 1353 1044 1403 conditas
1073 1352 1173 1415 videri,
1208 1369 1327 1418 praeser-

190 1421 219 1470 in
242 1434 301 1470 earn
328 1419 443 1470 cessisse
469 1419 596 1470 dicuntur
621 1421 732 1486 Minyae
783 1423 832 1472 tim
854 1437 915 1472 cnm
937 1439 987 1488 par
1005 1438 1112 1489 quoque
1135 1423 1217 1473 inerit
1235 1439 1327 1476 eorum

189 1491 237 1540 isti
254 1489 435 1552 Orchomenii,
455 1505 522 1555 qnos
539 1489 635 1540 Ionum
652 1507 732 1556 expe·
782 1492 886 1558 lingue.

190 1560 287 1611 ditioni
308 1560 466 1612 interfuisse
489 1560 547 1624 ipse
569 1561 669 1612 Noster
692 1563 732 1612 in·
817 1554 946 1626 Φώκαια]
965 1560 1119 1627 Stephanus
1138 1562 1206 1627 Byz.
1224 1562 1327 1614 dehac

191 1630 299 1692 dicatI,
314 1629 373 1682 146.
410 1629 489 1680 Geni.
502 1629 731 1682 RaoulRochette
783 1631 895 1683 civitate
917 1631 1031 1696 loquens
1056 1635 1083 1682 et
1105 1631 1275 1684 Herodotum
1295 1632 1327 1683 li-

190 1699 209 1752 l.
228 1700 247 1752 l.
271 1715 298 1764 p.
316 1698 346 1750 91
368 1705 396 1750 et
419 1699 449 1750 O.
474 1699 508 1752 0.
525 1699 651 1751 Mueller:
683 1701 732 1752 Or·
783 1702 831 1752 bre
843 1703 928 1767 primo
945 1705 1043 1752 testem
1054 1703 1141 1753 citans
1152 1708 1253 1766 monet,
1272 1703 1326 1754 dici

191 1769 409 1836 chomenospag.
422 1767 483 1820 399.
496 1769 556 1820 400.
594 1771 673 1822 Nunc
690 1772 731 1820 vi·
782 1787 890 1837 quoque
914 1769 1040 1835 Φωκαίῃ.
1082 1773 1172 1836 Atque
1199 1773 1239 1823 sic
1265 1772 1326 1822 Φω-

190 1856 237 1891 cus
253 1840 300 1902 ibi,
319 1841 363 1890 oui
377 1838 570 1906 nomeuSr'pesi
585 1840 628 1890 vel
642 1840 731 1906 Sipha·
782 1840 868 1906 καίηυ
892 1841 1009 1905 reperies
1037 1841 1066 1903 1,
1089 1842 1132 1893 80.
1164 1841 1222 1892 164.
1250 1841 1324 1904 165.;

182 1910 240 1974 jis,
258 1909 391 1976 Sepipick5
414 1910 472 1962 vid.
492 1911 587 1975 Poppo
607 1910 641 1960 ad
659 1911 731 1962 Thu·
782 1912 831 1962 sed
850 1910 921 1962 idem
938 1911 1039 1962 Noster
1057 1903 1190 1960 Φώκαιαν
1207 1911 1245 1975 ΙΙ,
1265 1912 1324 1964 106.

189 1979 281 2046 eydid.
305 1981 334 2043 1,
357 1981 382 2031 2.
405 1995 468 2045 pag.
495 1979 556 2032 459.
598 1981 731 2046 Forbiger
782 1973 897 2030 Φώκαια
912 1980 949 2042 11,
967 1981 1026 2033 118.
1063 1981 1106 2032 Tu
1124 1979 1181 2032 vid.
1200 1985 1269 2032 nott.
1290 1981 1325 2032 ad

189 2051 209 2101 l.
226 2049 249 2102 l.
265 2065 328 2114 pag.
349 2049 398 2102 185
416 2065 474 2115 seq.
501 2049 629 2100 Lehnert.
649 2067 676 2116 p.
697 2052 727 2102 11

191 2135 248 2184 seq.
264 2149 300 2159 -
322 2121 482 2171 Clazomenae
499 2135 553 2170 non
572 2121 666 2170 eadem
686 2136 731 2172 ae-

191 2193 264 2250 tate,
295 2205 348 2254 qua
373 2189 491 2256 reliquae
515 2190 612 2240 Ionum
639 2191 729 2253 nrbes,

192 2259 318 2310 conditae
331 2263 406 2323 sunt,
425 2259 472 2312 sed
487 2265 597 2323 postea,
617 2260 730 2311 ducibus

192 2327 364 2394 Colophoniis
382 2328 532 2390 nonnullis;
550 2330 591 2380 ita
609 2335 640 2381 ut
654 2330 731 2382 Colo·

87 2397 94 2407 “
189 2399 286 2465 phonis
315 2399 422 2450 colonie
454 2400 603 2450 existimari
638 2405 730 2466 queat.

189 2469 268 2520 Cous.
289 2469 377 2520 Raoul
392 2469 524 2522 Rochette
540 2471 593 2520 111.
607 2485 670 2536 pag.
685 2471 729 2522 93.

188 2539 273 2590 Plura
288 2539 428 2605 Forbiger.
447 2539 466 2589 l.
478 2539 497 2590 l.
516 2556 543 2605 p.
558 2539 616 2592 183.
651 2541 730 2591 Nunc

187 2609 264 2660 locus
287 2614 402 2660 vocatur
430 2611 525 2668 Varln;
552 2611 589 2661 cf.
608 2610 728 2664 Boeckh.

189 2679 269 2745 corp.
292 2680 380 2730 inser.
405 2679 438 2730 Τ.
458 2679 497 2730 11.
521 2696 547 2745 p.
567 2679 628 2731 627.
664 2680 731 2731 Ρλο-
755 2701 759 2710 ’

188 2765 252 2800 caea
262 2765 369 2815 quoque
377 2749 528 2814 posteriore
538 2755 658 2816 tempore
667 2765 731 2800 con-

189 2819 248 2870 dita
266 2835 327 2870 esse
339 2819 510 2885 perhibetur,
529 2819 637 2872 colonia
648 2819 731 2870 Athe-

188 2890 323 2940 niensium
347 2889 412 2940 illnc
440 2889 570 2950 deductam
598 2890 642 2940 cui
669 2906 729 2940 cum

189 2959 267 3010 multi
283 2975 390 3026 qnoque
411 2960 585 3010 interfuerint
601 2960 730 3010 Phocidis

188 3034 277 3080 terrae
298 3029 418 3094 incolae,
447 3029 510 3080 inde
534 3045 632 3080 nornen
655 3030 730 3080 urbis

188 3099 366 3151 derivandum
392 3115 452 3150 esse
473 3099 651 3166 probabiliter
676 3104 731 3150 sta-

188 3175 279 3222 tuunt.
315 3169 404 3234 Coei,
422 3169 560 3236 appium,
579 3169 667 3221 Raonl
678 3171 731 3220 Ro·

190 3239 279 3290 chette
294 3240 347 3292 111.
364 3256 428 3305 pag.
442 3241 485 3292 114.
515 3241 594 3292 Nunc
609 3239 666 3289 eius
684 3255 731 3288 no-

189 3326 249 3360 men
265 3310 363 3362 Palaee
378 3309 460 3361 Folia
474 3327 496 3361 s.
513 3311 633 3376 Ρλομμία.
667 3307 730 3360 Vid.

188 3381 330 3446 Forbiger.
354 3380 372 3430 l.
396 3380 415 3431 l.
440 3397 467 3446 p.
493 3381 551 3432 180.
591 3377 730 3430 Prokesch

189 3451 217 3500 in
235 3449 342 3500 Annali.
354 3451 451 3502 Vienu.
469 3451 542 3502 LIX.
560 3449 674 3514 Anaeig.
686 3447 728 3499 Β1.

188 3537 216 3586 p.
238 3520 269 3570 18
290 3536 365 3586 seqq.
396 3521 428 3570 F.
444 3519 476 3570 G.
490 3520 643 3584 Thisquen:
660 3519 731 3569 Pho-

189 3589 276 3641 caica.
294 3591 381 3640 Bonu.
400 3589 477 3641 1842.
511 3588 633 3641 Boeckh.
649 3589 729 3653 Corp.

189 3661 276 3711 lusor.
288 3661 401 3711 Graece.
418 3661 452 3711 T.
465 3660 504 3710 11.
516 3675 557 3709 nr.
573 3658 640 3709 3412
654 3674 729 3724 seqq.

188 3731 278 3794 Atque
295 3730 367 3780 inira
378 3731 400 3793 1,
415 3730 465 3781 146
481 3729 635 3779 Phocenses
656 3727 730 3796 (Φα-

190 3794 264 3864 alre)
288 3801 382 3850 itidem
404 3799 432 3849 in
456 3801 489 3849 iis
512 3799 652 3858 dicuutur,
685 3797 731 3862 qui

190 3885 250 3919 cum
268 3870 381 3920 Ionibus
399 3870 428 3919 in
442 3869 536 3920 Asiam
555 3866 634 3918 simul
647 3867 732 3918 immi·

190 3939 303 4002 grarint.
333 3941 375 3990 De
401 3939 489 3990 tribus
507 3937 617 4004 reliquis
636 3937 732 3988 civita-

190 4008 277 4072 tibus,
305 4025 375 4074 quae
393 4009 427 4060 ad
445 4010 541 4061 lenum
559 4007 654 4058 foedus
672 4023 732 4072 per-

190 4079 334 4142 tinuerint,
359 4095 448 4146 pauca
464 4095 515 4130 nec
541 4095 574 4130 ea
591 4078 659 4128 satis
681 4077 733 4128 dis-

781 2051 810 2114 1,
829 2049 873 2102 80.
903 2051 945 2100 De
963 2067 995 2100 eo
1017 2065 1089 2100 nuuc
1107 2049 1191 2100 nolim
1206 2067 1325 2116 monere,

782 2121 855 2187 quod
867 2121 962 2172 eadem
979 2120 1043 2170 urbs
1056 2119 1197 2171 Heraclidi
1211 2121 1325 2172 Pontico

782 2189 807 2252 4.
826 2190 875 2254 34,
895 2195 926 2240 nt
941 2194 1020 2240 notat
1031 2190 1087 2254 On,
1107 2189 1206 2240 dicitnr
1217 2187 1324 2254 Φακέα,

782 2261 855 2327 quod
873 2275 970 2311 nomen
989 2260 1022 2310 de
1035 2260 1141 2312 Graeca
1159 2265 1232 2311 terra
1245 2262 1325 2312 unice

781 2331 908 2396 usurpari
924 2329 1008 2395 vulgo
1027 2329 1201 2394 contendunt,
1220 2336 1251 2381 nt
1263 2323 1325 2380 noi-

781 2415 848 2452 καια
870 2401 904 2451 δε
923 2400 1006 2450 Asiae
1029 2400 1096 2450 urbe
1113 2400 1217 2450 Ionica.
1253 2401 1325 2452 Scri-

781 2477 888 2536 pturam
908 2471 989 2520 istam
1007 2470 1080 2535 apud
1091 2470 1263 2522 Heraclidem
1281 2487 1324 2522 sa-

782 2543 818 2592 tis
841 2542 911 2592 tueri
939 2539 1031 2590 studet
1057 2539 1165 2592 Koeler.
1193 2541 1231 2591 ad
1252 2539 1280 2591 h.
1304 2540 1323 2590 l.

781 2627 845 2678 pag.
863 2610 910 2674 86,
930 2611 975 2661 cui
993 2610 1069 2660 addit
1087 2609 1214 2664 Oreuner.
1238 2609 1324 2674 Spau-

781 2681 863 2732 hemii
882 2681 1012 2745 disputat.
1033 2680 1061 2730 iu
1078 2680 1176 2744 Begeri
1189 2679 1323 2730 Thesaur.

780 2751 986 2816 Brendeuburg.
1005 2750 1029 2802 I.
1046 2765 1073 2814 p.
1087 2749 1138 2800 4115
1157 2753 1185 2799 et
1201 2750 1230 2799 in
1247 2755 1325 2800 nota·

781 2823 817 2872 tis
837 2821 871 2870 ad
890 2819 1050 2870 Callimachi
1060 2820 1160 2884 Hymn.
1176 2820 1204 2869 in
1217 2819 1322 2870 Pallcd.

781 2908 822 2943 vs.
841 2892 875 2940 24
893 2907 920 2956 p.
940 2889 992 2941 632
1010 2903 1085 2953 seqq.

815 2953 832 3024 ἡ
853 2955 884 3008 δὲ
903 2957 954 3023 μιά
972 2949 1002 3008 ἐν
1020 2956 1054 3022 τῇ
1075 2947 1182 3021 ἠπείρῳ
1201 2950 1323 3018 ἵδρυται,

774 3021 930 3093 Ἐρυθραί]
952 3031 993 3078 De
1010 3027 1062 3077 hac
1079 3025 1146 3076 urbe
1162 3027 1231 3074 vett.
1248 3024 1323 3074 locos

780 3099 836 3150 vid.
859 3097 931 3163 apud
953 3097 1094 3162 Forbiger.
1118 3094 1137 3144 l.
1164 3093 1183 3146 l.
1207 3110 1234 3159 p.
1262 3094 1322 3146 184.

781 3171 875 3221 Pauca
891 3167 1003 3229 rudera,
1022 3166 1120 3232 quibus
1137 3179 1234 3214 nomen
1252 3164 1324 3216 Ilicre

782 3255 804 3290 s.
821 3239 902 3300 Rern,
928 3237 1032 3302 aliquot
1052 3236 1125 3287 horis
1149 3234 1280 3284 distantia
1307 3251 1324 3286 a

782 3309 944 3369 Tsehesme‚
971 3307 1059 3358 adhuc
1086 3321 1227 3370 superesse
1251 3305 1324 3354 idem

782 3383 883 3430 mouet.
911 3377 990 3428 Conf.
1004 3377 1086 3426 etiam
1095 3375 1221 3426 Lehnert.
1238 3390 1264 3438 p.
1282 3375 1323 3437 12,

782 3450 828 3515 qui
851 3448 885 3498 de
904 3445 980 3498 Samo
1007 3451 1099 3511 atque·
1112 3445 1172 3496 otro
1195 3444 1324 3493 disseruit

781 3537 808 3584 p.
822 3519 856 3570 14
875 3532 951 3582 seqq.
987 3515 1163 3568 Grammatici
1181 3513 1264 3562 scribi
1278 3528 1324 3562 vo-

780 3589 840 3640 lunt
856 3579 1008 3650 Ἐρυθραλ,
1034 3586 1057 3635 si
1074 3585 1171 3634 Ionum
1188 3581 1325 3646 intellige·
1415 3625 1418 3632 .

782 3664 826 3710 tur
849 3657 961 3718 civitas,
990 3655 1036 3706 sed
1060 3645 1216 3716 Ἐριῖθραῃ
1246 3651 1269 3699 si
1291 3651 1324 3701 de

782 3729 913 3780 Boeotica
930 3726 1010 3776 huius
1027 3723 1144 3774 nominis
1162 3721 1228 3771 urbe
1247 3719 1323 3785 (Her.

783 3797 888 3863 1x,1s)
906 3811 993 3847 sermo
1013 3795 1058 3846 sit.
1090 3791 1168 3842 Coni.
1182 3789 1272 3842 Schol.
1289 3791 1325 3842 ad

783 3868 865 3921 Iliad.
879 3867 916 3928 11,
929 3864 981 3916 489
1000 3869 1027 3914 et
1039 3862 1199 3926 Wesseling.
1213 3861 1248 3912 ad
1260 3861 1324 3912 Dio-

783 3939 842 3991 dor.
861 3935 945 3988 Sicnl.
959 3936 992 3986 T.
1009 3935 1049 3986 11.
1062 3949 1125 3999 pag.
1143 3931 1202 3985 365.
1235 3931 1322 3995 Nunc,

783 4013 813 4058 ut
833 4007 879 4059 Cr.
900 4006 1015 4068 monuit,
1049 4003 1202 4055 accuratius
1226 4001 1323 4052 dehis

784 4079 881 4128 statuit
901 4075 1083 4140 Gcettlingius
1103 4074 1142 4137 (in
1161 4070 1322 4138 Syllog.1n-

189 4149 279 4214 posita
298 4165 444 4216 secumque
455 4149 648 4201 concordantia
660 4147 733 4214 apud
783 4148 890 4212 scriptt.
906 4146 1017 4197 Graece.
1030 4151 1058 4196 et
1071 4144 1173 4195 Osann.
1187 4143 1281 4193 tascie.
1296 4143 1321 4193 I.

189 4219 335 4285 scriptores
360 4221 488 4285 antiquos
511 4220 693 4285 reperiuntur;
718 4234 732 4268 e
783 4234 847 4284 pag.
871 4215 913 4283 5),
943 4216 1052 4267 reiectis
1081 4214 1323 4266 Grammaticorum

189 4290 287 4354 quibua
311 4289 363 4342 hoc
385 4288 494 4342 efficere
517 4289 622 4340 studuit
644 4287 732 4339 Raoul
782 4288 876 4354 nugis,
906 4302 938 4336 ex
962 4286 1090 4352 analogia
1118 4285 1218 4336 decens
1239 4283 1323 4334 scribi

190 4359 323 4414 Rochette
341 4359 359 4412 l.
373 4359 392 4411 l.
411 4375 476 4430 pag.
494 4359 528 4412 95
544 4375 621 4430 seqq.
650 4357 733 4412 Clima
782 4374 863 4430 posse
879 4345 1009 4426 Ἐρυθροι
1031 4361 1059 4410 et
1081 4356 1109 4406 in
1126 4353 1226 4424 plurali
1241 4344 1323 4416 Ἐρυ-
