3058 4928
474 261 477 267 ’
577 281 824 342 uuuuuru.
846 281 890 341 11.
911 289 955 345 οι.

1272 283 1334 346 565

196 461 320 542 ταμίην
332 457 474 522 ποιεῦσι.
511 451 865 526 caristiensem
882 460 915 537 ἐς
929 454 991 546 τὴν
1007 456 1213 546 Βούβαστιν,
1233 453 1331 547 ὁρτά-

198 565 309 642 ζουσι,
330 555 475 644 μεγάλας
494 553 675 646 ἀνάγοντες
688 567 827 640 θυσίας·
855 563 910 630 καλ
931 560 1021 641 οἶνος
1035 558 1215 650 ἀμπέλινος
1235 558 1330 632 ἀναι-

198 665 352 749 σιμοῦται
370 661 476 732 ’πλέον
495 664 533 730 ἐν
550 667 591 752 τῇ
610 657 693 752 ὁρτῇ
710 662 814 752 ταύτῃ
833 659 854 754 ἢ
873 669 912 735 ἐν
930 669 976 758 τῷ
990 661 1112 734 ἀπαντι
1130 669 1274 759 ἐνιαυτηὸΙ
1288 671 1334 758 τῷ

199 769 372 858 ἐπιλοίπῳ.
425 769 651 854 σνμφοιτίωσι
673 767 726 851 δὲ,
755 763 823 837 ὅτι
846 763 931 857 ἀνὴρ
950 769 1006 836 καί
1025 767 1113 858 γυνή
1135 772 1219 853 ἐστι,
1246 767 1334 858 πλὴν

200 873 363 953 παιδίοιν,
387 870 443 938 καί
457 873 491 949 ἐς
512 867 741 960 ἑβδομήκοντα
759 870 943 959 μυριάδας,
972 866 1016 951 ὦς
1034 876 1070 940 οἱ
1085 873 1254 962 ἐπιχώριοι
1276 877 1330 943 λε’-

200 992 306 1059 γουσι.
347 977 452 1040 ταῦτα
475 972 537 1062 μὲν
558 971 600 1062 δὴ
622 973 727 1063 ταύτῃ
748 977 904 1044 ποιέεται.
954 969 1009 1042 Ἐν
1031 975 1070 1043 δὲ
1091 983 1230 1064 Βουσίρι
1254 974 1376 1045 πάλιθί

200 1071 244 1154 ὥς
257 1072 418 1162 ἀνάγουσι
432 1080 474 1164 τῇ
483 1074 542 1146 Ἴσι
557 1075 619 1167 τὴν
631 1073 749 1166 ὁρτὴν,
771 1087 899 1168 εἴρηται
914 1075 1076 1166 πρότερόν
1091 1105 1157 1166 μοι.
1185 1077 1330 1148 τύπτον-

198 1206 252 1248 ται
269 1179 332 1268 μὲν
349 1176 414 1269 γάρ
433 1178 475 1269 δὴ
495 1177 577 1268 μιτά
597 1179 660 1270 τὴν
676 1187 804 1271 θυσίην
821 1179 943 1259 πάντες
957 1181 1013 1249 καί
1031 1185 1151 1266 πᾶσαι,
1173 1181 1333 1270 μυριάδες

197 1347 285 1399 vicem
302 1348 456 1409 incessunt,
478 1345 540 1398 aliis
560 1348 680 1399 eiusdem
699 1365 744 1415 ge-

198 1418 272 1468 neris
288 1418 381 1469 iocose
391 1417 475 1470 dictis
492 1422 519 1468 et
530 1419 648 1484 peractis
665 1433 743 1469 enar·

198 1493 307 1550 rantur,
345 1488 508 1553 Aegyptiam
543 1488 742 1554 quodammodo

198 1559 317 1623 produnt
338 1558 478 1623 originem.
519 1557 603 1608 Addit
628 1559 744 1609 Crenae-

198 1643 257 1678 rus:
282 1627 374 1690 „Quin
396 1628 477 1678 bodie
500 1627 569 1678 talia
591 1644 624 1678 ao
642 1629 743 1678 similia

199 1699 227 1746 in
240 1697 366 1763 Aegypto
384 1696 456 1759 fieri,
475 1697 551 1747 docti
562 1697 634 1749 Galli
652 1699 743 1748 obser-

199 1771 275 1817 vent.
310 1766 373 1817 Vid.
398 1767 536 1830 Descript.
556 1767 589 1818 de
609 1767 680 1834 l'Eg.
703 1769 742 1820 Il.

200 1834 337 1903 (Thebes)
361 1852 388 1900 p.
409 1837 440 1887 51
467 1835 530 1886 coll.
554 1852 581 1901 p.
601 1835 689 1889 ³83.“
707 1869 743 1880 -

199 1902 399 1969 ονμφοιτίωοι,
421 1905 678 1972 quodFlorentinns
696 1908 743 1959 ob·

199 1975 278 2038 tulit,
306 1973 417 2039 reliqui;
445 1975 562 2026 Bredov.
592 1974 743 2040 σνμφοιτέ-

200 2058 278 2106 στοις
292 2045 328 2095 ci.
344 2045 380 2094 ad
393 2045 430 2108 II,
444 2047 488 2096 22.
503 2046 546 2096 50.
570 2045 659 2111 Vulgo
673 2059 741 2111 σομ-

200 2111 339 2233 φοιτηὸσιί
355 2115 428 2196 quod
441 2114 597 2233 DZtscbiup
617 2117 751 2197 retinuit.¹

199 2197 475 2374 t2²73.‘2¹²1‘.’.i⁰‘il'i.
496 2199 558 2308 lli.
574 2199 741 2320 tl‘lllt

201 2339 215 2374 e
282 2359 289 2372 .

392 2494 458 2546 Oar.
475 2495 549 2548 LXI.

234 2596 344 2664 εἴρηται
368 2590 509 2662 πρότερόν
533 2597 593 2664 μοι]
621 2599 683 2649 Vid.
703 2601 741 2662 II,

199 2671 233 2721 40
251 2670 343 2735 ibique
361 2683 378 2719 a
395 2669 473 2720 nobis
487 2673 598 2732 notate,
622 2674 651 2720 et
668 2670 742 2721 conl.

198 2741 234 2790 sd
252 2740 295 2802 ΙΙ,
322 2737 357 2790 59
377 2738 411 2790 de
432 2740 499 2790 urbe
522 2740 614 2790 Busiri
635 2743 741 2792 notate.

199 2811 256 2860 Iam
276 2809 343 2859 satis
367 2813 462 2872 patere
479 2809 575 2872 eredo,
600 2808 685 2860 hocce
704 2809 743 2860 ie·

199 2883 284 2940 stum,
304 2877 376 2944 quod
393 2879 527 2928 Busiridis
544 2879 573 2929 in
587 2879 653 2929 urbe
674 2879 742 2929 Isidi

199 2948 352 3013 peragitur,
381 2962 442 2998 esse
464 2949 621 3000 institutum
645 2950 673 2998 in
695 2949 742 2999 ho-

200 3033 293 3068 norem
317 3017 391 3068 oaesi
416 3017 546 3078 Osiridia;
574 3033 627 3084 quo
653 3019 741 3084 ipsum

200 3087 275 3136 urbis
296 3101 409 3147 nomeu,
436 3087 679 3154 quomodocunque
697 3103 742 3139 ex-

198 3156 352 3222 plicaveris,
362 3155 413 3206 erit
424 3157 594 3208 referendum
605 3157 675 3224 (vid.
683 3163 741 3210 not.

199 3225 234 3276 ad
252 3227 295 3290 II,
315 3222 373 3289 59).
416 3225 504 3276 Osiris
526 3243 591 3278 vero
613 3243 674 3278 oum
696 3228 743 3279 do-

199 3296 281 3346 mitor
297 3296 376 3346 bovis
400 3300 538 3348 statutor
555 3299 633 3362 quasi
653 3298 743 3363 primi-

199 3366 294 3432 genius
318 3365 476 3430 baberetur,
502 3371 530 3417 et
549 3367 663 3418 huiusce
685 3369 742 3418 eni-

200 3436 279 3486 malis
301 3436 391 3500 capite
411 3434 456 3486 rel
481 3437 599 3500 exuviis,
627 3437 742 3503 aliisque

198 3506 233 3558 sd
243 3505 437 3572 agriculturam
448 3507 646 3571 pertinentibus
655 3508 742 3574 signia

199 3581 312 3628 ornatus
330 3580 594 3641 repraesentaretur,
619 3577 682 3628 inde
699 3593 741 3628 sa-

197 3648 234 3698 tis
262 3645 432 3712 explicantur
463 3647 531 3698 ritus
558 3646 638 3697 buius
667 3648 740 3711 iesti,

198 3716 292 3782 quales
315 3717 460 3768 memoriae
482 3715 669 3781 productura
686 3718 741 3768 No-

199 3792 256 3837 stro
272 3787 311 3850 11,
327 3787 371 3848 40,
389 3787 437 3837 ubi
454 3787 511 3838 vid.
528 3790 587 3836 not.
622 3787 740 3838 Ferebat

199 3861 289 3906 autem
319 3855 393 3906 fama
416 3855 533 3907 Osiridis
562 3871 579 3905 a
608 3856 740 3920 Typhone

198 3926 272 3976 caesi
290 3925 409 3976 membra
427 3926 463 3976 ab
476 3925 550 3976 Iside
568 3925 693 3990 collecta,
712 3928 740 3977 in

197 3995 294 4046 bovem
319 3995 439 4059 ligneum
462 3996 600 4056 coniecta,
628 3996 740 4062 byssino

199 4063 408 4128 circumvoluta,
433 4065 478 4115 hic
500 4065 556 4116 loci
577 4080 637 4116 esse
662 4081 741 4131 repo·

199 4135 264 4185 sita.
292 4133 355 4186 Vid.
369 4135 482 4186 Diodor.
502 4135 557 4186 Sic.
576 4135 601 4198 1,
615 4133 660 4187 85.
689 4137 741 4186 Bet

199 4204 296 4268 igitur,
314 4209 346 4253 ut
364 4203 433 4267 dixi,
453 4205 554 4255 festum
568 4205 596 4254 in
611 4204 740 4255 honorem

199 4273 273 4322 cassi
283 4272 400 4323 Osiridis
415 4273 571 4325 institutum
585 4273 620 4324 ad
632 4289 740 4324 serran-

199 4341 261 4392 dum
288 4357 321 4394 ac
346 4343 557 4394 consecrandam
584 4343 740 4394 memoriam

793 1349 937 1400 institutae
966 1347 1001 1398 ab
1025 1347 1132 1399 Osiride
1153 1347 1336 1414 agriculturae

794 1419 936 1484 omnisque
951 1418 1026 1468 vitae
1044 1418 1177 1468 cultioris.
1213 1417 1281 1468 Inde
1297 1417 1337 1469 lu·

793 1494 854 1540 ctus
879 1493 908 1539 et
929 1488 1071 1553 planctus,
1099 1491 1131 1538 ut
1154 1503 1217 1538 rere
1240 1488 1337 1538 scribit

792 1559 893 1609 Noster
920 1557 1036 1608 Osiridis
1061 1573 1172 1620 nomen,
1197 1557 1232 1608 ob
1256 1573 1334 1628 quem

793 1627 862 1678 talis
880 1627 991 1691 fiebant,
1009 1642 1074 1692 prae
1087 1627 1217 1693 religione
1234 1627 1335 1678 celsus.

794 1697 870 1760 „Ubi
900 1697 971 1749 enim
996 1696 1076 1760 (sunt
1104 1697 1188 1748 verba
1210 1696 1338 1748 Orsuaeri

795 1767 897 1818 Oomm.
917 1767 1019 1817 Herod.
1038 1782 1065 1831 p.
1086 1766 1136 1819 183
1158 1766 1231 1832 seq.)
1253 1767 1337 1818 Osiri-

794 1836 854 1888 dem
874 1836 1001 1888 colebant
1013 1836 1234 1902 plangebantque
1249 1853 1338 1888 sacer-

793 1906 880 1970 dotes,
899 1905 956 1956 noli
968 1905 1102 1968 dubitare,
1121 1922 1167 1958 eos
1178 1911 1205 1957 et
1218 1922 1337 1956 annuum

793 1992 901 2027 cursum
919 1975 986 2026 eolis
1005 1979 1032 2026 et
1049 1975 1106 2026 Nili
1123 1976 1335 2041 vicissitudines,

793 2061 863 2112 quae
882 2047 906 2096 ei
919 2049 1009 2096 cursui
1026 2046 1231 2110 responderent,
1249 2046 1337 2097 decla-

791 2131 852 2166 rare
873 2113 1002 2166 voluisse.
1044 2116 1113 2165 Eam
1139 2115 1166 2165 in
1189 2131 1245 2166 rem
1269 2115 1337 2166 nibil

791 2185 956 2236 luculentius
977 2189 1069 2250 potest
1093 2185 1224 2251 cogitari,
1256 2201 1337 2250 quam

791 2255 867 2306 locus
878 2253 1020 2306 Heliodori
1031 2255 1060 2303 in
1072 2255 1218 2321 Aethiopp.
1228 2255 1277 2317 IX,
1292 2257 1336 2307 22.

792 2341 820 2390 p.
833 2324 880 2376 581
898 2325 941 2376 ed.
956 2323 1018 2374 Oor.
1053 2325 1196 2375 Pertinent
1210 2325 1337 2375 nimirum

792 2394 860 2445 haee
878 2394 913 2445 ad
930 2394 1063 2445 rationem
1083 2409 1200 2446 arcense
1218 2395 1336 2460 discipli-

791 2480 854 2526 nae,
870 2479 950 2530 qnam
963 2463 1135 2514 orientalium
1148 2469 1280 2515 terrarum
1290 2465 1338 2515 bo-

793 2535 879 2584 mines
899 2549 916 2584 a
928 2534 1117 2584 vetustissimo
1134 2534 1198 2584 inde
1216 2549 1283 2585 aevo
1301 2534 1337 2584 ad

792 2604 865 2654 hunc
881 2604 951 2654 diem
965 2618 1052 2669 usque
1069 2605 1178 2654 arcanis
1195 2605 1260 2654 item
1277 2603 1338 2655 lits-

792 2689 883 2724 rarum
894 2673 967 2723 notis
985 2673 1130 2738 designare
1142 2673 1240 2724 solent.
1269 2675 1338 2724 Erat

792 2743 847 2793 illis
865 2743 893 2793 in
912 2743 981 2804 oris,
1000 2743 1023 2793 si
1041 2742 1135 2808 populi
1151 2758 1232 2793 sensa
1247 2743 1338 2808 explo-

792 2829 852 2876 res,
877 2812 966 2863 Osiris
984 2812 1062 2876 quasi
1084 2813 1143 2876 ipae
1166 2811 1274 2863 saluber
1290 2813 1339 2862 llu-

792 2884 869 2945 vius,
898 2883 975 2933 cuius
997 2881 1076 2945 vigor
1105 2880 1230 2931 conditus
1259 2881 1339 2946 quasi

792 2951 927 3018 profundo
945 2953 974 3000 in
993 2954 1076 3014 puteo
1094 2951 1175 3000 atatis
1188 2951 1294 3000 vicibus
1310 2955 1338 3000 et

793 3021 948 3086 emergebat
959 3024 986 3070 et
995 3034 1089 3070 rursus
1100 3017 1252 3070 desidebat.
1266 3019 1338 3081 Quo·

794 3092 866 3142 circe
878 3089 915 3140 nil
929 3089 1035 3150 mirum,
1047 3089 1156 3138 babitoa
1172 3103 1233 3138 esse
1244 3087 1336 3140 Nilum

793 3167 821 3210 et
838 3159 936 3222 solem,
964 3163 1107 3224 tantopere
1129 3158 1201 3209 inter
1225 3173 1254 3210 se
1273 3175 1337 3210 con-

792 3235 921 3296 gruentes
944 3227 1001 3278 suis
1025 3233 1052 3278 et
1076 3229 1231 3278 accessibus
1250 3234 1278 3279 et
1296 3243 1336 3279 re·
1446 3271 1447 3274 ,

792 3300 929 3362 cassibus,
952 3312 1001 3362 pro
1024 3313 1078 3349 uno
1098 3297 1245 3364 eodemque
1269 3298 1334 3358 deo;

792 3385 871 3436 quem
894 3373 922 3418 et
948 3367 1017 3418 mori
1042 3369 1164 3418 dicerent
1189 3373 1217 3419 et
1238 3367 1337 3418 revivi-

791 3455 880 3500 scere,
904 3441 1038 3503 quateuus
1062 3437 1103 3488 sol
1126 3437 1285 3489 debilitatus
1308 3441 1336 3486 et

791 3509 920 3560 deficiens
942 3507 1015 3556 vires
1038 3506 1164 3572 deinceps
1186 3507 1335 3571 recipitne

790 3594 877 3630 novus
889 3575 1087 3642 quodammodo
1096 3577 1167 3628 redit
1179 3575 1262 3642 [conf.
1276 3580 1333 3626 not.

790 3649 826 3700 ad
846 3649 889 3712 II,
909 3644 964 3712 281.
984 3673 1019 3684 -
1045 3647 1126 3698 Unde
1148 3647 1239 3696 Herus
1263 3643 1334 3693 filius

790 3719 930 3769 vindicare
953 3721 1058 3781 patrem
1082 3715 1218 3767 osiridem
1240 3729 1257 3763 a
1279 3715 1335 3778 Ty-

790 3789 878 3854 phone
892 3791 919 3837 et
936 3801 985 3836 suo
1002 3787 1062 3851 ipso
1076 3787 1170 3852 vigore
1187 3801 1219 3834 sc
1232 3784 1335 3834 virtute

789 3858 918 3907 virtutem
936 3856 1112 3921 vigoremque
1128 3855 1214 3922 patris
1232 3853 1335 3904 relerre

791 3927 919 3978 dicitur.“
956 3926 998 3976 De
1015 3941 1067 3990 quo
1086 3923 1158 3975 coni.
1177 3925 1216 3987 11,
1236 3925 1296 3975 144.

817 3988 971 4045 τύπτονται
989 3988 1041 4059 μὲν
1063 3987 1115 4059 γάρ
1134 3985 1171 4058 δὴ
1189 3985 1258 4058 μετὰ
1281 4005 1334 4113 την

791 4063 900 4134 θυσίην
915 4079 941 4113 α.
961 4080 984 4114 τ.
1005 4063 1041 4130 λ]
1065 4063 1264 4116 Particularum
1282 4077 1301 4127 μ
1317 4078 1334 4111 ν

791 4127 872 4185 et'dl
895 4149 974 4184 usum
997 4135 1026 4184 in
1042 4133 1120 4185 hisce
1141 4138 1269 4184 accurate
1289 4148 1334 4183 ex·

1304 3983 1311 4002 t

790 4201 882 4270 posuit
895 4203 1034 4254 Werierus
1049 4204 1078 4253 iu
1094 4203 1168 4255 Actt.
1185 4201 1262 4271 phili.
1276 4203 1334 4252 Μο-
1411 4201 1414 4208 ’

790 4289 868 4324 neco.
887 4273 910 4324 1.
939 4289 1002 4339 pag.
1021 4272 1065 4324 93.
1102 4275 1183 4324 Licet
1197 4274 1267 4324 enim
1287 4271 1335 4322 du-

790 4342 854 4410 plex
871 4348 1001 4410 sequatur
1024 4337 1056 4394 δὲ
1077 4333 1156 4411 (ὅσοι
1177 4335 1214 4394 θλ
1237 4346 1265 4394 et
1286 4329 1335 4392 οὖ-

1303 4582 1374 4608 A
