3096 4930
584 256 833 320 EUTERPE.
856 258 898 318 11.
921 269 947 320 5.
970 267 996 322 6.
1271 261 1333 324 437

194 429 316 518 λα’σσης
336 426 418 498 ἑπτίι
433 423 585 518 ἡμερέων
604 431 672 498 ἐστὶ
686 427 752 499 lvd
771 428 830 501 τόν
849 430 1018 520 ποταμόν.Ι
1044 436 1112 503 Καὶ
1131 427 1170 504 εὖ
1184 466 1241 526 μοι
1255 438 1357 510 ἐδό·5

194 561 273 604 κεον
287 537 398 620 λέγειν
413 535 560 622 περὶτῆς
573 534 691 623 χώρης.
707 539 791 623 δῆλα
806 533 869 625 γὰρ
885 533 926 624 δὴ
940 537 996 605 καί
1011 533 1055 626 μὴ
1071 541 1330 628 προακούσαντι,

195 637 302 707 ἰδόντι
318 637 365 721 δὲ,
383 632 472 716 ὅστις
487 663 526 724 με
539 636 678 706 σύνεσιν
693 643 776 726 ἔχει,
795 636 844 708 ὅτι
859 648 1041 726 Αἴγυπτος,
1058 643 1090 721 ἐς
1103 641 1330 735 τὴνἝλληνες

194 747 442 824 ναυτίλλονται,
456 741 526 809 ἐστὶ
541 745 757 828 Αἰγυπτίοισι
773 743 946 831 ἐπίκτητός
960 772 996 814 τε
1009 749 1053 832 γῆ
1068 745 1124 815 καί
1145 753 1256 838 διόρον
1269 756 1330 820 τοῦ

195 850 363 933 ποταμοῦ·
380 845 435 912 καί
451 842 492 912 τίι
505 843 698 934 κατύπερθε
714 851 761 914 ἔτι
774 851 831 934 τῆς
842 855 960 936 λίμνης
974 847 1106 937 ταύτης,
1117 853 1211 956 μέχρι
1226 859 1332 941 τριῶν

189 946 346 1039 ,ἡμερέων
363 946 479 1032 πλόου,
495 953 552 1037 τῆς
563 954 638 1039 πέρι
654 952 775 1018 ἐκεῖνοι
791 947 893 1018 οὐδὲν
908 956 955 1019 ἔτι
970 949 1102 1022 τοιόνδε
1118 960 1246 1042 ἔλεγον,
1261 963 1331 1027 ἔστι

196 1052 265 1124 δ’“
245 1079 361 1142 ετερον
373 1078 538 1121 τοιουτου

275 1154 449 1242 Αἰγύπτου
467 1153 531 1245 μὰρ
549 1153 650 1243 φύσις
667 1161 725 1245 τῆς
746 1155 855 1244 χιόρης
879 1157 947 1225 ἐστὶ
969 1153 1092 1282 τριήδε.
1129 1165 1252 1290 Πρῶτρι
1270 1161 1332 1249 μὲν

197 1264 454 1352 προσπλεηων,
435 1287 482 1328 ετι
497 1254 579 1328 xul‘
562 1261 686 1348 ημίρης
700 1258 826 1349 δρόμον
835 1256 999 1348 ἆπίχων’
980 1258 1047 1329 από
1060 1267 1131 1350 γῆς,
1146 1266 1257 1344 κατεὶς
1270 1293 1329 1334 κα-

196 1370 466 1454 ταπειρητηρίην,
479 1361 585 1452 πηλόν
599 1390 634 1430 τε
647 1359 793 1444 ἀνοίσεις
803 1365 859 1433 καί
873 1365 911 1433 ἐν
923 1366 1044 1433 ἕνδεκα
1059 1361 1213 1456 ὀργυιῇσι
1229 1373 1329 1436 ἔσεαι.

196 1469 368 1556 τοῦτομὲν
387 1470 441 1536 ἐπὶ
458 1473 597 1537 τοσοῦτο
612 1472 711 1556 δηλοῖ
723 1467 888 1558 πρόχυσιν
902 1473 960 1555 τῆς
977 1473 1037 1556 γῆς
1056 1472 1188 1538 ἐοῦσαν.
1218 1468 1358 1559 Αὐτῆςό

198 1573 233 1642 δὲ
248 1571 305 1660 τῆς
319 1571 495 1657 Αἰγύπτου
509 1573 578 1640 ἐστὶ
593 1576 696 1659 μῆκος
710 1569 746 1640 τό
762 1569 851 1660 παρὰ
865 1569 1051 1658 θάλασσαν,
1068 1571 1226 1663 ἑξήκοντα
1240 1591 1330 1662 σχοῖ-

198 1740 355 1806 scripsimus
367 1739 403 1789 ad
415 1739 453 1800 ΙΙ,
466 1737 492 1801 9,
505 1738 552 1788 nbi
565 1738 634 1790 elios
647 1739 740 1790 schoe-
792 1739 903 1790 condem
920 1741 977 1790 eius
991 1755 1050 1791 csse
1063 1741 1205 1790 rationem.
1242 1741 1283 1790 Ad
1294 1741 1334 1791 lo-

197 1827 247 1860 nos
272 1808 389 1875 intelligi
411 1778 470 1858 vult
496 1809 651 1871 Iornsrdus,
679 1825 739 1859 cum
791 1811 927 1860 cntionem
947 1804 1043 1872 iesous
1058 1807 1192 1860 τοιοῦτον
1210 1811 1245 1860 cf.
1261 1815 1332 1860 nott.

198 1879 242 1930 vel
259 1879 347 1930 obiter
369 1893 495 1943 meppsm
518 1847 672 1943 inspicienti
694 1895 739 1943 cp·
791 1879 868 1930 sdI.
888 1880 996 1930 120-
1009 1881 1041 1929 Ιιι
1060 1895 1136 1944 seqq.
1148 1869 1333 1943 ἡμέρηςδρό-

198 1955 307 2016 petest,
328 1950 486 1999 distentiem
505 1949 539 1998 eb
553 1947 738 2013 Heliopolied
790 1963 843 2012 μος
861 1953 961 2014 sequet
980 1949 1036 2000 iere
1055 1949 1230 2001 lacertosis
1249 1948 1333 2012 (coni.

199 2020 308 2071 Thebes
327 2019 412 2069 multo
434 2019 562 2068 meiorem
580 2033 640 2068 esse
659 2034 739 2082 quem
791 2020 839 2081 lV,
858 2017 918 2083 86),
937 2019 1334 2100 ηιιοεΙιοιοΙιοτριιιιολοτεειι-

199 2089 358 2140 distantiam
376 2105 394 2140 e
412 2089 480 2138 rnsri
499 2087 534 2137 sd
553 2087 682 2138 Moeridis
701 2088 739 2138 le
791 2089 866 2153 plont
883 2091 916 2138 25
934 2088 1031 2150 lienes,
1051 2079 1161 2153 ὁρχυιδ,
1185 2104 1266 2153 quem
1283 2105 1334 2139 nos

200 2175 270 2210 cnm.
791 2158 905 2208 dicimus
921 2159 1036 2221 Κλοίλιος,
1061 2162 1220 2209 constanter
1236 2159 1334 2208 veteri-

790 2229 841 2278 bns
860 2232 902 2278 est
919 2243 1046 2278 mensure
1064 2244 1112 2278 sex
1121 2228 1229 2292 pedum
1253 2229 1333 2279 Cous.

791 2298 886 2347 Wnrm
904 2297 937 2348 de
961 2298 1061 2363 pondd.
1083 2302 1151 2348 vett.
1177 2302 1242 2347 rett.
1269 2313 1332 2364 pcg.

411 2329 519 2380 cmv
791 2369 834 2418 91.
853 2367 896 2418 92.
934 2368 1097 2448 Scripsimus
1121 2372 1211 2418 entem
1232 2371 1261 2417 et
1283 2368 1335 2418 hoc

233 2432 306 2500 δῆλα
330 2425 382 2512 γὰρ
404 2423 440 2497 δη
465 2427 513 2481 eal
517 2447 577 2511 μη
595 2423 740 2496 προακού-

198 2520 292 2567 σαντι,
320 2495 411 2554 ἰδόντι
432 2496 477 2566 δὲ,
513 2491 591 2559 ὅστις
613 2517 643 2566 ηε
670 2517 695 2550 ιι.
715 2518 739 2550 τ.

198 2575 234 2640 λ.]
260 2577 302 2624 Ex
324 2574 366 2623 his
394 2573 485 2624 verbis
508 2572 539 2622 fit
556 2573 739 2632 menifestum,

199 2661 252 2696 non
281 2643 368 2694 solum
394 2643 551 2708 pervenisse
573 2642 740 2692 Herodotum

198 2718 227 2766 in
244 2715 410 2779 Aegyptum,
434 2713 461 2762 id
480 2711 552 2776 quod
569 2713 616 2762 elii
635 2727 742 2777 quoque

198 2789 334 2836 testantur
350 2783 403 2834 loci
420 2783 454 2832 sb
470 2783 562 2846 Heyss
582 2783 610 2831 in
628 2783 741 2844 Qnsest.

201 2853 302 2905 Herod.
327 2854 351 2904 Ι.
370 2868 432 2918 peg.
455 2851 503 2902 108
526 2867 602 2916 seqq.
623 2851 740 2912 collecti,

199 2940 291 2974 rernm
309 2924 392 2972 etism
413 2938 517 2972 summe
540 2937 601 2972 curn
620 2938 685 2971 cura
703 2921 742 2970 hi-

199 2993 301 3044 storice
319 2997 423 3056 petrem
437 3007 590 3056 permeasse
603 2991 673 3040 hunc
689 2995 741 3041 ter·

200 3079 257 3114 rem
276 3067 456 3126 accurateque
474 3061 501 3110 in
521 3062 611 3110 omnis
629 3061 742 3125 inquisi-

198 3149 282 3251 md'di
302 3198 442 3264 Αἰηυπτος
460 3213 485 3248 ιι.
507 3214 531 3248 τ.
551 3197 589 3265 λ.]
608 3199 741 3250 Herodoti

200 3272 363 3324 sententium
381 3284 472 3318 versm
491 3284 551 3320 esse
563 3275 590 3319 et
608 3270 741 3334 cumipse

200 3349 289 3394 terrse
307 3339 397 3390 indole
408 3354 557 3404 congruere
574 3341 601 3390 in
618 3342 742 3390 Excuses

200 3414 236 3464 ed
253 3413 281 3464 h.
301 3411 321 3462 l.
339 3409 558 3460 monstravimus.

234 3479 285 3547 τῆς
303 3471 368 3544 πὲρι
387 3469 490 3528 ἰκείνοι
510 3469 597 3528 οὐδὲν
614 3493 639 3526 ιι.
660 3493 682 3526 τ.
703 3476 740 3542 1.]

199 3543 304 3603 terreor
336 3554 399 3600 sunt
426 3549 555 3614 Aegyptii
584 3547 740 3598 secerdotes

201 3623 249 3686 (II,
268 3620 306 3688 3),
331 3620 429 3685 quibus
455 3634 505 3668 eus
529 3618 610 3667 dehet
627 3618 740 3678 Noster,

200 3694 237 3744 ολ
256 3693 294 3754 ΙΙ,
312 3692 337 3741 t.
376 3689 409 3738 In
427 3677 660 3738 verbislruo*
646 3701 742 3768 ετερον

200 3775 334 3812 τοιουτου
352 3760 451 3809 Noster
475 3756 636 3823 perticulam
657 3750 688 3805 δὲ
707 3758 743 3806 si·

201 3831 311 3882 milem'
304 3847 331 3880 ιιι
343 3828 452 3880 modum
468 3828 570 3892 posuit,
585 3841 638 3908 quo
657 3827 679 3888 I,
699 3826 741 3876 29.

202 3903 241 3964 ΙΙ,
260 3901 319 3964 129,
340 3899 402 3950 sliis
424 3898 505 3960 louis,
530 3896 678 3960 respiciens
697 3911 743 3960 po-

200 3939 255 4021 titis
274 3969 310 4020 ed
328 3985 376 4030 ee,
401 3983 471 4050 quse
494 3968 523 4017 in
545 3966 680 4016 sententis
700 3966 746 4015 sd-

202 4041 308 4091 iectitie
338 4039 458 4118 proxime
492 4051 655 4114 praegressa
685 4033 730 4154 ἓν

202 4101 266 4173 πέρι
284 4100 388 4158 ἐκεῖνοι
406 4097 493 4156 οὐδὲν
511 4100 550 4156 ἔτι
563 4095 677 4155 τοιόνδε
702 4104 745 4154 λε-

201 4178 264 4245 χον)
295 4179 436 4240 dicuntur,
472 4177 554 4242 idque
590 4175 744 4235 enuntians,

202 4263 365 4314 quemquem
379 4247 412 4298 de
422 4247 474 4296 hoc
484 4250 572 4296 terree
580 4249 671 4296 trectn
678 4243 746 4294 nihil

202 4317 258 4370 tsle
281 4317 436 4368 secerdotes
461 4316 636 4378 tradiderint,
665 4323 745 4366 tamen

793 2439 854 2488 loco
873 2442 901 2488 ct
917 2453 983 2518 esp.
996 2453 1053 2503 seq.
1072 2427 1276 2502 όργυιησιοιιιιι
1294 2454 1335 2488 rs-

793 2513 876 2559 centt.
896 2523 945 2572 pro
969 2497 1113 2574 ὀρχνίῃσι,
1132 2513 1163 2556 nt
1181 2507 1245 2558 olim
1263 2507 1335 2572 lege-

791 2579 882 2628 betur.
923 2575 1179 2641 καταπειρητηρίη,
1204 2593 1274 2641 quse
1297 2583 1335 2628 tc-

793 2654 835 2698 ste
854 2647 945 2698 Schol.
964 2647 1000 2696 ed
1017 2647 1062 2698 Ili.
1081 2647 1179 2708 XXIV,
1198 2645 1234 2697 80
1252 2645 1333 2713 vulgo

794 2717 893 2768 dicitnr
919 2713 1009 2782 βολλς,
1037 2721 1079 2766 est
1109 2716 1249 2766 nauticum
1276 2733 1336 2781 pcr-

793 2787 1008 2869 pendiculums.
1035 2786 1257 2846 instrumentum,
1281 2802 1334 2850 quo

793 2857 874 2908 meris
892 2855 1103 2932 profunditstem
1123 2853 1336 2918 exploramus

793 2927 865 2976 inire
883 2925 981 2986 11,28.
1006 2915 1145 2988 πρόχυσιν
1163 2929 1191 2972 et
1207 2923 1259 2972 hoc
1275 2924 1335 2975 loco

792 3002 819 3048 et
841 2997 878 3057 ΙΙ,
898 2997 930 3045 12
949 2999 1037 3043 terreo
1060 3009 1077 3042 e
1098 2993 1180 3042 fluvio
1206 2993 1337 3044 desectae

791 3061 1267 3131 proluvionem(„Ansclrwemmnng‘
1271 3063 1337 3128 ⁴)di·

792 3137 838 3186 cit.
868 3135 929 3184 Alio
950 3148 1033 3184 sensu
1051 3147 1133 3196 supra
1156 3133 1178 3196 1,
1203 3132 1268 3196 160,
1291 3134 1337 3188 uti

791 3205 848 3255 vid.
868 3209 937 3254 nott.

994 3374 1059 3424 Cer.
1079 3375 1129 3424 VI.

827 3467 919 3558 Αἰτης
939 3470 970 3526 δὲ
977 3475 1041 3556 τῆς
1051 3469 1122 3542 Αἰχ
1105 3491 1195 3527 υπτου
1213 3469 1269 3528 ἐστὶ
1284 3475 1336 3556 μή-

791 3563 843 3606 ιιος
862 3541 893 3597 τὸ
910 3494 1187 3611 παρὰθόλασσανιι.
1200 3563 1225 3596 τ.
1237 3545 1271 3614 λ.,]
1288 3541 1338 3595 αδ-

791 3615 841 3681 τῆς
853 3610 930 3666 δὲ
884 3632 947 3696 της
962 3633 1022 3668 cnm
1035 3622 1150 3668 recentt.
1163 3616 1226 3666 edd.
1239 3617 1337 3681 scripsi

791 3704 840 3753 pro
859 3671 939 3744 αότις
959 3681 990 3736 δὲ
1005 3679 1104 3751 αότης.
1126 3687 1336 3750 Spectentrero

791 3757 905 3808 hesced
917 3757 1111 3834 praecedentis
1126 3753 1338 3819 remurmuret

791 3820 851 3892 μὲν
872 3818 1093 3890 πρυσπλέοιν-
1111 3821 1195 3874 τοῦτο
1214 3818 1274 3889 μὲν
1291 3815 1325 3874 ἐπ
1328 3821 1338 3875 l

793 3893 914 3946 τοσοῦτο
933 3911 958 3944 ιι.
977 3911 1001 3944 τ.
1020 3895 1043 3944 λ.
1080 3895 1236 3946 Genitirnm
1254 3887 1338 3959 Αἰγό-

796 3979 868 4015 πτοο
888 3980 954 4015 esve
972 3965 1007 4015 ed
1011 3967 1140 4042 σχοινοι
1158 3966 1278 4025 reseres,
1306 3969 1337 4014 ut

696 4050 746 4099 της
796 4036 824 4084 in
842 4034 894 4084 fine
913 4050 973 4112 oep.
988 4049 1063 4083 ουτω
1082 4023 1118 4084 δν
1135 4031 1236 4099 εἰησαν
1253 4002 1337 4097 Αἰνό-

796 4118 868 4154 πτου
888 4095 997 4153 στάδιοι
1013 4119 1039 4152 ιι.
1054 4119 1077 4152 τ.
1090 4104 1124 4164 λ.,
1141 4121 1203 4154 nem
1222 4109 1338 4168 utroque

795 4175 855 4224 loco
875 4172 910 4222 ed
933 4165 966 4222 τὸ
984 4165 1062 4238 παρὰ
1084 4139 1231 4224 &disocus
1256 4173 1337 4238 pcrti-

796 4248 853 4302 net;
872 4244 977 4292 monuit
995 4243 1257 4308 Letronniusp.157
1276 4243 1337 4294 loco

795 4329 857 4364 mox
870 4311 943 4363 lond.
980 4313 1022 4363 Ad
1034 4319 1221 4380 argumentum
1233 4313 1287 4364 loci
1299 4313 1338 4363 ie-
