3058 4928
535 249 783 313 nUTnRPn.
805 249 848 310 Π.
868 255 912 310 63.
1226 237 1289 304 569

154 452 226 500 στοι
252 433 383 516 ἔχοντες
400 424 482 508 ξύλα
502 425 558 494 καὶ
577 415 686 511 οὗτοι,
713 426 768 494 tert
794 422 835 494 τὰ
859 426 956 512 ἕτερα
975 415 1070 502 ἁλέες
1090 421 1210 491 ἑστᾶσι.
1251 419 1289 492 τὸ

157 534 193 604 dt
225 529 376 620 ἄγαλμα,
412 527 469 600 έόν
500 532 538 599 έν
569 533 639 622 νηῷ
669 533 776 621 μικρῷ
800 531 924 620 ξυλίνῳ
950 529 1288 621 κατακεχρυσωμένῳ,

157 642 432 726 προεκκομίζουσι
448 639 489 725 τῇ
506 639 687 722 προτεραίῃ
707 635 740 712 ές
757 629 839 702 ἄλλο
859 641 980 719 οἴκημα
998 629 1082 718 ίρόν.
1121 635 1156 702 ot
1167 631 1230 720 μὲν
1247 629 1289 721 δὴ

156 738 263 828 ὀλίγοι
291 743 326 808 oi
358 739 436 827 περὶ
465 733 624 826 τῶγαλμα
653 738 862 824 λελειμμένοι
897 737 1032 804 ἕλκουσι
1063 733 1289 824 τετράκυκλον

156 841 301 934 ἅμαξαν,
321 839 470 930 ἄγουσαν
484 839 543 911 τὸν
557 839 640 930 νηόν
656 867 692 909 τε
709 840 764 910 καὶ
780 837 818 908 τὸ
834 841 871 908 έν
885 843 932 930 τῷ
948 841 1019 930 νηῷ
1034 834 1131 908 ένεόν
1145 835 1288 928 ἄγαλμα.

157 954 192 1018 ot
213 948 249 1018 di
276 943 338 1018 οὐκ
357 949 452 1031 έῷσι,
480 947 517 1014 έν
534 961 618 1016 τοῖσι
635 949 872 1034 τιροτινλαίοισι
891 942 1063 1025 ἑστεῶτες,
1090 944 1230 1011 ἐσιέναι·
1258 947 1292 1013 οί

157 1053 195 1122 δὲ
214 1049 445 1140 εὐχωλιμαῖοι,
463 1053 681 1138 τιμωρέοντες
697 1052 743 1141 τῷ
761 1051 851 1140 θεῷ,
880 1051 1015 1114 καίουσι
1033 1041 1157 1124 αὐτούς
1175 1043 1288 1130 άλεξό·

157 1184 263 1246 μενοι.
306 1158 455 1225 ἐνθαῦτα
481 1151 567 1242 μάχη
590 1150 717 1236 ξύλοισι
741 1147 885 1241 καρτερὴ
910 1156 1057 1237 γίνεται,
1082 1147 1230 1236 κεφαλάς
1254 1177 1290 1220 τε

155 1257 439 1349 συναράσσονται,
458 1259 514 1326 καὶ
533 1252 577 1337 ὥς
595 1253 660 1344 ἐμοὶ
678 1258 803 1340 δοκέω,
826 1254 942 1324 πολλοὶ
961 1253 1016 1323 καὶ
1034 1249 1290 1342 ἀποθνήσκουσι

156 1369 192 1435 ἐκ
217 1369 286 1433 τῶν
307 1359 505 1451 τρωμάτων·
530 1357 571 1432 οὐ
589 1364 703 1450 μέντοι
727 1363 821 1446 οἵγε
844 1355 1024 1453 Αίγύτιτιοι
1050 1362 1181 1444 ἔφασαν
1206 1354 1288 1428 ἄτιο-

154 1542 273 1593 Verbum
284 1529 419 1589 ἐπιτελεῖν
430 1537 549 1604 (solome,
561 1535 697 1604 perrepere)
750 1535 914 1588 auctoritare
939 1535 963 1596 1,
987 1536 1030 1586 51.
1050 1534 1093 1586 80.
1118 1533 1156 1596 ΙΙ,
1178 1535 1223 1586 81.
1246 1535 1289 1586 83.

155 1613 281 1678 frequens
291 1611 319 1659 in
329 1625 358 1660 re
367 1623 459 1668 ssers;
473 1607 527 1658 vid.
541 1613 599 1659 not.
611 1613 697 1658 nostr.
748 1605 804 1657 Alii
822 1595 857 1654 οὗ
873 1601 970 1668 μέντοι
987 1619 1023 1669 γε
1042 1602 1076 1654 οῖ’
1086 1618 1114 1653 τε
1131 1597 1291 1670 Αίηάπτιοι.

156 1682 191 1732 sd
211 1680 321 1732 Ctesias
343 1679 468 1744 iregmm.
494 1693 558 1743 peg.
580 1678 641 1729 4311.
664 1707 697 1717 -
748 1677 785 1727 At
799 1674 888 1726 solent
906 1674 1003 1725 Graeci
1020 1673 1183 1740 particulam
1205 1689 1235 1740 ηε
1251 1676 1292 1726 sio

156 1743 202 1800 ίτλ
220 1741 254 1800 τὰ
273 1744 353 1810 terea
370 1749 398 1798 in
421 1763 497 1814 seqq.
522 1751 578 1798 est:
603 1748 635 1798 τὸ
660 1750 698 1798 al-
748 1745 895 1806 colloome,
930 1748 961 1794 nt
990 1744 1046 1796 eliu
1075 1745 1206 1812 quaedem
1236 1753 1292 1796 'vox

156 1825 308 1882 seraparrr,
326 1819 345 1869 i.
364 1833 388 1869 e.
402 1835 438 1869 ιω
455 1819 574 1870 adverse.
611 1817 652 1869 Gi.
673 1819 696 1881 1,
748 1815 837 1867 medie
855 1815 891 1865 sit
904 1814 1074 1880 interposite.
1102 1815 1227 1878 leiren,
1247 1817 1290 1878 118,

157 1891 199 1942 et.
214 1889 252 1952 11,
271 1887 314 1940 36.
349 1888 608 1968 Ιολοιρμυολλουοοι,
628 1903 697 1954 quse
748 1887 796 1967 nni
815 1900 870 1968 non
887 1885 1010 1950 sequitur
1029 1885 1174 1968 articulus,
1192 1885 1292 1968 legitur

156 1959 238 2024 vulgo
261 1961 325 2008 ente
347 1954 395 2007 καὶ
418 1971 498 2008 ουτοι
524 1961 596 2019 eret,
625 1973 697 2008 nune
749 1971 784 2005 ον
801 1968 897 2018 μεντοι
915 1969 959 2019 γε,
984 1957 1056 2020 quod
1073 1956 1233 2020 saepissime
1250 1971 1292 2007 sre

156 2029 235 2095 posui
253 2033 317 2078 ente
336 2017 381 2076 ἐπὶ
394 2018 427 2076 τὰ
444 2021 597 2092 drepanum
608 2027 696 2079 (λεῖπέ.
751 2026 805 2076 diei
822 2023 974 2090 (nunqnsm
995 2041 1059 2076 vero
1083 2017 1120 2074 οὔ
1136 2039 1165 2089 γε
1183 2023 1290 2092 μέντοι)

749 2099 839 2146 monet
848 2096 980 2160 Krueger.
994 2095 1029 2145 ed
1038 2094 1209 2160 Xenophont.
1222 2097 1293 2146 Ane-

751 2167 812 2218 bes.
830 2166 853 2228 Ι,
872 2162 898 2227 9,
918 2165 959 2215 14.
993 2166 1161 2231 Quamquam
1181 2179 1210 2229 χε
1227 2162 1292 2230 μὲν-

749 2249 808 2299 τοι,
827 2235 1006 2300 prsecedente
1023 2237 1119 2302 ntique
1136 2251 1218 2298 voce,
1237 2235 1292 2286 dici

750 2321 858 2371 quoqne
876 2319 957 2370 posse
981 2309 1147 2366 monstrent,
1171 2321 1241 2372 ques
1259 2321 1293 2356 cx

752 2377 846 2426 eodem
869 2375 1049 2441 Xenophonte
1075 2375 1170 2427 attulit
1192 2377 1292 2426 Borne-

751 2461 833 2496 menn
857 2446 893 2496 ed
917 2444 1068 2510 Cyropeed.
1094 2445 1127 2509 V,
1146 2449 1172 2508 4,
1198 2447 1240 2497 12.
1257 2476 1293 2487 -

751 2515 830 2578 Quod
848 2515 882 2565 sd
897 2514 985 2579 ipsum
1000 2515 1103 2567 huncce
1119 2531 1237 2582 pugnem
1252 2521 1294 2566 st·

750 2586 832 2648 tinet,
861 2586 937 2635 onius
960 2600 1041 2650 qnsm
1062 2587 1144 2652 vulgo
1169 2586 1293 2637 dederint

750 2656 896 2717 rationem,
915 2671 977 2705 mox
992 2656 1093 2706 Noster
1105 2656 1216 2706 subiicit
1231 2672 1291 2720 esp.

750 2725 793 2785 114,
818 2741 896 2775 nemo
920 2725 1017 2788 opinor
1040 2725 1160 2787 diffidet,
1186 2726 1293 2790 symbo-

750 2795 796 2844 lici
807 2795 872 2860 qnid
883 2810 915 2845 eo
928 2795 1067 2844 tesserarii
1078 2795 1106 2844 in
1114 2795 1190 2846 hisce
1204 2796 1293 2846 inesse

751 2880 784 2915 ex
795 2865 917 2926 ipteriori
932 2864 1103 2914 secerdotum
1116 2865 1241 2914 doctrine
1253 2879 1293 2913 re-

750 2934 909 2998 peteudum,
927 2935 1085 3000 praesertim
1099 2949 1159 2984 cnm
1173 2935 1201 2983 in
1211 2933 1293 2984 Gree-

750 3004 794 3054 eie
825 3020 932 3070 quoque
961 3003 1113 3054 huiusmodi
1143 3003 1294 3052 certamine

750 3088 830 3123 secre
846 3074 1015 3138 reperiuntur
1045 3073 1081 3122 ed
1103 3072 1293 3137 mysteriorum

750 3143 901 3194 doctrinam
920 3158 1005 3206 seque
1023 3141 1175 3194 referende.
1211 3141 1291 3192 Ocni.

749 3212 873 3264 Lobeok:
893 3213 1071 3278 Aglaophem.
1084 3229 1111 3278 p.
1130 3213 1191 3264 oei.
1222 3212 1292 3275 Quid

749 3299 813 3334 vero
831 3282 883 3334 hoo
902 3283 988 3348 ipsum
1006 3283 1054 3344 sit,
1073 3284 1146 3348 quod
1165 3283 1293 3348 Aegyptii

750 3353 905 3404 sacerdotes
917 3353 968 3403 hoc
981 3354 1129 3404 certamine
1143 3354 1293 3403 iudicatum

748 3421 897 3483 voluerint,
919 3422 946 3472 id
965 3424 1117 3474 accuratius
1136 3427 1219 3488 etque
1238 3438 1293 3472 cer·

750 3494 805 3543 tine
824 3498 855 3543 nt
873 3493 1014 3555 definiam,
1036 3494 1082 3542 vix
1106 3509 1182 3543 eme
1200 3497 1293 3557 postu-

749 3562 846 3613 lebunt
864 3563 944 3628 sequi
966 3578 998 3614 ec
1022 3564 1101 3627 periti
1119 3579 1207 3612 rernm
1225 3561 1293 3612 iudi-

750 3647 804 3682 ces.
847 3632 929 3684 Haud
958 3632 1064 3698 quidem
1089 3648 1148 3682 sum
1174 3631 1292 3694 nescius,

749 3701 865 3754 Mertem
883 3719 900 3754 e
917 3703 1015 3768 priscis
1032 3703 1158 3768 gentibus
1181 3717 1228 3766 pro
1247 3719 1294 3752 ne-

751 3777 828 3822 tnrse
847 3773 898 3823 deo
912 3789 971 3823 esse
985 3772 1122 3829 hobitum.
1141 3772 1187 3837 qni
1205 3787 1293 3822 rerum

749 3842 854 3892 semine
866 3843 1020 3902 continent3
1034 3858 1103 3908 quse
1115 3841 1222 3908 qnando
1232 3857 1291 3891 cum

749 3915 823 3960 terre
846 3911 1099 3973 communicaverit,
1120 3912 1211 3962 omnis
1228 3910 1292 3960 oriri

747 3995 781 4030 se
806 3980 892 4031 nesci.
934 3981 1012 4041 Quod
1037 3985 1068 4030 ut
1099 3981 1180 4032 semel
1207 3981 1291 4030 totius

157 2103 184 2150 et
203 2097 338 2163 Schwgh„
357 2101 388 2146 ut
407 2095 467 2146 soii.
487 2097 572 2148 verbe
585 2091 633 2147 καί
649 2085 697 2147 οὖ-

157 2182 202 2218 τοι
220 2168 310 2233 sptius
326 2181 386 2216 oum
398 2167 620 2218 antecedentibus
636 2183 698 2218 oon-

156 2242 310 2289 nectentur.

191 2301 223 2356 τὸ
235 2301 267 2357 δέ
279 2298 402 2372 ἄγαλμα,
421 2295 469 2354 ito
481 2296 511 2355 έν
523 2303 583 2372 νηῷ
593 2303 696 2371 μικρῷ]

157 2368 227 2442 νηὸς
244 2377 287 2427 hic
303 2381 345 2427 est
362 2375 488 2426 aedicula
502 2391 587 2441 parve
599 2375 699 2441 lignee,

156 2448 238 2568 it
240 2445 444 2568 ⁸1⁸1³⁰¹¹s¹i⁰¹1¹¹³¹¹¹
463 2446 529 2566 ‘iis
540 2446 698 2566 ‘itit

179 2533 236 2568 on.
293 2555 299 2576 ‚
359 2553 365 2566 .
428 2518 452 2566 5.
495 2547 500 2562 ·
531 2553 538 2566 .
605 2553 611 2577 ‚
691 2553 698 2566 .

156 2588 203 2644 v1,
225 2585 366 2651 lethique
386 2591 456 2635 nott.
493 2585 555 2636 Alie
578 2585 700 2651 exemplu

155 2656 353 2718 aedicularum,
374 2655 511 2720 inquibus
524 2655 634 2706 deorum
644 2660 700 2706 ets-

157 2732 221 2777 tnee
229 2726 444 2790 reponebantur,
465 2725 544 2775 effert
558 2725 655 2791 Cnper.
670 2727 699 2775 in

138 2795 321 2859 'Herpocret
339 2811 365 2860 p.
386 2795 445 2847 131.

192 2859 222 2914 oi
239 2859 271 2914 di
287 2855 480 2930 εὐχωλιμαῖοι]
501 2865 520 2914 i.
548 2881 572 2915 e.
599 2857 628 2913 οΐ
639 2855 700 2932 ,τάς

157 2923 282 2998 εὐχωλὰς
296 2926 497 2996 ἐπιτελέοντες,
517 2938 561 3000 qm·
577 2941 633 2984 oeta
645 2950 701 2984 εντ-

55 2997 61 3008 ’
156 3010 229 3066 reptn
247 3005 354 3068 exsequi
367 3006 458 3054 οολαοί.

191 3071 310 3120 παίουσι
332 3064 448 3139 αὐτοὺς]
469 3088 508 3123 sc.
529 3088 589 3133 eos,
607 3072 653 3136 qui
671 3071 699 3121 in

155 3141 270 3192 introitu
288 3142 381 3208 templi
404 3147 509 3192 etentes
532 3141 639 3192 turbam
656 3157 700 3191 eo-

156 3227 229 3272 rum,
252 3212 299 3276 qni
317 3227 423 3263 comum
442 3227 502 3262 cum
527 3211 570 3262 dci
589 3211 698 3262 simuls-

157 3297 203 3331 cro
222 3280 345 3343 trahunt,
365 3281 510 3345 prohibent
528 3281 562 3331 nb
574 3281 697 3344 introitu,

156 3351 275 3401 oeedunt
292 3351 444 3401 resistendo
464 3365 496 3401 sc
510 3353 697 3415 repugnando.

157 3421 236 3482 Quod
259 3421 317 3470 bini
343 3421 406 3470 libri
430 3419 546 3472 offerunt
568 3418 699 3484 ἀλεξομέ·

155 3504 237 3552 νονς,
263 3495 295 3541 ut
311 3490 347 3540 ed
369 3481 475 3546 αὐτοὺς
498 3491 632 3542 referetur
650 3489 697 3553 (ei.

155 3561 177 3619 1,
197 3560 269 3624 211).
288 3560 317 3610 id
334 3559 425 3610 meiim
443 3560 495 3610 hoc
508 3561 568 3611 loco
579 3561 699 3612 tribuere

154 3629 274 3680 librariis
292 3631 435 3682 Herodoti.
454 3661 490 3670 —-
508 3631 652 3681 Caeterum
670 3632 698 3680 iu

154 3700 350 3765 Aegyptiorum
380 3701 561 3751 monumentis
593 3701 699 3766 conspi-

155 3769 264 3819 ciuntur
285 3771 338 3820 viri
358 3769 463 3820 buculis
486 3770 628 3830 instructi,
652 3769 700 3835 qni

156 3843 275 3889 certent:
304 3840 377 3891 unde
401 3839 483 3889 telem
506 3840 645 3906 pugnandi
671 3845 699 3890 et

154 3909 277 3960 certsndi
296 3911 428 3960 rationem
447 3909 519 3959 houd
543 3909 698 3976 infrequen-

154 3981 209 4026 tem
226 3993 276 4043 per
291 3979 446 4044 Aegyptum
460 3979 543 4030 inisse
555 3981 696 4031 coniicias.

154 4045 231 4098 Ocni.
252 4048 416 4098 Willrinson.
439 4049 567 4100 Menners
585 4055 638 4101 etc.
658 4051 695 4101 11.
747 4049 841 4100 mnndi
867 4049 1001 4114 principio
1031 4050 1135 4098 iactum
1162 4053 1218 4111 eet,
1252 4051 1293 4100 ite

154 4130 181 4178 p.
199 4117 260 4168 434.
279 4115 342 4168 4311.
360 4119 421 4168 442.
747 4119 893 4182 quotannis
915 4117 946 4168 fit
970 4119 1103 4182 principio
1126 4119 1212 4179 veris,
1244 4121 1291 4172 ubi

95 4185 99 4192 “
188 4177 223 4233 οὐ
255 4183 378 4248 μέντοι
409 4183 442 4236 οῖ’
469 4201 505 4250 γε
534 4178 694 4254 Alpinum]
746 4191 819 4237 terre
837 4203 931 4238 recens
956 4189 1035 4253 qussi
1053 4188 1097 4251 tit,
1122 4205 1176 4239 non
1195 4191 1289 4240 stetim
1354 4207 1358 4218 ·

153 4252 227 4303 Bene
251 4255 291 4305 sic
319 4271 391 4306 nuuc
422 4255 536 4318 editum,
566 4257 695 4306 librorum
745 4271 852 4321 semper
868 4259 972 4309 semine
987 4259 1135 4324 recipiens,
1155 4259 1291 4311 sedhsnd

153 4322 315 4388 scriptorum
327 4325 449 4392 edeoqne
462 4327 548 4392 ipsius
560 4325 694 4378 Herodoti
745 4341 807 4376 rere
825 4328 907 4378 etiem
924 4327 1061 4380 reluctans
1084 4332 1111 4380 et
1130 4329 1288 4397 adversans,
