3088 4922
568 263 820 324 EUTERPE.
842 263 885 322 H.
909 271 951 326 17.

1267 263 1330 325 465

190 463 250 505 τον
264 432 323 504 τὸν
337 436 447 521 λόγον,
464 429 482 502 ὃ
496 432 558 522 τὴν
569 432 683 523 Ἀσίην
697 433 840 524 adprime
857 439 915 523 τῆς
928 433 1073 523 Λιβύης·
1088 440 1150 504 τοῦ
1161 440 1272 506 Δέλτα
1291 438 1329 508 dd

190 537 312 606 τούτου
322 535 406 606 κατὰ
419 535 456 607 τὸ
468 533 528 618 6ξά
541 537 804 628 περιρρήγνυται
816 533 834 606 ὁ
848 545 982 624 Nattae,
998 533 1083 607 ὥστε
1098 534 1137 608 ἓν
1149 545 1197 633 τῷ
1205 538 1329 628 μεταξὺ

186 637 296 729 Ἀσίης
316 667 352 708 τε
375 641 430 707 καὶ
445 640 574 728 Λιβύης
593 637 712 727 γίνοιτ’
733 637 785 710 ἀν.
814 642 882 710 Κα1
901 638 964 730 τὴν
979 638 1174 729 μὲυΊιάνων
1188 641 1375 732 radanem

189 741 346 831 ἀπίεμεν·
360 738 455 842 ἡμεῖς
468 743 506 811 δὲ
521 733 587 812 ωδε
601 746 656 812 καλ
671 745 748 833 περὶ
761 743 892 814 τούτων
907 746 1057 833 λέγομεν.
1074 753 1251 831 Αἴγυπτον
1263 747 1326 836 μὲν

190 851 301 916 πᾶσαν
319 845 405 915 εἶναι
424 845 550 935 ταύτην
566 844 628 935 τὴν
645 841 706 916 ὑπ’
728 853 928 933 Αἰγυπτίων
946 847 1160 937 οἰκεομένην,
1179 849 1328 938 κατάπερ

190 955 347 1036 Κιλικίην
362 946 424 1036 τὴν
438 943 504 1019 ἀπὸ
519 957 682 1036 Κιλίκων,
701 951 757 1018 καλ
772 947 952 1038 Ἀσσυρίην
968 947 1031 1039 τὴν
1045 945 1112 1020 ἀπὸ
1128 947 1327 1042 Ἀσσυρίων.

189 1048 332 1140 οὔρισμα
351 1051 388 1120 δὲ
402 1047 494 1142 Ἀσίη
509 1054 564 1121 καὶ
578 1053 690 1142 Λιβύη
706 1058 847 1139 οίδαμεν
861 1049 964 1122 οὐδὲν
982 1050 1040 1122 ἒδν
1059 1049 1155 1145 ὀρθῷ
1175 1053 1281 1148 λόγῳ,
1297 1061 1329 1124 εί

40 1213 44 1220 .
88 1235 92 1242 ¹
187 1153 233 1243 μὴ
250 1151 327 1234 τούς
348 1161 547 1241 Αἰγυπτίων
566 1153 698 1246 οὔρους.
734 1161 766 1225 εί
786 1155 824 1225 δὲ
847 1161 895 1248 τῷ
913 1151 973 1225 ἀπ’
998 1152 1167 1244 Ἑλλήνων
1191 1183 1325 1246 νενομι-

187 1257 298 1352 σμένην
313 1256 516 1346 χρησόμεθα,
534 1265 716 1349 νομιοῦμεν
731 1269 908 1345 Αἴγυπτον
921 1263 1043 1344 πᾶσαν,
1057 1256 1246 1348 ἀρξαμένην
1260 1256 1326 1329 ἀπὸ

188 1361 420 1431 Καταδούπων
435 1389 470 1431 τε
486 1365 542 1432 καλ
552 1359 788 1452 Ἐλεφαντίνης
803 1360 927 1447 πόλιος,
943 1366 1019 1448 δίχα
1034 1359 1254 1452 διαιρέεσθαι,
1269 1365 1324 1434 καὶ

185 1561 341 1628 reliquimus
360 1557 387 1612 εί
402 1553 470 1627 μήτε
490 1561 534 1628 pi,
554 1563 588 1613 ab
607 1561 653 1613 iilo
672 1578 728 1613 mu·

184 1637 272 1682 tatum
290 1633 318 1682 in
337 1627 363 1681 εί
380 1623 468 1696 μήτι
486 1629 525 1696 γέ.

219 1707 235 1766 δ
248 1710 302 1782 τὴν
313 1709 406 1781 Ἀσίην
418 1707 540 1780 οὐρίζων
548 1713 599 1781 τῆς
608 1707 726 1783 Λιβύης]

185 1786 263 1850 Quod
274 1787 339 1838 olim
353 1787 496 1852 legebatur
508 1784 543 1852 τῇ
556 1776 656 1852 Λιβύη,
673 1787 728 1836 iam

184 1857 302 1907 correxit
325 1855 535 1920 Weeseiingiue.
571 1855 625 1904 Pro
649 1845 728 1918 οὐρί-

183 1923 250 1989 ζων,
275 1925 347 1990 qaod
372 1941 464 1978 omnes
486 1925 548 1974 libri
573 1924 667 1988 scripti
689 1929 728 1974 te-

185 1999 262 2059 nent,
282 1995 422 2048 Sehseser.
440 1995 469 2044 in
486 1994 591 2044 Melett.
608 1994 681 2043 critt.
703 1993 727 2043 Ι.

184 2079 247 2129 pag.
270 2063 313 2127 95,
337 2065 468 2115 laudante
492 2065 544 2126 Cr,
569 2063 652 2113 scribi
669 2063 728 2112 vuit

184 2131 337 2198 διονρίζων
362 2135 471 2199 aliaque
499 2133 579 2183 affert
605 2131 727 2196 exempla

184 2203 263 2254 haias
286 2203 363 2253 verbi
390 2204 511 2269 genitivo
535 2202 631 2253 innati.
674 2202 734 2268 Qui

185 2273 255 2322 idem
272 2277 363 2324 tauma
381 2278 479 2338 postea
501 2273 663 2322 sententiam
684 2287 726 2321 re-

184 2347 306 2392 tractans
325 2357 401 2392 enam
424 2342 564 2408 vulgatam
581 2340 725 2392 lectionem

184 2417 276 2461 taetnr
294 2411 323 2460 in
344 2411 466 2477 Append.
486 2412 521 2462 ad
538 2413 617 2462 Baet.
635 2411 724 2475 Epist.

184 2481 271 2530 critic.
284 2497 311 2545 p.
324 2481 368 2532 28.
395 2481 428 2532 In
437 2481 614 2547 grammatica
626 2481 725 2531 Matth.

185 2553 209 2612 §-
223 2549 283 2611 354,
301 2545 327 2616 β.
343 2567 371 2616 p.
387 2549 447 2612 666,
470 2551 516 2600 nbi
534 2549 579 2600 hic
596 2550 672 2600 locas
691 2549 724 2600 ob

184 2618 299 2685 genitivi
327 2635 405 2670 aenm
428 2619 568 2682 laudatar,
594 2620 725 2683 seriptum

184 2688 287 2753 reperio
302 2685 478 2753 δουρίζων,
501 2689 548 2739 aed
565 2689 592 2737 in
607 2689 726 2739 editione

186 2756 319 2808 Herodoti
341 2757 442 2823 iegitur
471 2749 601 2821 οὐρίζων.
625 2788 659 2796 -
683 2757 725 2807 Ad

184 2826 268 2879 verba
283 2818 367 2891 νέοντ’
386 2817 423 2876 ἀν
435 2827 463 2875 in
475 2826 529 2878 tiae
542 2825 640 2889 cepitis
651 2826 724 2876 coni.

184 2895 290 2946 Werfer
312 2896 386 2946 Actt.
411 2894 487 2960 phili.
511 2895 636 2946 Monacc.
659 2895 681 2956 1,
700 2897 726 2944 2.

185 2980 246 3032 pag.
266 2966 328 3018 255.

219 3042 338 3100 κατὰτὸ
357 3041 421 3114 deri]
444 3048 522 3112 Quod
541 3047 727 3110 Herodotoet

184 3119 210 3170 h.
239 3119 257 3170 1.
289 3125 317 3170 et
343 3120 380 3182 11,
405 3117 438 3170 97
465 3123 507 3168 cst
532 3110 564 3166 τὸ
588 3109 639 3178 deri
661 3114 728 3182 (τοῦ

185 3187 296 3252 Δέλτα),
315 3189 442 3240 Straboni
457 3187 546 3239 xvn.
566 3203 592 3252 p.
614 3185 682 3238 1136
704 3185 725 3236 (i

183 3263 211 3308 et
236 3258 303 3310 1137
327 3260 352 3309 Ι)
372 3274 394 3309 s.
416 3274 443 3323 p.
469 3255 529 3309 788.
553 3255 604 3308 789
627 3255 726 3306 dieitur

182 3317 201 3391 ἡ
219 3317 343 3392 κορυφή.
380 3326 459 3378 Geni.
470 3326 635 3392 Pomponius
653 3324 725 3376 Meis

183 3397 206 3460 1,
225 3395 251 3448 9.
271 3399 297 3459 §-
315 3397 341 3448 2.

365 3567 431 3618 Cea.
450 3567 539 3618 XVII.

219 3666 245 3722 εί
268 3665 299 3721 δὲ
321 3669 360 3736 τῷ
377 3661 429 3721 ὑπ’
446 3660 590 3734 Ἐλλήνων
613 3682 724 3732 νενομι-

183 3740 275 3808 σμένῳ
294 3732 473 3805 χρησόμεθα]
485 3741 535 3790 Est
552 3753 584 3788 ea
602 3738 663 3803 ipea
681 3738 723 3788 Io·

182 3825 246 3860 nam
264 3809 354 3874 opinio
372 3809 453 3874 panio
471 3813 552 3860 antea
566 3822 724 3858 commemo-

95 3875 100 3884 '
181 3883 256 3942 rata,
274 3894 337 3944 qua,
355 3895 416 3929 cnm
435 3883 527 3930 ternae
543 3881 634 3928 essent
650 3877 723 3927 orbis

181 3953 314 3998 terrerum
330 3953 436 4013 partes,
454 3949 547 3999 Asiam
558 3952 640 4013 atque
651 3946 722 3997 stri-

781 1575 841 1611 esse
863 1565 965 1612 terram
991 1563 1132 1614 contendit
1155 1579 1206 1614 nec
1228 1566 1268 1615 ita
1287 1564 1326 1615 di·

779 1631 877 1692 vieam,
895 1631 1029 1682 etaltera
1046 1647 1109 1696 pars
1127 1632 1219 1696 Asiae,
1238 1633 1325 1686 altera

779 1701 890 1750 Africae
911 1702 1083 1751 accensenda
1106 1703 1154 1762 sit;
1182 1717 1243 1754 cam
1265 1709 1325 1754 tots

780 1770 899 1819 terrain
922 1775 1038 1834 utraque
1061 1771 1117 1822 Nili
1142 1771 1201 1836 ripe
1218 1772 1255 1824 ad
1278 1773 1324 1824 Li-

779 1839 859 1902 byam
875 1854 896 1887 s.
912 1839 1033 1890 Africam
1045 1841 1190 1905 pertineat.
1225 1842 1323 1908 Inque

780 1908 926 1970 sententia,
937 1914 967 1958 nt
978 1910 1112 1960 Arabicas
1123 1911 1198 1961 ainus
1209 1927 1258 1976 pro
1270 1918 1323 1962 ter·

779 1977 852 2026 mino
878 1977 988 2028 Africae
1014 1985 1097 2044 atque
1121 1980 1203 2030 Asiae
1231 1982 1322 2046 potins

778 2045 923 2108 habeatur,
933 2047 1061 2099 meliores
1073 2063 1139 2099 suae
1149 2051 1249 2100 aetatis
1260 2065 1324 2116 geo·

779 2114 896 2179 graphas
920 2117 1079 2180 persistere,
1103 2118 1202 2169 Strabo
1226 2123 1323 2170 auctor

779 2188 820 2232 est
837 2183 859 2235 Ι.
875 2201 902 2249 p.
914 2183 958 2236 35.
996 2187 1038 2237 Ta
1052 2186 1321 2242 viddchlichthoret.

777 2253 796 2303 1.
815 2252 832 2303 l.
848 2270 876 2318 p.
897 2253 929 2306 16
947 2254 1011 2307 coll.
1029 2257 1142 2308 Rennel.
1156 2258 1255 2324 Geogr.
1267 2258 1324 2309 He·

777 2323 865 2373 rodet.
884 2340 911 2390 p.
934 2323 991 2375 567.

811 2417 975 2491 ἀρξαμένην
996 2417 1054 2477 ἀπὸ
1073 2421 1274 2479 Καταδούπων
1293 2445 1340 2480 τεΙ

776 2491 824 2545 καὶ
839 2492 1042 2560 Ἐλεφαντίνης
1059 2489 1171 2564 πόλιος]
1194 2499 1248 2548 Vix
1266 2515 1322 2550 mo·

777 2580 841 2615 nere
860 2566 973 2628 attinet,
999 2567 1040 2616 his
1059 2567 1142 2618 terme
1164 2567 1232 2618 locis
1251 2568 1322 2618 indi-

777 2635 834 2684 cari
854 2635 922 2685 fines
939 2635 1058 2700 Aegypti
1070 2636 1244 2702 Aethiopiam
1263 2653 1322 2688 rea·

776 2719 831 2754 aaa.
869 2705 939 2754 Nam
956 2705 1109 2765 Catadupa,
1133 2720 1203 2769 qnae
1220 2721 1320 2757 vocan-

777 2777 835 2834 tur,
866 2773 967 2824 Noster
994 2771 1124 2836 intelligit
1152 2782 1320 2826 catarracten

777 2845 894 2893 οιάποτεοι
906 2856 984 2906 qnam
997 2840 1104 2903 dicunt,
1122 2857 1138 2890 a
1152 2842 1240 2906 Syene
1253 2843 1320 2892 arbe

778 2926 831 2960 non
849 2910 929 2960 valde
950 2915 1083 2960 remotum
1100 2910 1239 2960 meridiem
1261 2925 1321 2961 ver·

778 2995 824 3029 sus
848 2978 1014 3029 escendenti.
1049 2981 1093 3029 De
1116 2979 1192 3030 caius
1216 2979 1319 3044 magni·

778 3047 872 3098 tudine
890 3047 1028 3112 nimioque
1045 3047 1150 3110 sonita,
1170 3063 1223 3113 qao
1242 3063 1320 3100 acco·

776 3117 819 3166 lae
838 3115 965 3167 audiendi
982 3131 1064 3168 renen
1081 3119 1237 3182 priventur,
1262 3115 1320 3184 pln-

777 3187 846 3236 rima
867 3184 1019 3236 retulerant
1040 3189 1162 3251 veteres,
1191 3201 1261 3253 qaae
1286 3201 1318 3238 eo

777 3255 1029 3308 minnshicreiarre
1043 3261 1138 3318 vacat,
1158 3271 1211 3322 qao
1230 3256 1318 3322 magis

776 3325 844 3376 haec
867 3339 884 3373 a
901 3339 965 3374 vero
989 3324 1079 3375 aliena
1097 3329 1144 3376 ant
1162 3331 1235 3376 certe
1253 3323 1319 3377 mul·

776 3399 833 3445 tum
852 3399 1018 3459 exaggerata
1035 3409 1094 3444 esse
1115 3393 1274 3455 rideantur,
1295 3395 1317 3444 si

776 3479 822 3516 eos
841 3462 950 3525 audias,
975 3463 1022 3529 qni
1045 3465 1139 3512 nostra
1156 3467 1249 3513 aetate
1267 3461 1317 3512 has

775 3531 1316 3668 ωοοηεηιωηνω

776 3674 809 3723 to
832 3688 889 3738 seq.
933 3671 1008 3722 Inter
1034 3674 1140 3722 veteres
1169 3671 1316 3734 scriptores

775 3742 873 3792 Strabo
891 3744 1006 3791 minorem
1023 3746 1192 3790 catarracten
1206 3753 1316 3788 secura·

774 3811 828 3861 tias
847 3809 990 3875 descripsit
1008 3809 1095 3859 xvn.
1114 3824 1142 3874 p.
1161 3809 1228 3858 1172
1247 3807 1268 3856 O
1291 3823 1315 3858 s.

774 3895 801 3944 p.
826 3879 892 3941 817,
918 3893 996 3943 quem
1020 3878 1142 3942 seqnitur
1164 3878 1314 3928 Mannert.=

773 3948 872 4014 Geogr.
892 3946 919 4000 d.
941 3948 987 3999 Gr.
1006 3962 1033 3997 n.
1045 3948 1139 3998 Roem.
1154 3947 1188 4008 X,
1209 3948 1232 3997 1.
1250 3961 1314 4012 pag.

182 4032 241 4066 eam
251 4016 312 4068 Nilo
331 4018 470 4067 terminari
488 4018 623 4080 dicerent,
640 4017 722 4066 itant
771 4016 822 4068 2:3⁷
842 4014 903 4067 coli.
923 4017 985 4068 226.
1021 4015 1075 4067 Sed
1094 4017 1137 4067 Or.
1159 4016 1194 4066 ad
1212 4015 1314 4067 lomar-

181 4085 336 4152 Amptus,
360 4087 460 4151 quippe
482 4088 511 4136 in
528 4092 644 4150 utraque
667 4086 722 4136 Nili

181 4153 241 4220 ripe
253 4156 316 4216 sita,
330 4156 428 4220 partim
440 4155 531 4218 Asiae,
542 4155 641 4221 partim
652 4155 722 4205 Airi-

181 4239 231 4274 eae
253 4223 460 4274 adscriberetur.
499 4224 578 4285 Quod
595 4222 721 4289 displicet

180 4292 252 4357 patri
265 4291 405 4354 historiae,
418 4291 465 4355 qai
476 4291 629 4358 Aegyptum
638 4307 719 4346 anem

106 4377 112 4391 ¹
223 4391 392 4434 aaaonor.
418 4391 439 4432 1.

772 4087 835 4138 dnm
852 4099 902 4136 nos
923 4084 1066 4148 amandat,
1086 4083 1182 4150 quide
1199 4085 1252 4135 hoc
1268 4099 1313 4135 cs·

772 4159 893 4206 tarracte
904 4171 937 4205 ao
951 4153 1062 4220 reliquis
1074 4155 1130 4218 ogit
1139 4154 1167 4203 in
1175 4155 1311 4218 Descript.

772 4223 805 4276 de
821 4224 943 4289 l'Egypt.
962 4223 1073 4289 Antiqq.
1089 4221 1194 4274 lie-raia.
1208 4223 1230 4273 1.
1251 4237 1312 4286 esp.

772 4293 810 4350 11.
830 4297 898 4344 sect.
917 4293 943 4346 2.
956 4306 1018 4358 pag.
1033 4290 1066 4344 13
1082 4306 1159 4358 seqq.
1177 4289 1251 4356 <ain
1262 4290 1313 4341 Be·

1057 4369 1098 4434 30
