3020 4930
252 281 313 347 see
636 281 909 344 excussus
933 281 995 342 vn
1040 233 1044 242 ’

256 463 305 515 der
322 455 594 510 bildendellrinstler
612 472 663 509 ans
676 455 756 508 Tbon
776 454 843 508 oder
853 453 931 508 Stein
951 453 1032 509 einen
1049 455 1200 512 Menscben
1216 455 1283 510 oder
1301 455 1384 510 einen

256 547 325 598 Gott
345 542 468 594 macht.
503 542 546 594 An
569 541 612 594 ein
631 541 759 594 Sobaffen
786 540 852 592 oder
870 539 1005 594 Erlinden
1025 541 1103 594 einer
1123 540 1289 596 Gdtterwelt
1309 541 1385 594 bitte

252 648 313 684 man
336 628 381 681 nie
402 627 510 680 denlren
525 625 644 678 sollen.“
672 625 803 678 Conferri
820 641 1001 695 quoquecum
1019 625 1217 696 bispoternnt,
1238 643 1308 696 quse
1326 631 1385 678 sta·

253 716 308 770 tuit
318 712 421 768 Rinck:
440 711 484 764 die
496 709 621 779 Religion
634 711 684 764 der
693 708 828 763 Hellenen
840 728 867 780 p.
880 713 915 768 29
933 717 961 762 et
971 711 1113 765 Gerbard=
1130 711 1308 764 Griecbiscbe
1319 710 1384 780 My-

252 799 357 867 tbolog.
370 802 395 863 S.
407 800 465 854 134.
489 796 599 860 Quibus
611 797 738 849 omnibus
749 795 777 848 id
788 795 856 848 satis
868 795 941 848 effici
953 796 1081 866 arbitror,
1094 797 1168 867 quod
1180 797 1258 850 initio
1271 801 1385 850 nostrae

254 882 450 954 disputationis
466 881 624 950 posuimus,
650 881 761 934 silerum
778 879 859 950 qussi
878 880 1020 950 periodum
1038 882 1182 952 religionis
1202 883 1326 934 Gruecae
1349 883 1383 935 ab

252 972 371 1026 Homero
392 966 573 1036 Hesiodoque
597 983 631 1018 ex
652 965 786 1019 Herodoti
810 971 899 1018 mente
922 967 1070 1036 constitui,
1099 967 1263 1038 eosdemque
1285 971 1384 1038 poetas

165 1083 176 1094 ·
252 1057 314 1110 iure
329 1053 481 1122 meritoque
495 1052 564 1104 ferri
583 1056 709 1104 auctores
727 1055 754 1103 et
765 1051 922 1104 conditores
940 1055 968 1104 et
977 1051 1157 1122 Theogoniee
1172 1053 1342 1106 Graecorum
1356 1059 1386 1105 et

253 1140 341 1193 totius
358 1138 433 1190 illius
445 1137 479 1189 de
496 1137 549 1189 diis
562 1137 702 1190 doctrinae
714 1135 871 1206 popularis,
891 1151 970 1205 quam
986 1137 1323 1208 anthropomorpbisticem
1342 1137 1384 1190 di·

255 1226 355 1291 cimus,
377 1221 442 1276 inde
460 1223 494 1274 ab
512 1222 564 1274 boc
581 1227 703 1292 tempore
723 1237 739 1273 s
756 1221 873 1274 Graecis
890 1225 1025 1290 receptam
1046 1222 1217 1294 ampliusque
1237 1221 1383 1275 excultam.

254 1311 296 1363 Ad
308 1310 377 1361 hono
388 1325 454 1360 vero
472 1306 660 1360 declarandam
676 1307 790 1376 primum
801 1305 937 1375 pertinet,
960 1323 1032 1376 quae
1044 1308 1187 1362 Herodoto
1203 1307 1305 1360 dicitnr
1315 1309 1385 1362 δεο-

254 1396 350 1465 γονίη,
372 1391 445 1444 houd
464 1392 521 1444 scio
542 1409 575 1445 an
596 1391 757 1461 respicienti
774 1391 808 1442 ad
823 1390 939 1444 Hesiodi
964 1407 1071 1445 carmen
1094 1393 1187 1446 eodem
1210 1392 1317 1445 nomine
1339 1393 1384 1446 in-

256 1480 387 1548 scriptum
399 1476 512 1547 (dequo
524 1478 558 1529 oi.
568 1476 725 1530 Muetaell.=
743 1475 785 1528 De
797 1475 963 1528 emendando
975 1477 1119 1546 Theogon.
1130 1477 1246 1532 Hesiod.
1258 1495 1285 1547 p.
1295 1482 1386 1538 356-

254 1563 338 1630 358);
357 1561 476 1615 declaret
493 1562 564 1614 enim
582 1563 649 1614 bueo
667 1579 721 1614 vox
737 1560 942 1629 generationem
961 1561 1073 1614 deorum
1085 1563 1144 1616 sive
1161 1562 1307 1628 rationem,
1328 1579 1385 1632 qus

255 1647 358 1716 singuli
376 1646 431 1714 dii,
460 1645 539 1699 alteri
557 1648 590 1700 ab
607 1647 702 1700 elteris
722 1645 909 1715 generationis
925 1645 985 1714 lege
1002 1647 1041 1699 ita
1060 1647 1113 1700 orti
1129 1648 1325 1717 perhibentur,
1352 1653 1386 1700 ut

255 1731 335 1804 qnasi
356 1733 467 1784 deorum
482 1733 583 1786 familia
600 1733 666 1785 inde
684 1731 834 1785 constituta
851 1730 904 1796 sit3
933 1731 1056 1784 continet
1073 1733 1160 1800 igitur
1178 1733 1329 1786 doctrinam
1348 1732 1385 1786 de

255 1823 317 1871 ortn
336 1817 465 1884 deorum,
486 1819 588 1887 quibus
606 1818 630 1870 si
648 1817 724 1871 vires
743 1821 858 1869 natnrue
876 1831 1022 1886 earumque
1041 1818 1158 1871 effectus
1179 1817 1384 1887 significantur,

254 1903 440 1972 κοσμογονίαν
458 1921 482 1956 s.
502 1902 652 1956 doctrinam
672 1902 706 1956 de
722 1901 816 1954 mnndi
836 1901 942 1969 origine
964 1906 992 1953 et
1012 1903 1227 1968 conformatione
1244 1902 1386 1972 appellare

254 1989 362 2056 licebit3
385 1989 420 2040 cf.
436 2005 521 2057 suprc
532 1989 555 2056 1,
569 1994 619 2048 132
642 1987 736 2058 ibique
747 1985 838 2038 allata.
872 1985 1011 2054 Alterum,
1034 1987 1107 2058 quod
1125 1988 1158 2040 ad
1179 1989 1248 2040 benc
1269 1987 1385 2042 deorum

255 2073 495 2128 conformationem
516 2074 550 2125 ab
560 2074 679 2126 Homero
696 2079 724 2126 et
734 2071 857 2124 Hesiodo
876 2072 1025 2139 prolectam
1042 2077 1070 2126 et
1086 2075 1233 2143 perfectam
1249 2073 1384 2143 pertinet,

253 2159 392 2212 indicatur
411 2157 520 2210 verbise
541 2156 590 2212 sol
607 2163 681 2212 τοῖσι
696 2159 789 2211 θεοῖσι
799 2151 850 2218 τὰς
866 2151 1153 2226 ἐπωνυμίαςδόντεςς
1171 2175 1241 2229 quae
1256 2164 1387 2227 spectant

255 2243 290 2298 sd
306 2245 350 2309 id,
373 2243 447 2312 quod
464 2259 549 2312 supro
570 2243 622 2313 (ll,
633 2243 680 2308 52)
697 2243 731 2294 de
748 2241 873 2310 Pelasgis
891 2241 1013 2310 dixerat,
1036 2243 1117 2310 deos,
1141 2259 1256 2312 quorum
1274 2242 1385 2296 nomina

255 2347 310 2382 non
323 2327 482 2393 habuerint,
500 2328 528 2380 in
541 2329 699 2382 universum
711 2326 879 2394 colentibus,
899 2327 949 2380 sed
961 2344 1020 2380 cum
1035 2328 1182 2398 utriusque
1198 2327 1272 2381 illius
1284 2335 1386 2398 poetae

256 2410 340 2482 operi
356 2413 483 2465 effectum
495 2419 578 2481 esset,
591 2418 622 2465 ut
633 2411 736 2480 singuli
748 2411 785 2463 dii
798 2411 1030 2480 discernerentur,
1046 2413 1200 2481 uriginibus
1212 2429 1304 2466 eornm
1318 2431 1386 2466 cou-

255 2497 376 2564 stitutis,
400 2496 508 2549 nomine
524 2514 634 2569 quoqne
654 2497 697 2549 his
714 2495 834 2564 singulis
853 2496 905 2550 diis
922 2498 1043 2551 tribuere
1067 2515 1183 2568 aequum
1202 2503 1275 2562 erat,
1297 2497 1385 2568 idque

255 2582 323 2634 edeo
343 2581 517 2634 coniunctum
538 2599 597 2635 cnm
619 2582 679 2651 ipss
697 2582 847 2654 θεογονίᾳ,
869 2598 948 2651 quam
966 2582 1154 2636 instituerant.
1191 2582 1317 2637 Tertium
1339 2582 1385 2634 lris

256 2665 374 2735 accedit,
396 2665 461 2718 inde
479 2669 646 2736 proiectum:
672 2664 721 2721 καὶ
741 2660 822 2736 τιμάς
839 2684 869 2720 τε
886 2663 934 2720 καὶ
951 2664 1046 2736 τέχνας
1063 2661 1213 2731 διελέντεςι
1234 2683 1293 2720 cum
1311 2668 1385 2720 enim

256 2750 427 2820 singulorum
450 2751 562 2806 deornm
587 2753 640 2806 iam
665 2753 845 2806 discretorum
869 2752 990 2820 origines
1012 2753 1199 2822 prodidissent
1218 2753 1385 2822 nominaque

257 2835 375 2906 singulis
393 2835 575 2905 indidissent,
599 2855 713 2891 necesse
729 2841 802 2905 erat,
824 2837 970 2890 eorundem
990 2837 1069 2890 etiam
1084 2838 1203 2892 honores
1221 2855 1253 2890 ac
1270 2853 1386 2890 munera

257 2921 429 2976 describere:
459 2923 534 2992 quod
550 2923 639 2992 ipsum
657 2923 797 2976 declarent
816 2921 899 2974 verba
917 2921 1087 2990 Herodotea,
1112 2939 1170 2976 cum
1186 2923 1289 2993 quibus
1311 2939 1385 2974 com-

255 3024 383 3078 paremus
394 3007 509 3059 Hesiod.
518 3008 662 3076 Tbeogon.
675 3025 717 3059 vs.
728 3013 779 3066 112
792 2999 842 3072 (oie
855 2999 882 3060 τ’
897 2999 1002 3074 ἄφενος
1013 3001 1207 3062 δᾶοοαντοιιαέ
1222 3002 1261 3070 ὦς
1275 3001 1386 3076 capric

255 3090 391 3164 διέλοντο)
417 3099 444 3143 et
460 3109 502 3144 vs.
515 3097 551 3150 44
562 3093 595 3146 de
608 3093 689 3146 lore:
713 3081 744 3146 erl
759 3088 789 3146 δὲ
804 3089 907 3146 ἕκαστα
925 3084 1082 3154 ἀθανάτοις
1098 3089 1221 3160 διέταξεν
1240 3085 1315 3161 ὁμῶς
1334 3091 1386 3147 aui

255 3173 391 3248 ἐπέφραδε
407 3195 439 3230 τι
445 3171 522 3246 μοῖς.
550 3177 620 3230 Add.
636 3177 702 3230 ibid.
714 3183 775 3236 204.
789 3181 989 3238 397.885.904.
1016 3176 1128 3232 Homer.
1143 3179 1247 3247 Odyss.
1260 3177 1384 3247 Xl,301.

255 3267 317 3322 304.
344 3261 472 3329 Aeschyl.
493 3261 693 3322 Promethso.
713 3265 764 3322 178
784 3263 827 3314 ed.
846 3262 1163 3332 Blomf.coll.237.38,
1192 3264 1239 3316 ubi
1257 3260 1324 3333 γέρα
1341 3263 1385 3316 di-

256 3351 372 3412 cuntur,
396 3363 466 3415 quae
483 3347 526 3400 hic
541 3344 618 3416 copel
632 3351 775 3413 vocantur,
795 3346 814 3398 i.
827 3365 852 3399 e.
871 3347 989 3400 bonores
1005 3365 1028 3400 s.
1047 3348 1138 3402 munis
1151 3349 1249 3419 cuique
1267 3348 1319 3402 deo
1332 3349 1385 3402 tri-

254 3433 321 3484 butu
332 3437 360 3484 et
371 3431 404 3482 ad
416 3431 550 3502 cuiusque
561 3431 606 3485 dei
616 3431 669 3484 vim
684 3437 711 3484 et
723 3439 863 3498 naturum,
880 3449 935 3503 qun
946 3433 979 3484 sb
990 3431 1051 3486 aliis
1063 3433 1238 3502 discernitur,
1254 3437 1386 3503 specten-

254 3517 309 3584 tie3
339 3532 394 3586 qno
421 3516 514 3570 eodem
537 3517 617 3570 etiarn
638 3520 765 3585 spectent
786 3513 893 3588 τέχναι,
923 3523 1010 3585 artes,
1042 3518 1143 3588 quibus
1167 3519 1285 3589 quisque
1313 3519 1386 3572 dens

255 3618 364 3672 operam
382 3600 443 3668 dat,
467 3602 623 3672 quibusque
640 3619 655 3653 a
673 3602 770 3655 ceteris
789 3601 859 3668 diis,
886 3603 933 3672 qui
950 3602 1052 3671 singnli
1070 3620 1145 3656 suam
1163 3603 1282 3674 quisque
1297 3609 1386 3656 artem

254 3687 398 3740 bumennm
409 3685 437 3738 in
449 3687 555 3740 modum
567 3691 703 3755 exercent,
721 3687 903 3754 distinguitur
917 3688 1060 3758 locumque
1070 3705 1150 3742 sunm
1168 3688 1273 3742 obtinet
1288 3689 1317 3742 in
1337 3686 1387 3740 ills

255 3773 367 3826 deorum
389 3771 504 3839 familie,
532 3771 636 3842 quslem
659 3772 685 3824 bi
708 3777 805 3840 poetae
828 3771 1041 3826 constituerunt.
1074 3773 1156 3836 Quod
1178 3779 1298 3826 extremo
1322 3773 1386 3826 loeo

254 3857 369 3926 legitur=
392 3854 441 3910 sol
454 3856 531 3910 rl'deoc
544 3850 637 3911 αὐτῶν
652 3851 836 3926 σημήναντες,
858 3856 885 3908 id
903 3857 1096 3928 complemento
1114 3857 1193 3928 qussi
1213 3865 1256 3910 est
1271 3865 1385 3912 antece-

254 3942 399 3996 dentibus:
422 3958 481 3994 cum
498 3941 570 3994 enim
582 3941 708 4011 singulos
721 3943 788 3994 deos
806 3941 1019 4010 discrevissent,
1044 3943 1269 4012 singulorumque
1286 3949 1315 3996 et
1332 3961 1384 3996 no-

252 4027 325 4078 mins
343 4033 371 4078 et
387 4043 501 4079 munera
517 4031 647 4098 artesque
665 4027 891 4094 constituissent,
911 4029 1022 4081 formam
1039 4044 1149 4098 quoque
1166 4027 1317 4080 eorundem
1336 4045 1385 4080 ex-

253 4115 372 4178 ternum,
390 4111 424 4163 ad
442 4111 588 4165 humanum
606 4113 712 4166 modum
731 4129 904 4181 expressam,
923 4130 1012 4183 neque
1029 4131 1095 4167 vero
1115 4113 1240 4166 omnibus
1257 4113 1385 4178 eandem,

253 4194 301 4245 sed
312 4193 372 4246 aliis
385 4195 463 4248 aliam
476 4215 527 4266 pro
545 4198 666 4251 muneris
685 4196 846 4250 diversitate
859 4198 1028 4251 constituere
1046 4205 1218 4268 consequens
1230 4203 1306 4264 erst3
1330 4199 1386 4250 ita-

252 4293 306 4348 que
319 4279 397 4334 el'dsu
412 4281 446 4332 ad
464 4283 588 4352 corporis
605 4283 713 4336 bumeni
725 4284 837 4335 formem
849 4283 902 4334 diis
920 4285 1048 4336 traditam
1062 4293 1091 4337 et
1109 4283 1143 4336 sd
1159 4287 1283 4350 caetera,
1309 4299 1386 4354 quae
