3088 4944
208 301 269 365 358
642 301 906 364 HERODO'I'I

208 474 333 569 ριβόλῳ
355 473 488 568 μεγάλῳ
507 501 543 544 τι
568 475 624 544 καὶ
647 479 790 568 ἰσχυρῷ,
812 475 849 544 ἐν
870 472 909 542 δὲ
928 477 975 566 τῷ
1001 473 1102 566 ἑτέρῳ
1122 469 1205 553 Διὸς
1227 472 1341 562 Βήλου

208 678 288 730 dotus
307 676 341 727 de
356 693 410 728 uno
433 681 540 726 tentum
563 675 686 727 aedilicio
705 691 747 726 re·
797 674 912 741 posthac
928 691 946 726 u
964 675 1093 738 Portero,
1118 691 1197 742 quem
1220 677 1342 742 sequitur

207 749 252 814 gio
272 747 345 798 vesti
363 752 391 797 et
407 745 493 797 velidi
508 746 637 796 circuitus
654 745 748 811 loque·
798 745 929 807 Hesren.‚
949 743 1004 794 elie
1022 760 1128 811 quoque
1146 745 1249 796 addens
1262 761 1341 811 orgu-

207 823 265 880 tur,
285 815 359 866 illem
376 831 441 867 vero
459 816 710 880 interpretationem
725 815 749 864 si
799 819 890 864 mente
914 813 1008 878 (Ideen
1028 815 1056 878 1,
1074 816 1100 864 2.
1129 831 1156 880 p.
1182 815 1232 865 177
1251 813 1342 881 seqq.)

208 887 339 952 sequeris,
357 886 422 936 bins
434 885 565 950 distingui
578 885 703 946 debeant,
721 889 748 935 et
800 889 881 949 atque
899 885 1048 936 liuentem:
1067 884 1119 935 Die
1137 883 1225 950 Relig.
1245 885 1271 936 d.
1290 887 1343 935 Bs-

207 957 295 1022 ipsum
312 955 518 1017 munimentum,
539 959 566 1004 et
582 955 658 1020 regie
675 954 748 1016 suls,
799 953 891 1018 bylon.
911 969 974 1019 pag.
994 955 1028 1006 48
1045 969 1135 1020 seqq,
1160 955 1208 1004 ubi
1226 955 1259 1005 de
1277 959 1344 1005 tem-

207 1030 352 1090 ntrnmque
373 1025 401 1074 in
420 1039 476 1074 uns
503 1025 651 1089 eademque
674 1024 749 1074 urbis
800 1023 837 1088 pli
864 1022 966 1086 forme,
1000 1029 1097 1073 ornetu
1123 1039 1157 1074 eo
1184 1024 1249 1074 istis
1274 1025 1342 1089 ipsis

207 1095 317 1161 regione
341 1098 517 1144 exstructum.
540 1124 575 1134 -
602 1094 692 1144 Verba
720 1083 750 1142 iv
800 1092 878 1158 plura
898 1097 1051 1144 narrentur.
1090 1093 1169 1155 Quod
1187 1095 1258 1144 euim
1276 1095 1342 1144 Dio-

206 1163 281 1232 μέσφ
298 1163 332 1215 de
343 1167 436 1214 centro
447 1163 639 1214 mathematico
652 1179 674 1214 s.
687 1179 749 1228 geo·
800 1163 882 1212 dorus
904 1163 1012 1226 scribit,
1036 1162 1064 1212 id
1087 1163 1127 1212 its
1153 1163 1342 1228 explicandum

206 1233 329 1297 metrico,
348 1233 420 1300 quod
439 1233 542 1295 dicunt,
561 1233 677 1298 intelligi
695 1249 749 1283 non
801 1231 860 1282 vult
874 1233 1004 1294 fluerem,
1024 1232 1110 1283 fuisse
1125 1233 1233 1297 quidem
1251 1233 1278 1282 in
1299 1249 1343 1284 oo·

206 1318 287 1370 posse
314 1308 407 1354 monet
428 1303 542 1354 Fresnel
570 1302 589 1353 l.
613 1303 631 1354 l.
657 1303 696 1353 11.
721 1319 748 1367 p.
800 1302 929 1352 eidentali
947 1302 1022 1352 urbis
1036 1307 1114 1367 perte
1127 1303 1216 1352 sulem
1229 1303 1341 1368 regiam,

207 1375 240 1425 '25
258 1387 316 1438 seq.
341 1377 369 1423 et
390 1389 417 1437 p.
439 1373 472 1422 49
491 1388 563 1438 seq,
587 1371 649 1422 coll.
670 1372 749 1423 Rich.
801 1387 913 1436 eumque
929 1375 1053 1429 ‚veterem
1076 1371 1162 1421 videri
1186 1388 1203 1422 s
1227 1372 1342 1423 Semiru-

206 1459 234 1509 p.
250 1443 310 1503 lum
330 1442 429 1492 etenim
444 1443 473 1491 in
491 1442 615 1492 orientali
628 1442 751 1506 Euphra-

206 1513 242 1562 tis
260 1512 320 1576 ripe
343 1526 413 1576 quse
435 1511 513 1562 hodie
536 1517 682 1576 supersunt
705 1527 748 1560 ru-

207 1582 286 1642 dere,
304 1579 339 1630 ed
357 1580 460 1645 regiam
475 1595 564 1630 ereem
580 1580 747 1644 spoletium

205 1650 378 1716 pertinentia,
397 1649 426 1700 id
440 1651 527 1716 ipsum
540 1651 569 1698 in
580 1649 670 1700 medis
681 1650 748 1699 orbe

206 1718 332 1771 orientsli
344 1724 511 1770 exstructum
522 1719 595 1770 haud
607 1719 692 1770 inisse
702 1719 749 1769 do-

206 1793 281 1851 cent;
301 1805 385 1855 quare
399 1779 429 1838 ἒν
443 1786 517 1856 μέσῳ
531 1789 566 1839 ed
578 1789 694 1840 medium
711 1789 747 1837 ri-

204 1875 257 1926 pae
276 1857 428 1922 orientalis,
451 1873 533 1926 quem
549 1859 614 1908 urbs
633 1873 747 1924 occupe-

205 1929 269 1993 bet,
294 1933 398 1995 partem
416 1934 539 1994 spectare
556 1929 627 1979 idem
645 1929 688 1977 vir
703 1927 749 1977 do-

206 2003 267 2050 ctus
279 2004 385 2060 censet3
400 1999 433 2048 de
444 1999 503 2050 Beli
515 1998 616 2064 templo
628 1999 652 2048 si
668 2012 749 2064 quee-

206 2083 267 2131 ras,
286 2069 338 2119 hoo
358 2083 424 2118 sene
440 2069 469 2118 in
482 2067 572 2118 medis
585 2068 660 2117 urbis
678 2067 748 2118 oeci-

207 2137 325 2188 dentslis
343 2142 422 2203 parte
441 2138 522 2188 situm
541 2137 656 2202 cogitari
674 2141 748 2201 pote·

205 2207 254 2268 rit,
279 2207 351 2270 quod
372 2207 460 2270 ipsum
484 2221 590 2271 quoque
608 2205 748 2256 declarent

801 1441 872 1491 mide
884 1445 1050 1491 exstructam
1069 1446 1133 1491 ente
1145 1440 1342 1492 Chaldaeorum

800 1515 930 1572 aetutem,
950 1511 996 1575 qui
1009 1511 1122 1560 silerem
1134 1525 1223 1561 ercern
1236 1512 1341 1577 regium

798 1596 861 1630 mox
873 1581 901 1630 in
912 1579 1009 1642 sltem,
1029 1581 1047 1630 i.
1063 1596 1086 1630 e.
1107 1580 1246 1643 orientali,
1265 1581 1341 1631 urbis

798 1655 876 1716 ports
888 1651 1084 1712 exstruxerint,
1105 1650 1182 1700 cuius
1199 1651 1281 1701 etiarn
1295 1651 1341 1701 ho-

798 1719 896 1785 dieque
920 1720 1024 1768 msiorn
1050 1724 1076 1770 et
1094 1719 1226 1784 empliora
1249 1735 1341 1786 super-

798 1790 853 1839 sint
870 1788 968 1839 rndere
985 1803 1065 1854 quem
1084 1789 1196 1839 alterins
1210 1791 1281 1840 orcis
1293 1805 1342 1840 en-

798 1859 923 1924 tiquioris
949 1859 978 1908 iu
1004 1857 1166 1908 occidentali
1193 1864 1271 1924 perte
1297 1875 1341 1910 ex·

799 1931 929 1978 structos.
959 1928 1029 1978 Utut
1044 1929 1143 1978 statuis
1163 1928 1196 1978 de
1210 1929 1339 1992 Diodoro,

799 1997 834 2048 ad
852 1997 1020 2047 Herodotum
1038 1997 1110 2062 quod
1133 1999 1247 2061 attinet,
1272 1998 1340 2048 nihil

799 2067 875 2117 dubii
891 2066 1016 2118 relietum
1034 2083 1105 2116 nune
1124 2072 1179 2130 est,
1203 2069 1269 2133 quin
1281 2068 1340 2118 Beli

799 2136 928 2201 templum
941 2137 1049 2186 minime
1062 2136 1245 2202 quaerendum
1263 2137 1300 2188 sit
1312 2138 1339 2186 in

799 2205 925 2256 orientali
948 2206 1095 2271 Euphratis
1123 2207 1197 2270 ripe,
1230 2207 1258 2256 in
1286 2223 1341 2272 qua

799 2276 845 2340 qui
875 2277 1085 2340 septentrionem
1114 2291 1209 2326 versus
1237 2291 1254 2326 a
1279 2275 1339 2326 loeo

797 2343 873 2394 Hills
885 2361 938 2396 non
950 2345 1030 2410 longe
1043 2346 1077 2395 ab
1091 2345 1149 2410 ipso
1169 2346 1252 2396 ilurio
1267 2361 1339 2395 nnnc

799 2415 1002 2479 conspiciuntur
1018 2414 1100 2465 colles
1120 2414 1263 2480 splenitie
1275 2415 1339 2464 emi-

205 2276 299 2326 rninee
322 2275 469 2340 quaedam,
493 2275 536 2325 rel
560 2275 640 2325 unius
663 2275 748 2326 boreo

206 2344 338 2395 distentis
364 2345 502 2395 meridiem
527 2348 554 2394 et
579 2343 746 2394 occidentem

204 2429 299 2464 versus
320 2415 354 2464 nb
376 2414 427 2464 hoc
446 2413 546 2478 templo
566 2429 605 2476 s.‚
628 2418 660 2464 ut
674 2429 746 2464 nuno

204 2487 329 2542 vocetur,
342 2483 521 2534 BirsNimrud
532 2483 664 2546 detectae,
677 2498 747 2549 quse
797 2487 893 2534 nentes
912 2501 934 2534 s.
953 2485 1064 2547 tumuli,
1090 2499 1143 2534 non
1160 2488 1216 2533 tem
1238 2488 1337 2534 nutura

206 2553 240 2604 ed
259 2557 378 2602 veterem
391 2552 571 2616 Babyloniam
586 2568 671 2617 seque
687 2569 746 2618 per·
797 2568 878 2619 quem
901 2555 1024 2604 ruderum
1043 2553 1112 2603 rarii
1134 2553 1240 2618 generis
1266 2551 1336 2603 mole

204 2623 358 2685 tinuernnt,
382 2627 414 2672 ut
436 2623 563 2672 observet
579 2623 650 2672 idem
667 2623 746 2672 Fres-
798 2625 863 2685 orti,
883 2623 969 2674 looom
988 2623 1127 2674 declarent
1145 2624 1244 2674 veteris
1262 2621 1335 2672 illius

184 2691 258 2742 -usl.
294 2691 384 2757 Atque
402 2691 446 2741 hie
472 2692 580 2741 omnino
599 2693 745 2758 respicien-
797 2692 906 2758 palatii:
926 2700 1007 2758 atque
1025 2693 1168 2756 praecipue
1187 2691 1233 2744 ille
1250 2697 1337 2742 tumu-

205 2761 268 2811 dnm
291 2761 411 2823 ridetur,
439 2761 511 2811 sud
530 2761 648 2812 Graecos
673 2762 746 2812 hund
796 2761 852 2823 lus,
872 2763 915 2812 cui
933 2778 1004 2812 nune
1020 2761 1215 2825 nomenlr'asr,
1234 2762 1337 2828 regiam

205 2845 266 2881 raro
279 2829 430 2881 locutiones
449 2775 581 2898 ἶνμέσῳ,
601 2825 642 2888 εἰς
658 2829 746 2895 μέσον
795 2831 890 2882 eedem
921 2832 1067 2896 hortosque
1100 2831 1161 2880 illos
1188 2833 1336 2896 pendentes

204 2900 297 2951 latiori
316 2915 396 2951 sensu
415 2900 534 2951 exhiberi
557 2901 643 2963 (coni.
664 2901 744 2952 modo
796 2902 963 2952 continuisse
980 2901 1100 2951 ridetur:
1120 2901 1166 2966 qni
1185 2901 1232 2952 elii
1250 2903 1337 2967 msgis

203 2969 305 3020 Herod.
331 2970 383 3032 IV,
404 2971 448 3022 97.
471 2970 528 3020 191.
554 2970 607 3032 Vl,
628 2969 678 3021 129
696 2971 746 3020 ibi·
796 2970 831 3021 sd
854 2972 1064 3035 septentrionem
1093 2969 1213 3021 existunt
1241 2971 1337 3021 tumuli

204 3055 257 3104 que
275 3036 410 3103 ednott.)‚
434 3041 503 3090 sdeo
522 3043 552 3088 ot
569 3039 620 3089 boc
638 3055 691 3105 quo
713 3055 745 3090 ne
795 3039 914 3090 eiusdem
933 3041 1055 3105 generis,
1074 3040 1172 3104 quibos
1190 3040 1272 3107 vulgo
1290 3057 1337 3092 nc·

204 3109 264 3158 loco
281 3109 500 3174 historieepster
515 3109 605 3158 verbis
622 3101 652 3157 ἐν
670 3057 744 3176 paup
796 3125 856 3158 men
880 3108 966 3160 Bebel
992 3110 1049 3159 sive
1073 3109 1227 3174 Mudjelliln
1254 3109 1338 3176 (quod

204 3178 326 3228 indicere
342 3178 462 3228 voluisse
479 3177 618 3240 ridentur,
644 3183 746 3228 utrum·
796 3179 885 3243 ipsum
901 3194 1000 3230 nomen
1017 3195 1078 3229 eum
1095 3180 1238 3230 eudemum
1255 3187 1282 3231 et
1298 3182 1336 3230 di-

204 3261 256 3312 que
277 3253 479 3297 monumentum
502 3246 541 3311 (ct
561 3247 692 3312 palatium
718 3252 745 3298 et
797 3257 876 3298 rutum
894 3248 1043 3312 significet,
1063 3247 1098 3299 ed
1116 3265 1209 3301 omnes
1227 3251 1336 3301 omnino

204 3316 343 3381 templum)
369 3333 422 3366 non
444 3318 472 3366 in
496 3317 623 3368 extremis
646 3318 746 3368 utrius·
795 3318 844 3368 has
860 3319 952 3368 ruiuns
969 3320 1071 3369 referre
1087 3319 1177 3384 licet),
1197 3321 1288 3385 stipsi
1302 3319 1336 3370 ed

204 3401 256 3451 qne
273 3385 348 3435 urbis
368 3384 406 3448 (et
424 3385 564 3437 orientalis
579 3393 606 3437 st
620 3387 745 3437 oeciden-
795 3387 865 3437 hsnc
893 3389 995 3452 regiam
1024 3403 1115 3438 urcem
1146 3405 1168 3438 s.
1195 3389 1335 3452 palatium,

203 3452 281 3518 telis)
303 3456 442 3520 pertibus,
467 3471 537 3521 quae
553 3457 627 3522 ipsos
653 3471 744 3506 muros
795 3457 867 3521 quod
879 3458 949 3506 tsnti
965 3459 1018 3508 init
1029 3459 1161 3518 ambitus,
1181 3457 1274 3507 referri
1287 3473 1335 3519 po-

202 3525 295 3576 urbem
319 3525 457 3592 cingentes
481 3527 633 3592 ettingsnt,
663 3527 744 3575 situm
794 3530 899 3586 terunt,
918 3543 1007 3578 arcem
1019 3527 1094 3577 urbis
1109 3525 1252 3590 (Citodelle)
1272 3527 1335 3572 sont

203 3595 301 3656 luisse,
321 3595 407 3645 sedin
420 3596 480 3660 ipss
497 3597 572 3658 urbe,
590 3596 661 3645 inter
675 3596 744 3645 alies
794 3596 840 3660 qui
858 3597 896 3646 ihi
919 3597 1003 3648 fuisse
1023 3597 1187 3646 existiment.
1217 3595 1259 3643 'l'u
1277 3592 1333 3641 rid.

202 3663 351 3714 incolarum
365 3665 440 3714 urbis
452 3665 635 3714 habitationes
647 3665 744 3730 hisque
794 3665 982 3732 Buehinghsm
1001 3667 1027 3714 in
1045 3666 1139 3714 itiner.
1153 3664 1332 3726 Mesopotsm.

202 3733 269 3798 ipsis
289 3735 483 3784 circumdatum
502 3740 529 3784 et
547 3734 689 3784 inclusum.
794 3733 923 3796 (Berolin.
937 3735 1015 3798 1828)
1026 3750 1052 3798 p.
1062 3735 1112 3782 477
1124 3731 1185 3782 coll.
1196 3733 1246 3781 472
1256 3747 1332 3796 seqq.

237 3793 268 3851 ἐν
286 3800 326 3866 τῷ
343 3799 395 3867 μὲν
412 3796 447 3852 τὰ
460 3796 602 3871 βασιλήϊα]
621 3804 743 3854 Fuerunt
793 3804 855 3854 483.
873 3805 972 3855 Ritter.
985 3804 1002 3854 l.
1017 3802 1036 3853 l.
1048 3819 1074 3866 p.
1088 3800 1139 3851 993
1150 3816 1226 3866 seqq.
1244 3800 1333 3862 (Mue-

202 3871 249 3935 qni
264 3871 384 3924 Diodoro
396 3877 508 3924 suetore
525 3873 544 3924 l.
561 3871 642 3923 hbes
660 3873 742 3923 sedes
786 3873 892 3939 jellibe)
911 3889 937 3937 p.
949 3871 1000 3922 913
1012 3887 1088 3937 seqq.
1101 3869 1205 3936 (Korn),
1224 3871 1333 3936 Lsynrd

201 3940 292 4004 regias
320 3941 349 3990 in
375 3942 538 3992 occidentali
564 3943 639 3992 urbis
666 3947 743 4008 perte
793 3943 810 3993 l.
824 3943 841 3993 l.
860 3958 887 4006 p.
899 3943 950 3994 484
961 3957 1035 4006 seqq.
1054 3943 1104 3992 505
1117 3955 1193 4006 seqq.
1222 3941 1333 3992 Frosncl

202 4008 289 4058 inisse
316 4015 468 4061 statuerent
492 4013 608 4077 indeque
634 4013 742 4077 collige·
793 4011 812 4061 l.
825 4011 845 4061 l.
858 4011 881 4060 1.
899 4027 927 4075 p.
945 4010 997 4060 499
1015 4025 1091 4076 seqq.
1105 4011 1144 4062 11.
1163 4027 1189 4076 p.
1206 4012 1236 4061 21
1256 4027 1332 4076 seqq.

202 4083 277 4140 rent,
296 4079 356 4128 Beli
372 4080 500 4144 templum
512 4083 540 4131 in
553 4081 640 4131 altera
654 4087 741 4146 parte,
793 4080 826 4131 32
840 4095 916 4145 seqq.
946 4079 1128 4145 Conspectum
1144 4080 1240 4131 tumuli
1252 4082 1333 4142 Kasr,

201 4161 272 4211 quse
295 4147 435 4200 orientalis
460 4155 516 4213 est,
541 4152 658 4214 positum
677 4151 742 4202 olim
792 4148 880 4214 quslis
898 4163 970 4199 nunc
987 4155 1044 4212 est,
1063 4151 1171 4201 exhibet
1189 4151 1258 4202 Rich
1275 4150 1294 4200 l.
1314 4149 1333 4201 1.

200 4215 294 4267 fuisse.
328 4218 414 4280 Quam
433 4220 594 4270 sententiam
613 4220 655 4270 vel
674 4223 742 4271 ch-
792 4235 819 4283 p.
830 4219 872 4282 95,
884 4217 981 4269 tumuli
990 4219 1153 4282 Mudjellibs
1163 4220 1234 4270 idem
1247 4219 1331 4284 po&

199 4285 287 4337 nelius
305 4291 405 4349 tuetur,
422 4303 485 4354 psg.
500 4289 551 4340 542
562 4303 638 4356 seqq.
658 4289 741 4356 (apud
791 4288 847 4340 rid.
876 4289 958 4339 etism
989 4291 1061 4354 epod
1089 4289 1198 4355 Leyerd
1226 4305 1253 4354 p.
1280 4288 1333 4339 489

198 4355 277 4416 Rich.
305 4357 526 4430 p.110seqq.),
554 4359 741 4430 impugnatum
792 4358 1000 4415 delineationem
1017 4359 1102 4414 totius
1121 4359 1176 4416 loci
1194 4359 1229 4414 ed
1247 4358 1333 4413 orien-

393 4624 440 4632 -
