3020 4930
5 4663 12 4896 Ι

488 268 553 328 An
576 269 830 334 unnonou.
852 271 895 346 11,
918 277 960 333 n.
1227 267 1285 330 851

159 443 294 509 centium,
315 447 372 496 tum
393 441 483 511 ipsius
506 441 585 496 fluvii
608 449 723 510 nature3
745 443 817 496 unde
835 445 936 498 lecturo
956 449 1014 510 est,
1036 447 1068 496 ut
1081 442 1142 511 ipse
1157 441 1290 498 ortioruru

160 545 290 581 numerus
304 527 513 597 haudquaquam
527 527 580 580 sibi
596 545 703 597 semper
717 529 881 596 constiterit,
900 534 928 582 et
943 545 1017 582 nunc
1033 526 1113 598 plene
1129 527 1208 581 aliter
1223 529 1289 582 baec

159 613 217 664 sint
232 613 383 666 constituta
396 617 478 682 atque
500 611 562 666 olim
579 613 669 666 fuisse
691 613 852 682 accepimus.
885 613 1013 667 Veterum
1028 614 1193 682 scriptorum
1211 613 1288 668 locos

159 697 193 748 de
208 697 266 750 Nili
282 697 360 750 ostiis
376 697 428 752 iem
447 697 539 750 attulit
552 698 720 766 wesseling.
736 698 771 750 ed
786 697 900 751 Diodor.
916 698 1000 750 Sicul.
1015 699 1038 766 1,
1054 704 1104 766 333
1127 699 1201 752 inter
1217 717 1288 770 quos

159 782 329 851 potissimum
351 782 457 835 consul.
479 782 570 834 Streb.
593 782 681 835 XVII.
702 801 730 852 p.
750 789 800 842 801
823 801 847 834 s.
868 802 896 852 p.
919 788 988 842 1153
1009 782 1031 833 Β
1053 782 1113 835 coll.
1139 802 1166 853 p.
1191 790 1243 845 788
1262 803 1286 838 s.

160 885 187 936 p.
204 872 273 926 1136
288 885 348 937 seq.
367 867 438 920 Plin.
454 867 490 918 Η.
506 867 543 920 N.
560 867 594 934 V,
613 873 654 924 10.
673 873 699 932 s.
711 875 745 926 51
762 885 840 938 seqq.
872 867 1047 920 Lacunosunr
1062 867 1184 935 Scylaoie
1201 869 1288 922 locum

158 951 187 1004 in
203 950 304 1020 Peripl.
322 971 349 1022 p.
368 956 403 1010 43
419 950 528 1020 explere
543 952 651 1004 studuit
666 953 699 1004 C.
718 951 837 1005 Mueller
853 952 882 1004 in
898 953 1002 1019 Geogr.
1018 951 1070 1004 Gr.
1088 952 1190 1004 Minl.
1206 959 1286 1022 p.80.

159 1035 265 1088 Nostra
278 1043 368 1088 aetate
383 1037 417 1090 de
425 1035 484 1088 Nili
501 1036 581 1088 ostiis
597 1037 765 1106 conscripsit
779 1037 815 1090 du
830 1036 997 1103 Bois-Ayrnt
1012 1036 1103 1106 (,‚Sur
1118 1036 1159 1089 les
1175 1039 1287 1091 enciens

158 1120 294 1173 branchos
310 1122 346 1174 du
359 1121 407 1174 Nil
418 1126 445 1174 et
456 1139 502 1173 ses
514 1121 711 1176 embouchures
724 1121 793 1174 dens
806 1121 937 1188 lemer“)·
946 1121 1119 1189 inDescript.
1136 1121 1169 1174 de
1179 1121 1252 1190 l'llg.
1265 1123 1288 1172 Ι.

160 1203 273 1275 Antiqq.
287 1205 406 1278 (livrais.
420 1205 451 1272 3)
465 1209 550 1275 ΜΠ
559 1224 637 1276 seqq.
651 1210 678 1258 et
688 1207 806 1259 LePere
823 1205 882 1260 loco
894 1205 968 1258 inira
981 1204 1118 1258 laudando
1129 1225 1157 1276 p.
1166 1211 1217 1264 118
1228 1225 1288 1275 seq.

243 1291 296 1344 His
316 1291 344 1342 in
368 1290 527 1344 universum
542 1291 652 1344 monitis
673 1291 725 1344 iarn
749 1292 783 1344 ed
804 1289 914 1360 singula
936 1291 1021 1357 ostia,
1044 1307 1114 1360 quoe
1128 1289 1288 1343 Herodotus

158 1381 299 1443 memorat,
321 1375 489 1429 accedamus.
525 1376 615 1430 Primo
638 1375 698 1429 loco
718 1376 840 1430 nominat
859 1377 1037 1445 Pelusiacum,
1063 1375 1137 1445 quod
1157 1376 1288 1428 orientem

159 1477 258 1514 versus
279 1461 429 1514 deflectens
450 1461 499 1512 hac
516 1467 595 1530 perte
609 1461 728 1532 Aegypti
752 1463 821 1516 fines
842 1461 928 1514 tutori
950 1460 1146 1531 quodaminodo
1165 1460 1285 1529 videtur,

159 1546 227 1598 setis
243 1546 333 1600 valida
347 1563 478 1617 aquarum
493 1547 570 1615 copie
586 1545 692 1600 fluens:
715 1547 803 1613 unde,
824 1548 849 1600 si
864 1548 898 1598 sb
915 1547 1020 1598 oriente
1038 1546 1171 1615 incipies,
1195 1549 1286 1600 τελευ-

158 1637 238 1684 ταῖον
258 1631 331 1685 inter
345 1631 404 1686 Nili
420 1632 492 1684 ostia
508 1631 609 1684 dicitur
631 1632 797 1684 astrabone
812 1631 831 1682 l.
848 1631 883 1698 l.,
903 1632 1012 1700 πρῶτον
1027 1648 1094 1684 vero
1117 1631 1288 1700 nStepbeno

159 1715 277 1783 Byzant.
298 1734 321 1768 s.
347 1735 372 1768 v.
389 1711 557 1784 Πηλούσιον.
591 1717 622 1768 ln
644 1716 705 1786 ipso
727 1733 811 1770 cursu
826 1715 905 1768 fluvii
927 1716 991 1768 inde
1014 1715 1199 1770 eCercesoro
1220 1718 1289 1769 urbe

160 1800 285 1852 nonnihil
306 1818 356 1870 per
376 1807 525 1870 temporum
545 1801 690 1854 decursum
711 1819 773 1854 esse
794 1805 923 1854 mutatum
944 1799 1086 1870 probabile
1106 1807 1165 1869 est;
1186 1801 1288 1871 alioqui

160 1885 231 1938 enirn
246 1884 389 1938 conciliari
403 1891 553 1956 nequeunt,
569 1902 640 1954 quae
654 1885 688 1938 de
703 1887 763 1938 eius
781 1903 865 1938 cursu
881 1886 982 1938 accitu
997 1885 1108 1938 diversa
1123 1887 1195 1956 apud
1210 1892 1287 1939 vete·

159 1987 205 2022 res
228 1977 402 2024 enarrantur.
438 1970 517 2033 Quae
536 1987 596 2023 cunr
612 1970 646 2022 ad
666 1977 790 2024 nostrum
810 1970 897 2023 locurn
911 1971 1000 2024 minus
1019 1971 1192 2040 pertineant,
1216 1988 1290 2024 nunc

158 2055 242 2108 misse
262 2056 402 2108 faciamus.
431 2055 522 2108 Hodie
544 2054 698 2108 exsiccatus
716 2057 777 2108 fere
794 2061 838 2110 est
852 2055 1013 2108 Pelusiacas
1029 2055 1086 2108 Nili
1101 2055 1217 2122 fluvius,
1242 2056 1289 2126 qui
1369 2079 1377 2105 i

160 2139 222 2192 olim
244 2141 278 2194 sd
298 2139 438 2192 Pelusium
457 2141 551 2192 urbem
570 2156 643 2192 inere
664 2139 786 2193 intrabat
797 2135 840 2208 *),
864 2141 998 2210 cuiusque
1021 2156 1131 2194 cursum
1152 2157 1225 2192 nunc
1245 2157 1289 2194 se·

160 2225 256 2294 quitur
276 2224 379 2278 cenelis
400 2224 478 2276 Abou
488 2225 664 2292 -Meneggeb
686 2228 772 2296 (teste
787 2225 823 2278 du
838 2223 1005 2293 Bois-lyme
1020 2224 1038 2276 l.
1055 2225 1073 2276 l.
1090 2243 1117 2294 p.
1133 2229 1185 2286 279
1201 2223 1286 2295 seq),

161 2308 209 2378 qui
224 2308 284 2378 ipse
300 2309 411 2362 nonnisi
425 2309 503 2363 valde
523 2317 603 2362 aucto
618 2309 683 2362 Nilo
697 2316 844 2380 terrasque
865 2310 1023 2362 adiacentes
1044 2310 1197 2362 inundante
1219 2327 1287 2362 non·

160 2393 227 2444 nibil
253 2411 340 2464 aquae
357 2393 454 2464 recipit
476 2401 504 2447 et
517 2399 595 2446 trans
612 2393 715 2462 locum,
737 2395 784 2464 qui
801 2411 874 2447 nunc
892 2395 992 2468 dicitur
1010 2394 1116 2462 Sulieh,
1139 2412 1224 2464 prope
1248 2393 1288 2445 le-

160 2494 219 2530 cunr
231 2479 376 2532 Menzeleb
389 2479 450 2532 limo
465 2485 493 2532 et
507 2495 591 2532 arena
606 2479 711 2532 obiecta
721 2497 837 2548 prorsus
855 2478 1004 2534 evanescit.
1033 2479 1121 2532 Cuius
1133 2479 1174 2531 rei
1188 2495 1286 2532 causas

159 2565 188 2614 et
202 2562 269 2616 alias
284 2565 406 2616 afferunt
421 2569 448 2616 et
463 2563 581 2616 canalem
596 2564 721 2634 inprimip
738 2563 828 2632 illuni,
851 2565 899 2634 qui
914 2563 1033 2617 Arabum
1049 2569 1138 2616 aetate
1154 2563 1182 2617 in
1198 2565 1288 2618 sinum

158 2647 303 2702 Arabicum
317 2649 403 2702 fuerit
417 2649 562 2702 deductus.
593 2649 675 2702 Conl.
689 2649 827 2702 blennert.
843 2650 947 2718 Geogr.
963 2650 990 2702 d.
1000 2651 1050 2702 Gr.
1064 2667 1091 2702 u.
1102 2649 1194 2702 Roern.
1211 2649 1244 2714 X,
1261 2655 1287 2706 l.

159 2749 186 2799 p.
203 2739 254 2791 552
274 2751 333 2802 seq.
365 2733 482 2787 Rennel.
505 2735 611 2800 Geogr.
633 2734 736 2786 Herod.
759 2739 948 2804 p.6210eqq.
979 2734 1078 2786 Ritter.
1094 2733 1247 2786 Erdkunde
1263 2733 1288 2783 1.

160 2833 188 2883 p.
208 2821 271 2875 826.
301 2816 391 2868 Multa
416 2834 526 2886 quoque
546 2819 596 2868 hoc
620 2817 654 2870 de
677 2837 706 2870 re
733 2818 886 2888 disputavit
908 2817 1057 2887 Champoll.
1081 2817 1153 2884 l’Eg.
1177 2833 1244 2868 sous
1267 2815 1286 2867 l.

159 2897 242 2950 Pher.
257 2899 295 2951 11.
321 2905 469 2970 p.9seqq.
493 2907 526 2958 12
541 2919 600 2970 seq.
617 2905 666 2968 243
688 2901 861 2955 Pelusiacum
882 2901 952 2955 enirn
975 2901 1112 2954 bruchium
1134 2900 1205 2952 idem
1226 2917 1288 2952 esse

159 2983 239 3053 ponit
257 2987 341 3053 etque
356 2983 554 3050 Damietinurn,
580 2985 654 3052 quod
675 3002 748 3039 nunc
765 2986 933 3056 appelletur,
956 2984 1096 3054 usquead
1115 3001 1176 3036 euni
1190 2983 1287 3050 locum,

160 3067 207 3120 ubi
229 3068 371 3121 exorditur
385 3066 487 3120 canalis
501 3068 598 3133 binim
619 3085 674 3137 quo
695 3069 756 3138 ipso
772 3070 944 3124 Pelusiacum
962 3068 1100 3122 brachium
1123 3067 1287 3135 continuari,

159 3152 234 3206 infre
248 3153 383 3206 Bubastia
400 3153 494 3206 urbem
510 3152 538 3204 in
557 3153 611 3204 duo
628 3152 776 3208 dissectum
787 3155 910 3222 brachia,
936 3170 1052 3223 quorum
1067 3152 1181 3206 alterum
1196 3151 1287 3204 orien-

158 3245 213 3292 tenr
233 3255 333 3291 versus
355 3237 491 3306 dirigatur
512 3239 704 3304 (Pelusiacum)
723 3238 807 3308 inque
828 3257 901 3292 inere
922 3243 1001 3290 exeat
1022 3256 1108 3308 prope
1129 3237 1238 3290 Thineh
1263 3255 1287 3289 s.

158 3322 313 3390 Pelusium,
344 3323 474 3388 alterum,
504 3322 595 3374 Tunin
622 3323 823 3391 praeterfluens
849 3324 1055 3391 (Tauream),
1088 3322 1288 3376 recentioribus

159 3408 298 3476 cognitum
313 3409 351 3460 sit
365 3408 472 3460 nomine
485 3406 589 3460 canalis
605 3407 702 3474 Μοὸο,
722 3408 769 3476 qui
786 3407 912 3460 inlocum
926 3407 1069 3461 Menzeleh
1084 3406 1202 3460 desinat.
1236 3405 1288 3458 Pe·

158 3491 291 3546 lusiecum
305 3491 444 3546 brachium
461 3493 531 3546 idem
547 3493 644 3546 scribit
659 3508 733 3544 nune
747 3492 871 3546 relictum
893 3494 977 3546 ferme
997 3497 1025 3546 et
1044 3492 1208 3546 exsiccatum
1225 3507 1288 3543 etse

161 3593 219 3628 earn
234 3577 268 3628 ob
286 3593 408 3645 causam,
430 3577 504 3647 quod
518 3577 650 3645 neglectis
667 3577 816 3645 aggeribus
834 3578 914 3630 buius
933 3577 1036 3630 brachii
1056 3593 1143 3646 equae
1158 3575 1187 3626 in
1202 3573 1288 3627 Tani-

160 3660 244 3712 ticum
258 3661 429 3728 transierint,
446 3667 477 3714 ut
491 3662 535 3716 vel
549 3661 669 3730 vestigia
682 3662 760 3715 fluvii
772 3662 909 3716 Pelusiaci
923 3661 1063 3716 difficilius
1080 3677 1154 3712 nune
1168 3657 1288 3711 inveniri

159 3751 272 3815 queant.
305 3744 344 3798 Ac
367 3747 457 3798 ventis
478 3753 621 3816 praeterea
641 3747 768 3816 omnique
790 3747 913 3815 regionis
935 3747 1021 3801 indoli
1039 3745 1143 3815 aliquid
1164 3743 1288 3796 tribuen-

159 3831 220 3884 dum
238 3849 300 3884 esse
315 3835 377 3899 apte
392 3831 587 3884 monetRitter.
599 3831 752 3884 Erdkunde
767 3832 789 3884 l.
802 3837 899 3902 pfflfi.
927 3832 988 3884 Alia
1002 3832 1072 3883 idern
1089 3827 1180 3896 attigit
1191 3831 1286 3898 p.834.

244 3917 405 3987 Canopicum
421 3916 535 3983 ostium,
562 3916 641 3968 cuius
657 3917 761 3969 Noster
775 3916 893 3969 rnenrinit
909 3917 1001 3984 11,15.
1017 3921 1076 3975 113.
1094 3917 1145 3973 179
1165 3911 1226 3964 coll.
1243 3915 1287 3977 97,

160 4001 325 4054 occidentem
341 4018 441 4054 versuo
454 4001 566 4054 maxime
582 4001 738 4070 spectabat,
754 4001 861 4054 nomine
877 4000 994 4054 deducto
1011 4001 1044 4052 ab
1061 4000 1137 4068 urbe,
1158 3997 1192 4048 ad
1208 4013 1288 4066 quarn

159 4085 262 4139 fluvius
277 4086 306 4138 in
324 4103 397 4139 mare
417 4085 493 4138 exiit.
526 4086 635 4138 Dicitur
652 4085 713 4154 illa,
739 4093 865 4139 monente
888 4085 1097 4138 Scbliebthorst.
1119 4083 1138 4136 l.
1158 4082 1176 4134 l.
1200 4099 1226 4152 p.
1243 4085 1286 4150 40,
1316 4093 1318 4100 ’

179 4344 186 4363 ,
227 4283 254 4350 *)
272 4283 428 4350 Stephanus
444 4284 629 4350 Byzantinus:
649 4274 823 4350 Πηλούσιον,
842 4279 925 4342 πόλις
937 4274 1091 4349 Αἰγύπτου,
1109 4275 1150 4340 ele
1163 4269 1200 4348 ἣν
1212 4269 1290 4345 ἐκρεῖ

158 4368 189 4403 το
207 4349 322 4420 πρῶτον
341 4346 428 4419 στόμα
445 4351 498 4403 τοῦ
517 4350 633 4404 Νείλου.
1063 4431 1081 4472 ῃ

1012 4434 1052 4498 54
