3086 4952
239 273 301 338 282
671 277 939 340 HIIRODOTI

239 449 319 531 Ιούς
344 446 488 540 ύποδέξη
520 455 657 532 παῖδας·
697 457 744 545 τῷ
772 451 810 522 δὲ
830 448 908 532 vodo
932 458 1106 532 πλείστους
1131 447 1370 524 ἀποδεικνύντι

239 560 332 643 δῶρα
346 550 506 643 ἐκπέμπει
520 549 538 623 ὁ
552 553 709 642 βασιλεὺς
722 553 786 625 ιἰνά
806 559 873 624 πᾶν
886 561 968 635 ἔτος.
992 552 1029 622 τὸ
1043 552 1168 624 πολλὸν
1182 553 1215 624 δ’
1233 552 1370 644 ἡγέαται

239 655 377 746 ἰσχυρὸν
390 657 487 727 εἶναι.
517 659 714 728 παιδεύουσι
733 653 1082 742 secedentesque&
1097 661 1292 740 πενταέτεος
1304 655 1367 748 ἆρ-

238 761 371 851 ξύμενοι
391 764 487 850 μέχρι
508 765 727 846 εἰκοσαέτεος,
745 768 822 849 τρία
835 766 959 850 μοῦνα,
981 759 1137 832 ἱππεύειν
1150 764 1206 832 καὶ
1221 762 1371 846 τοξεύειν

237 867 295 934 καὶ
306 863 535 954 ἀληθίζεσθαι.
555 867 636 953 πρὶν
650 864 687 934 δὲ
700 861 721 954 ἢ
736 863 915 954 πενταετὴς
930 866 1082 953 γένηται,
1097 863 1160 935 οὐκ
1174 861 1368 937 ἀπικνέεται
1455 881 1458 888 ’

237 966 271 1049 ἐς
285 966 366 1052 ὄψιν
378 975 424 1061 τῷ
438 970 555 1055 πατρὶ,
569 966 654 1038 ἀλλὰ
667 963 757 1058 sapit
769 972 844 1060 τῇσι
859 970 991 1056 γυναιξὶ
1007 974 1140 1038 δίαιταν
1153 976 1236 1056 ἔχει·
1256 976 1317 1040 τοῦ
1331 970 1370 1040 δὲ

239 1077 351 1142 εἵνεκα
364 1075 462 1140 τοῦτο
476 1066 565 1140 οὕτω
580 1076 741 1158 ποιέεται,
755 1077 829 1158 ἵνα,
844 1067 887 1162 ἢν
900 1068 1058 1162 ύποδύνη
1072 1071 1288 1162 τρεφόμενος,
1305 1101 1367 1163 μη-

239 1181 359 1264 δεμίαν
373 1171 459 1263 ἄσην
471 1179 517 1268 τῷ
532 1176 631 1262 πατρὶ
649 1175 833 1265 προσβάλῃ.

238 1339 355 1401 παιδίας
371 1359 425 1394 non
440 1343 578 1393 exstitisse
593 1346 705 1407 scimus;
725 1347 777 1396 Ro·
829 1343 894 1394 doto
924 1341 1067 1392 admodum
1092 1340 1258 1392 discordant.
1300 1341 1369 1393 Num

237 1429 377 1464 munorum
399 1417 505 1463 tantum
529 1415 692 1465 mentionem
711 1415 778 1464 facit
829 1413 883 1463 tris
900 1410 961 1473 illa,
986 1426 1055 1476 quse
1073 1426 1171 1476 pueros
1195 1411 1288 1462 doceri
1305 1412 1370 1462 scri-

238 1486 282 1536 Cr.
302 1483 425 1549 legisque
443 1483 529 1532 Iuliae
547 1499 580 1533 ac
596 1485 697 1548 Papiae
710 1485 779 1549 Pop·
828 1483 870 1533 bit
888 1483 999 1543 Noster,
1024 1481 1058 1531 sb
1082 1481 1157 1531 hisce
1179 1482 1282 1546 pariter
1301 1482 1370 1532 indi-

237 1569 322 1619 pseae
338 1553 390 1602 hac
410 1552 443 1602 de
462 1568 491 1603 re
508 1553 592 1605 letes.
621 1555 663 1603 Do
681 1555 778 1619 quibus
829 1551 1085 1616 cautur‚praecipue
1096 1551 1205 1600 tertium
1218 1550 1370 1616 illudprae·

237 1623 293 1676 rid.
312 1622 442 1673 Heiueeo.
458 1622 779 1688 Syntsgm.Antiqq.1u-
829 1626 951 1686 ceptum,
971 1635 1023 1686 quo
1042 1621 1186 1670 veritatem
1204 1635 1307 1671 summe
1326 1638 1370 1672 co-

236 1692 402 1758 risprudent.
424 1690 571 1742 illustrant.
596 1693 624 1754 Ι,
649 1695 692 1742 25.
718 1697 742 1756 5.
762 1694 777 1742 4
828 1691 915 1742 Ierent
932 1690 1039 1755 ipsique
1053 1705 1131 1755 quom
1150 1690 1369 1742 maximeessent

238 1778 313 1828 seqq.
338 1761 505 1825 eundemque
528 1761 613 1812 de.
632 1762 729 1812 Iuliam
751 1767 778 1812 et
828 1760 952 1811 veridici.
991 1759 1080 1810 Nolim
1103 1764 1226 1825 repetere
1247 1761 1370 1812 testimo·

237 1834 304 1914 Pap.
323 1831 372 1882 lib.
390 1831 413 1881 1.
433 1847 492 1880 cs.
511 1833 537 1882 2.
828 1831 874 1881 nia
892 1830 1063 1879 eBrissouic
1083 1829 1228 1880 collectal.
1240 1829 1260 1880 l.
1273 1831 1311 1892 11,
1323 1831 1367 1883 83

271 1893 303 1950 τὸ
330 1891 437 1950 πολλὸν
466 1847 533 1949 33‘
519 1891 634 1965 ἡγέαται
660 1891 778 1964 ἰσχυρὸν
829 1899 968 1952 101-104
997 1897 1094 1949 iuclus.
1123 1901 1240 1950 Nostros
1270 1901 1368 1950 setstis

236 1964 320 2036 εἶναι]
356 1971 433 2021 Hsec
460 1971 593 2036 prioribus
626 1969 778 2034 explicandi
828 1971 942 2032 Persas,
975 1983 1138 2034 quamquam
1167 1970 1195 2018 in
1221 1969 1263 2019 his
1290 1969 1369 2020 vaide

236 2056 320 2092 conss
339 2039 456 2091 adiecta.
492 2041 644 2105 Numquo'
636 2055 665 2089 ru
682 2038 779 2090 libero·
830 2039 930 2090 simiIes
954 2039 1101 2089 maioribus
1128 2040 1199 2101 suis,
1225 2040 1298 2104 quod
1325 2056 1369 2090 ve·

124 2115 128 2122 '
236 2127 294 2161 rum
309 2109 481 2160 multitudine
496 2109 574 2173 (haec
589 2113 631 2158 est
645 2109 781 2159 Herodoti
830 2109 935 2170 nando,
958 2107 1120 2173 equitando,
1145 2109 1302 2172 sagittando
1325 2111 1370 2161 dc·

236 2178 382 2244 sententia)
407 2179 489 2228 robur
505 2181 594 2229 Inesse
611 2179 776 2240 existimant,
828 2179 978 2241 lactantur,
999 2179 1028 2226 in
1045 2177 1156 2242 reliquis
1175 2178 1368 2230 dissimillimos

235 2248 357 2312 illudque
375 2248 409 2297 sd
431 2247 550 2298 civitatis
572 2248 776 2312 amplitudinem
827 2248 952 2314 reperiri,
987 2248 1096 2297 minime
1129 2247 1278 2311 veridicos,
1320 2249 1368 2300 sed

236 2319 378 2384 plurimum
398 2317 500 2380 facere,
520 2319 544 2368 si
561 2333 661 2381 magua
678 2318 777 2368 incola·
828 2317 945 2368 omnium
975 2318 1091 2367 maxime
1122 2316 1251 2382 perfidius
1286 2323 1368 2383 etque

235 2404 293 2439 rum
310 2387 389 2450 copia
405 2387 532 2451 gaudeat.
571 2388 637 2438 Inde
656 2403 710 2437 non
728 2390 777 2436 mi·
828 2387 974 2438 mendaciis
993 2387 1114 2449 deditos,
1142 2387 1221 2437 fidem
1240 2385 1366 2438 salientes

235 2473 294 2508 rum
315 2471 361 2506 eos
385 2456 465 2507 valde
486 2458 614 2508 honorari
639 2458 777 2521 praemiis·
828 2473 877 2507 nec
899 2456 955 2506 ullo
983 2452 1062 2506 modo
1091 2457 1230 2521 promissis
1251 2460 1365 2518 stantes,

236 2543 288 2594 que
307 2526 409 2587 ornari,
429 2527 476 2590 qui
491 2527 619 2606 plurimos
635 2527 777 2645 fennerint
827 2541 881 2576 uno
899 2527 957 2576 iere
974 2542 1020 2576 ore
1043 2526 1162 2576 clamant
1180 2525 1263 2576 nostri
1281 2525 1365 2576 homi-

235 2597 315 2648 filios.
332 2625 369 2635 --
394 2596 437 2646 Ad
460 2597 573 2646 formam
596 2587 632 2660 ἡγ
648 2611 712 2645 urus
739 2597 775 2647 cI.
828 2611 890 2656 nes,
921 2596 968 2660 qui
990 2596 1052 2645 illss
1075 2598 1199 2662 regiones
1221 2595 1367 2660 perlustre-

235 2667 351 2718 Bredov.
370 2681 397 2728 p.
413 2664 503 2716 eroes
520 2667 637 2730 supraI‚
649 2665 722 2726 133·
742 2667 777 2716 ad
828 2632 899 2714 runi.
936 2664 1016 2715 Ocni.
1035 2666 1108 2715 Hali.
1127 2666 1198 2730 Aug.
1218 2666 1285 2715 Litt.
1287 2667 1365 2717 ·Zeit.

236 2735 462 2814 significationem
482 2736 555 2815 coni:
574 2740 644 2786 nott.
665 2735 734 2797 edI,
750 2739 776 2786 4.
829 2734 905 2786 1341.
920 2749 960 2784 nr.
977 2735 1016 2785 ro.
1029 2751 1056 2798 p.
1070 2736 1120 2786 145
1132 2751 1188 2800 seq
1213 2735 1274 2784 Vid.
1285 2735 1368 2785 Ham·

270 2797 438 2854 παιδεύουσι
456 2801 488 2853 δὲ
506 2819 572 2860 τους
590 2802 694 2860 παῖδας
711 2819 737 2852 τ.
753 2821 776 2854 τ.
828 2819 892 2854 mer.
916 2804 944 2853 in
960 2805 1070 2854 Wiener
1086 2803 1182 2855 Jahrb.
1202 2805 1280 2855 VIII.
1302 2821 1365 2871 pag.

235 2875 271 2940 Ι]
296 2877 339 2925 De
362 2879 500 2925 structura
523 2874 599 2924 verbi
629 2864 777 2923 παιδεύειν
828 2873 966 2925 ess-383
984 2879 1012 2922 et
1029 2873 1178 2924 LXXXIX.
1197 2889 1223 2938 p.
1244 2875 1301 2936 13,
1321 2877 1368 2940 qui

236 2961 296 2996 oum
321 2944 422 3009 duplici
451 2945 609 2995 accusativo
636 2949 663 2992 et
686 2958 777 3008 perso·
827 2948 948 2993 veterum
986 2943 1142 2993 testimonis
1177 2943 1210 2993 de
1242 2946 1367 2995 veritatis

235 3031 286 3065 nac
314 3019 343 3066 et
372 3015 412 3064 rei
444 3016 490 3064 vix
522 3029 589 3079 opus
618 3013 772 3063 admonere.
826 3013 916 3064 studio
935 3017 963 3062 et
977 3013 1053 3062 cultu
1071 3014 1253 3076 apudPsrsas
1271 3016 1367 3066 nonni·

236 3084 316 3134 Geni.
334 3084 462 3135 Kuehuer
483 3085 530 3135 Gr.
555 3083 600 3134 Gr.
624 3085 649 3145 5.
670 3082 730 3143 561,
750 3099 774 3133 e.
825 3081 1150 3146 hilamphficstaceuset
1165 3099 1309 3134 cuminus
1321 3100 1368 3150 po-

235 3153 278 3202 Ad
300 3149 465 3210 πενταέτεος
492 3152 573 3202 facile
598 3121 775 3216 supplendum
826 3155 880 3203 tine
899 3153 1077 3202 insistendum
1093 3153 1144 3214 sit,
1165 3167 1234 3217 qnae
1251 3153 1284 3203 de
1301 3155 1367 3204 Per-

235 3213 347 3278 παιδύς.
390 3222 432 3271 De
460 3237 488 3271 re
513 3222 686 3272 consentiunt
715 3239 775 3272 cum
826 3237 916 3273 esrum
935 3221 1083 3272 mortbus'
1076 3237 1104 3270 rn
1128 3190 1297 3273 debilissima
1316 3225 1367 3289 Cy-

235 3291 336 3342 Nostro
351 3290 449 3341 Strabo
462 3281 520 3340 XV.
538 3306 600 3356 pag.
620 3290 715 3342 7331)
690 3293 775 3342 Ded.
827 3291 972 3358 ropaediae
989 3290 1110 3341 clausule
1127 3291 1263 3356 leguntur.

236 3360 355 3410 Casani).
385 3365 466 3426 atque
489 3359 614 3410 Valerius
641 3362 775 3412 Maximus
855 3351 1038 3440 μηδεμίαν”
1019 3374 1113 3438 ασην
1116 3376 1155 3425 τῳ
1145 3357 1259 3424 πατρὶ
1279 3375 1366 3424 προσ-

235 3430 508 3494 V1‚2.5.1‚niu
531 3429 603 3496 quod
625 3429 755 3482 levitcr'
747 3447 775 3480 m
826 3423 906 3498 βύΙη]
932 3418 1113 3494 μηδεμίαν
1095 3442 1168 3494 eope
1190 3431 1262 3481 haud
1285 3433 1367 3483 dubie

235 3515 307 3550 anuo
326 3493 495 3551 educationis
509 3499 660 3550 definiendo
674 3501 776 3551 ‹iissen-
826 3515 891 3550 vers
903 3507 945 3550 cst
959 3499 1089 3549 librorum
1105 3499 1196 3562 lectio,
1215 3505 1292 3551 cuiue
1305 3501 1366 3552 Ioco

236 3571 321 3632 tinet,
340 3569 385 3620 ille
405 3573 543 3636 quartum,
568 3571 613 3620 hic
631 3571 774 3635 septimum
825 3585 894 3620 unus
913 3567 1055 3633 μηδεμίαν
1079 3539 1199 3636 βλάβην,
1228 3571 1365 3623 locutione

233 3655 346 3706 ponens.
383 3641 425 3690 De
446 3639 561 3690 filiorum
579 3640 714 3705 regiorum
736 3641 775 3688 in·
824 3640 982 3690 Herodotea
1019 3639 1054 3688 ad
1088 3638 1227 3719 vulgarem
1260 3641 1366 3692 coufor-

234 3710 378 3774 stitutione
396 3709 477 3773 psuio
497 3708 577 3759 aliter
594 3708 680 3758 tradit
694 3709 774 3760 PIsto
825 3714 913 3770 mets,
938 3709 984 3758 aiii
1002 3705 1156 3790 μηδεμίαν
1166 3701 1273 3776 βὶύβηκ
1289 3703 1366 3776 ἀηδῆ

234 3779 262 3828 in
284 3779 420 3830 Alcibiad.
448 3779 471 3829 I.
499 3793 562 3844 pag.
594 3779 687 3829 1211)
716 3793 772 3843 seq.
824 3777 868 3828 vol
886 3769 1064 3842 μηδεμίην
1046 3791 1119 3840 coqu
1139 3768 1263 3842 αηδῆ,’
1255 3795 1283 3828 ια
1307 3783 1365 3846 qui-

235 3846 307 3911 (cap
329 3849 359 3897 ΙΙ
378 3848 449 3913 Ast.)
489 3849 583 3912 Neque
607 3847 689 3896 etism
712 3863 772 3897 cum
824 3849 874 3898 bus
905 3848 1028 3898 omnibus
1059 3847 1240 3913 glossatorum
1269 3865 1365 3900 manus

232 3916 397 3966 Herodoters
407 3933 517 3982 prorsus
526 3917 692 3982 conspirant
703 3933 773 3982 quae
825 3917 904 3967 iacile
933 3931 1076 3982 agnoscas.
1122 3919 1246 4000 Namque
1273 3918 1367 3970 Gram-

233 3983 266 4034 de
285 3999 427 4048 puerorum
452 3991 535 4051 atque
561 3986 774 4036 adolescentulo·
823 3987 917 4036 matici
934 3987 1053 4036 Atticam
1071 4001 1166 4036 vocem
1182 3979 1256 4051 ἄσην
1280 3989 1366 4054 arpii-

231 4067 289 4103 rum
314 4053 486 4106 institutione
508 4055 580 4118 apud
597 4055 695 4105 Perses
720 4056 774 4104 usi·
823 4046 1155 4119 sententiarumque
1182 4072 1305 4108 sermone
1328 4061 1365 4108 Iu·
1418 4061 1426 4072 '

231 4123 771 4189 tctsseribrtXeuophonrnCyropaed
822 4132 898 4186 τέκοι,
928 4125 1093 4176 doloremne
1121 4128 1230 4191 proprie
1256 4129 1365 4192 quidem
1412 4179 1418 4186 ,

233 4192 304 4250 1.r.
331 4195 356 4252 5.
375 4193 490 4258 dseqq.
516 4193 578 4244 coll.
603 4195 632 4256 1,
652 4193 677 4244 3.
700 4193 724 4256 5.
745 4194 771 4244 3.
822 4195 924 4256 sordes,
952 4195 1090 4256 fastidium.
1128 4197 1171 4245 Tu
1199 4196 1274 4260 legas
1298 4197 1365 4247 mihi

232 4261 280 4322 IV,
296 4260 322 4312 3.
341 4263 368 4324 5.
384 4262 409 4311 5.
446 4263 478 4312 In
497 4277 601 4313 summu
618 4231 709 4314 damen
726 4263 773 4312 vix
823 4264 960 4328 copiosam
970 4264 1316 4330 Piersouidisputstionsm
1329 4267 1365 4317 ad

231 4329 277 4381 ilie
299 4335 326 4382 et
343 4329 439 4398 reliqui
464 4332 610 4399 scriptores
635 4334 670 4384 ab
687 4333 773 4385 Hero·
823 4332 935 4384 Moerid.
955 4347 1018 4399 pag.
1032 4333 1175 4400 doseqst,
1167 4351 1195 4386 ur
1212 4338 1364 4402 qusIIero-

300 4588 350 4600 4
