3096 4930
239 237 300 302 398
671 241 941 306 HERODOTI

237 443 290 497 ιιις
304 411 338 484 ‹l’
366 410 410 486 ἂν
434 419 540 505 μιχθῇ
558 421 695 505 γυναικὶ
715 423 755 509 τῇ
775 420 903 490 ἑωυτοῦ
924 413 1011 508 ἀνὴρ
1032 419 1266 508 Βαβυλώνιος,
1295 423 1373 510 περὶ

237 527 393 609 θυμίημα
418 521 676 611 καταγιζόμενον
694 529 771 610 ἵζει,
795 523 935 612 ἑτέρωθι
952 521 988 590 dl
1003 517 1023 610 ἡ
1040 520 1127 612 γυνὴ
1140 521 1249 594 τώυτὸ
1272 531 1372 594 τοῦτο

238 627 353 694 ποιέει.
382 621 512 714 ὄρθρον
527 626 564 695 δὲ
580 631 763 718 γενομένου
773 653 788 712 ,’
805 630 942 696 λοῦνται
957 628 1013 694 καλ
1027 623 1226 718 ἀμφότεροι·
1253 625 1372 716 ἄγγεος

236 727 300 818 γὰρ
315 725 455 808 οὐδενὸς
473 725 632 818 ἅψονται,
648 735 728 824 πρὶν
742 724 784 800 ἂν
803 728 999 800 λούσωνται.
1030 727 1134 802 ταύτὰ
1148 733 1185 803 δὲ
1199 737 1304 802 ταῦτα
1318 735 1373 804 καὶ

232 830 378 924 Ἀράβιοι
398 838 540 904 ποιεῦσι.

171 953 230 1015 199
307 932 342 1005 Ὁ
356 937 393 1006 δὲ
408 935 450 1026 δὴ
467 946 633 1027 αἴσχιστος
646 941 714 1008 τοῖν
731 935 845 1025 νόμων
858 938 927 1006 ἐστὶ
943 953 1029 1006 τοῖσι
1042 939 1289 1027 Βαβυλωνίοισι
1303 936 1371 1010 ὅδε.

271 1102 380 1170 θρῆνοι
398 1098 430 1154 el
448 1097 642 1172 παραπλήσιοι
660 1107 733 1156 τοῖσι
750 1095 780 1154 ἕν
831 1104 888 1169 pite
909 1103 1080 1170 Herodotus,
1104 1107 1207 1173 pariter
1228 1113 1373 1158 narrantur

236 1168 381 1242 Αἰγύπτῳ]
404 1177 480 1226 Haec
499 1191 566 1228 sanc
590 1175 693 1228 referas
714 1175 780 1226 licet
830 1189 848 1224 a
872 1175 964 1226 Strab.
987 1177 1061 1226 XVI.
1086 1193 1112 1243 p.
1138 1177 1203 1230 1081
1228 1195 1251 1229 s.
1271 1195 1297 1244 p.
1321 1181 1372 1230 745

236 1259 297 1294 eum
306 1247 424 1296 Movere.
442 1245 504 1310 (Die
513 1247 641 1299 Phoenic.
654 1245 777 1312 apoll.
831 1243 892 1294 coll.
907 1245 1011 1295 Aelisn.
1030 1248 1062 1297 V.
1076 1249 1111 1298 H.
1125 1248 1172 1312 1v‚
1191 1249 1213 1298 l.
1244 1249 1371 1314 Inprimis

235 1315 298 1380 246)
317 1315 352 1366 ad
369 1316 533 1366 cantilenam
547 1315 634 1380 illam,
655 1319 699 1368 cui
716 1317 779 1368 Lini
830 1329 894 1364 nero
919 1315 971 1365 lmc
994 1317 1063 1366 lacit
1085 1317 1217 1368 Ieremias
1239 1318 1315 1368 locus
1343 1319 1370 1368 in

236 1399 258 1435 s.
283 1387 433 1436 Manerotis
458 1401 555 1436 nornen
578 1388 722 1450 tribuitur,
751 1389 779 1437 in
829 1384 946 1450 Epistol.
963 1387 1093 1447 (Barnoh.
1112 1386 1159 1452 VI,
1181 1391 1224 1438 42.
1249 1388 1283 1440 13
1304 1387 1370 1453 ibiq.

236 1454 313 1506 luctu
332 1455 375 1506 edi
394 1455 503 1505 solitam
520 1472 553 1506 se
565 1456 723 1524 plerumque
739 1457 779 1508 ni-
830 1455 1009 1519 iulerprett.).
1031 1457 1133 1508 Nostra
1146 1461 1245 1520 aetate,
1259 1463 1290 1508 nt
1301 1457 1370 1507 elios

236 1525 274 1574 hil
295 1527 353 1576 fere
374 1525 427 1576 nisi
448 1531 550 1578 certam
572 1525 707 1593 quandam
731 1543 779 1578 vo.
829 1529 945 1587 taceam,
957 1527 1111 1578 accuratius
1127 1528 1154 1576 in
1167 1527 1298 1578 Herodoti
1310 1543 1370 1576 nar-

237 1611 298 1646 curu
323 1595 429 1660 aliquot
445 1603 575 1661 perpetuo
601 1599 778 1662 repetitarum
828 1595 962 1644 rationem
971 1596 1245 1662 inquisivitHeynius
1255 1598 1282 1648 iu
1293 1597 1370 1648 Com·

235 1667 377 1731 ipsumque
395 1665 497 1716 luctum
511 1666 706 1718 declarantium
724 1668 778 1717 ior·
829 1667 941 1714 mental.
961 1667 1056 1717 societ.
1070 1668 1193 1734 Gottiug.
1214 1671 1279 1718 tom.
1294 1667 1367 1718 XVI.

237 1736 540 1788 mulameontinentem.
577 1737 685 1790 Tuvid.
699 1737 778 1804 plura
829 1749 891 1798 pag.
916 1735 950 1785 30
971 1749 1061 1802 seqq.:
1093 1739 1152 1800 „De
1175 1737 1370 1804 Babyloniorum

237 1805 272 1856 ad
290 1806 328 1869 11,
348 1805 390 1858 79.
829 1806 939 1859 destituto
957 1808 1082 1870 relipioso,
1101 1815 1128 1858 ul
1138 1807 1252 1860 meliores
1269 1808 1306 1857 ad
1318 1809 1369 1858 Ve-

271 1871 336 1939 περὶ
348 1873 481 1940 θυμίημα
490 1867 777 1942 καταγιζόμενονΐζει]
829 1875 899 1926 ueris
920 1877 1032 1940 ternplum
1053 1877 1229 1939 prostarenn‘*
1252 1877 1370 1944 itemque

236 1945 255 1996 i.
271 1961 295 1996 e.
313 1946 379 1995 duri
395 1947 494 1996 incenso
512 1947 622 2010 adsidet,
641 1963 679 1997 se.
699 1963 778 1998 secra
830 1943 941 1993 Iacnbs:
959 1945 1130 1998 Vermiechte
1142 1946 1253 1998 Schrilt.
1272 1947 1321 1997 VI.
1341 1963 1368 2012 p.

236 2015 777 2080 peragenslnstrandieausa.Hincmale
828 2015 861 2062 λδ
882 2029 955 2080 seqq·
993 2015 1039 2066 Sic
1061 2031 1124 2067 vero
1146 2018 1239 2082 posuit
1260 2017 1368 2084 Ileyne:
1438 2035 1444 2043 ·

237 2085 301 2136 elim
314 2080 778 2148 urrplpronrpl,uuiunlocoHein-
828 2083 956 2148 antiquos
987 2085 1168 2150 Babylonios,
1204 2092 1275 2138 teste
1309 2089 1369 2152 ipso

235 2153 292 2204 slus
311 2153 345 2204 ad
363 2153 467 2204 Polluc.
486 2155 628 2206 Onomast.
644 2157 666 2220 1,
686 2157 775 2208 ruod.
827 2153 967 2206 Herodoto
987 2155 1020 2218 (Ι,
1041 2155 1113 2218 1961,
1135 2157 1246 2221 nuptias
1268 2158 1370 2222 puella-

236 2225 372 2288 Iungerm.
391 2225 548 2276 coniecerat
560 2219 646 2290 sapei.
682 2228 777 2278 Canta·
828 2237 886 2272 rum
910 2223 1019 2288 publica
1035 2226 1191 2278 venditione
1213 2243 1309 2292 parare
1328 2244 1369 2277 so-

236 2309 412 2346 murmurem
431 2293 542 2346 eundern
561 2295 660 2346 Strabo
683 2298 776 2362 attigit
827 2292 891 2342 litos
911 2307 984 2355 ουτος
1010 2296 1055 2360 qui
1078 2313 1135 2346 mos
1152 2313 1212 2347 cum
1229 2297 1256 2346 in
1275 2299 1369 2348 desue-

235 2361 310 2416 xvi.
329 2380 355 2430 p.
375 2363 438 2416 1081
457 2367 479 2415 Β
498 2381 520 2414 ι.
535 2381 561 2430 p.
576 2367 626 2416 745
638 2367 701 2418 Can.
721 2368 778 2420 Nec
828 2359 948 2412 tudinem
967 2363 1095 2430 abiisset,
1119 2368 1240 2432 coepisse
1262 2365 1322 2417 illos
1339 2367 1368 2416 li·

235 2433 289 2483 8110
308 2435 441 2496 referunt,
469 2435 541 2500 quod
562 2436 591 2486 in
610 2437 716 2501 epistol,
737 2437 777 2488 10.
827 2431 877 2482 lius
907 2433 940 2482 ad
968 2440 1109 2500 quaestum
1132 2452 1243 2502 corpure
1267 2435 1366 2486 sacien-

236 2504 336 2556 remise
347 2504 477 2567 (Bamch.
490 2505 522 2567 V,
539 2503 584 2570 43)
599 2505 722 2556 mulieres
738 2507 777 2558 di.
828 2501 889 2552 dum
919 2505 1039 2569 adigerc3
1072 2505 1133 2556 inde
1163 2507 1266 2556 demum
1294 2505 1366 2556 banc

237 2577 334 2622 cuntur
352 2571 496 2637 θυμιῶσαι
514 2566 548 2624 τὰ
560 2574 666 2640 πίτυρα
682 2593 705 2626 s.
718 2580 776 2642 snr-

233 2645 307 2707 sures
313 2645 446 2710 surripere.
466 2643 544 2694 Conl.
555 2647 651 2710 Hsyne
663 2648 690 2696 in
700 2649 776 2698 Com·

236 2719 362 2764 montell.
382 2729 440 2764 soc.
459 2714 581 2780 Gotting.
602 2717 675 2767 XVI.
696 2733 722 2782 p.
741 2719 772 2770 31

236 2799 293 2849 seq.
329 2786 467 2836 Muenler:
490 2783 542 2834 Die
564 2785 651 2849 Relipr.
678 2787 704 2838 d.
725 2787 776 2838 Ba·

234 2855 326 2920 bylon.
349 2869 412 2920 pag.
432 2855 475 2903 ll.
501 2859 559 2905 not.
582 2856 605 2906 l.
643 2857 776 2908 Erecen-

235 2925 351 2975 tionibus
375 2926 472 2974 loann.
498 2923 650 2988 Speuccrus
675 2927 774 2994 (lisga.

233 2993 333 3046 Hebrr.
353 2995 376 3056 Ι,
396 2993 422 3043 8.
443 3010 504 3058 pag.
525 2995 586 3056 257)
605 2995 719 3048 similem
736 2997 775 3048 lu·

234 3065 374 3114 strationis
385 3065 464 3114 ritum
478 3064 549 3128 opud
557 3065 696 3116 Hebraeos
705 3083 775 3118 com·

235 3140 366 3183 memorat
389 3137 416 3183 et
433 3139 576 3197 utrumque
593 3151 625 3184 ex
648 3137 774 3202 Aegypto

235 3203 359 3254 arcessit.
398 3201 459 3254 Vid.
482 3203 583 3254 Herod.
609 3205 646 3266 ll,
669 3205 703 3255 ut
724 3207 774 3256 ibi·

235 3286 287 3335 que
310 3277 380 3322 nott.
424 3273 555 3322 Graecum
580 3275 607 3324 in
631 3273 673 3326 his
697 3291 773 3341 prae·

235 3346 341 3406 ceptum
368 3341 553 3406 suppeditabit
581 3343 717 3397 Hesiodus
745 3347 774 3398 iu

236 3413 306 3478 Opp.
331 3417 358 3462 et
382 3413 416 3464 D.
442 3411 502 3472 734,
525 3412 560 3462 ad
584 3429 662 3477 quem
684 3416 772 3466 locum

233 3479 362 3534 nonnullo
382 3481 436 3532 elia
456 3481 508 3532 hnc
527 3483 659 3534 facientia
672 3487 774 3536 odacri-

233 3553 289 3615 psit
312 3553 444 3604 Graevius
469 3551 498 3599 in
526 3553 615 3602 Lectt.
641 3552 771 3605 llcsiodd.

232 3637 294 3686 cap.
314 3621 355 3673 lu.
389 3621 535 3688 Egregium
557 3623 697 3686 Theanus,
722 3627 774 3689 Py-

232 3691 389 3756 thagoricae
407 3689 542 3752 mulieris,
561 3695 772 3756 responsionem,

233 3773 293 3810 cum
317 3761 349 3810 dc
371 3761 413 3812 his
432 3761 658 3826 interrogaretur,
683 3779 773 3814 serva-

232 3830 273 3879 vit
301 3830 435 3882 Stobaeus
464 3829 491 3878 in
513 3829 634 3882 Sermon.
658 3833 772 3884 Lxxn.

232 3915 259 3962 p.
284 3899 335 3948 4-13
357 3899 420 3950 cell.
444 3899 561 3964 Diogen.
580 3901 672 3952 Laert.
690 3903 771 3966 VIII,

234 3967 268 4018 43
286 3968 352 4032 ibiq.
371 3967 481 4033 Menag.

398 4139 463 4189 Car.
486 4139 604 4190 CXCIX.

261 4230 298 4288 ‘0
317 4231 346 4288 di
372 4231 408 4306 δὴ
428 4239 572 4304 αἴσχιστος
593 4239 649 4290 τῶν
674 4235 770 4306 νόμων

231 4297 288 4358 dori
306 4323 332 4358 τι.
351 4324 374 4358 τ.
393 4307 430 4372 1.]
450 4308 526 4370 Quae
546 4307 630 4359 refert
652 4308 703 4362 boc
727 4325 769 4362 eu-

827 2587 886 2622 esse
909 2579 997 2624 ortum
1017 2591 1129 2638 morem,
1153 2591 1185 2624 er
1209 2590 1260 2639 quo
1281 2575 1367 2640 pudo·

825 2643 862 2693 ris
881 2643 1014 2706 primitius
1037 2644 1103 2695 deae
1122 2645 1155 2694 ad
1173 2644 1300 2708 templum
1320 2645 1367 2694 ob-

826 2711 961 2764 tulissent.
1009 2713 1074 2764 Cum
1097 2715 1167 2764 enim
1189 2713 1284 2779 puellis
1308 2730 1366 2764 cor-

826 2797 891 2847 pore
905 2783 1043 2850 vulgando
1052 2784 1101 2834 dos
1119 2785 1216 2834 luisset
1233 2783 1364 2848 paranda,

825 2854 964 2904 insontem
984 2869 1044 2904 csse
1067 2853 1309 2922 opportunitatem,
1335 2861 1365 2904 ut

825 2929 967 2988 quaestum
992 2925 1092 2974 maiore
1120 2941 1180 2974 cunr
1207 2924 1318 2974 liuentis
1339 2929 1366 2974 et

826 2993 955 3056 opimiore
967 2994 1089 3043 mercede
1102 2994 1236 3054 incerere
1252 2993 1287 3044 ad
1298 2999 1365 3044 tem-

824 3061 897 3126 plum
909 3063 971 3114 illas
984 3063 1155 3126 consedisse,
1175 3065 1301 3116 instituto
1314 3065 1365 3114 hoe

824 3133 922 3198 quippe
940 3134 967 3182 in
985 3133 1142 3198 religionem
1160 3149 1253 3198 verso,
1273 3141 1303 3184 ut
1315 3135 1366 3185 Ve-

825 3203 883 3251 neri
901 3217 998 3267 corpus
1015 3217 1091 3252 suum
1116 3219 1275 3254 consecrare
1292 3204 1365 3254 vide-

824 3277 917 3322 rentur
941 3271 1054 3336 puellae.
1089 3273 1168 3322 Cunl.
1187 3289 1250 3340 pag.
1269 3273 1311 3324 uu.
1330 3270 1362 3324 31

824 3339 842 3389 l.
862 3340 881 3392 1.
918 3343 994 3404 Quae
1012 3348 1125 3392 eatenus
1145 3343 1253 3394 dubitat
1266 3345 1365 3394 Heere·

824 3411 884 3459 nius
902 3409 995 3474 (Idcen
1007 3411 1029 3472 1,
1046 3415 1071 3461 ⁸2.
1086 3429 1112 3478 p.
1127 3411 1178 3462 204
1191 3411 1273 3478 sem),
1293 3412 1365 3478 qnod

825 3479 860 3529 ad
876 3482 1039 3530 matrimonii
1063 3497 1095 3532 nc
1114 3483 1269 3546 nuptiarum
1287 3483 1364 3548 quasi

824 3550 902 3599 initia
929 3551 1007 3601 unice
1035 3552 1170 3602 referatur
1197 3553 1284 3617 turpis
1308 3554 1364 3603 iste

825 3633 896 3679 mos;
916 3621 974 3684 ipse
992 3621 1080 3684 magis
1098 3620 1133 3670 ud
1153 3622 1306 3672 commercii
1323 3638 1364 3672 ra·
1405 3649 1409 3666 ·

823 3690 911 3739 tiones
941 3696 968 3740 et
997 3691 1133 3740 hominum
1162 3692 1363 3756 peregrinorum

823 3758 1036 3822 multitudinem,
1060 3759 1105 3825 qui
1131 3761 1159 3809 in
1184 3763 1276 3812 urbem
1301 3777 1364 3810 con·

824 3829 949 3880 fluxerint
978 3843 1037 3878 eam
1066 3832 1153 3893 ipsum
1180 3831 1214 3880 ob
1244 3846 1365 3891 causam,

824 3897 890 3947 illud
908 3897 1003 3948 referri
1026 3914 1106 3962 posse
1127 3899 1274 3951 existimat.
1311 3901 1364 3949 Ne-

823 3981 876 4031 que
896 3967 1004 4018 emnino
1027 3983 1041 4016 e
1064 3969 1200 4032 curruptis
1217 3969 1364 4032 Babyloni-

821 4051 896 4084 orum
915 4036 1033 4086 moribus
1045 4053 1192 4102 eorumque
1205 4039 1362 4088 libidinibus

822 4103 892 4154 hune
917 4121 1017 4155 morem
1048 4107 1178 4171 explicari
1210 4123 1290 4172 posse
1314 4112 1363 4156 aut

822 4174 939 4238 origines
958 4177 1072 4239 cepisse,
1086 4177 1184 4240 quivis,
1200 4193 1241 4227 me
1253 4177 1296 4228 vel
1309 4193 1363 4226 non

821 4243 1062 4307 animadvertente,
1078 4247 1187 4296 sentiet.
1218 4245 1260 4296 Ad
1275 4247 1363 4310 ipsam

820 4312 890 4361 eninr
910 4309 1065 4377 religionem
1085 4327 1239 4380 pravasque
1258 4314 1291 4364 de
1310 4315 1362 4366 dlis
