3086 4952
253 309 315 373 276
682 311 951 374 HERODOTI

253 479 338 552 ἄνευ
351 477 414 570 γὰρ
429 479 471 571 δὴ
486 481 594 571 μάγον
608 481 649 553 od
663 505 724 573 σφι
737 484 838 574 νόμος
853 486 922 554 ἐστὶ
943 491 1067 564 θυσίας
1086 485 1271 554 ποιέεσθαι.
1310 485 1381 554 ἐπι-

254 583 345 673 σχών
358 585 395 654 dl
409 581 524 672 ὀλίγον
536 587 676 676 χρόνον,
691 585 895 678 ἀποφέρεται
909 583 927 658 ὁ
940 587 1049 668 θύσας
1062 586 1103 657 τὰ
1116 592 1213 678 κρέα,
1231 587 1287 656 καὶ
1302 591 1381 677 χρᾶ-

188 694 323 775 133ται,
340 682 370 757 ’ὅ
394 716 426 757 τι
452 718 511 778 μιν
531 685 548 760 ὁ
574 688 670 779 λόγος
689 695 803 780 αίρὲει.
839 687 985 781 Ἡμίρην
1006 692 1044 762 dl
1063 687 1221 762 ἁπασέων
1241 691 1382 780 μάλιστα

254 796 388 881 ἐκείνην
407 799 507 882 τιμᾶν
530 802 720 883 νομίζουσι,
749 801 790 885 τῇ
811 797 947 875 ἕκαστος
967 798 1109 883 ἐγένετο.
1150 797 1188 866 ίν
1213 793 1317 883 ταύτῃ
1345 793 1382 863 dl

178 936 183 947 ·
254 899 343 966 πλέω
359 901 456 965 δαῖτα
468 903 536 968 τῶν
549 894 662 968 ἄλλων
679 903 844 968 δικαιεῦσι
859 906 1098 986 προτίθεσθαι·
1116 902 1154 968 ἐν
1166 903 1207 991 τῇ
1221 903 1256 968 οἱ
1267 895 1380 968 εὐδαί-

253 1027 352 1089 μονες
366 997 480 1070 αὐτῶν
500 1005 585 1090 βοῦν
605 1003 660 1074 καὶ
674 1007 778 1073 ἵππον
797 1002 853 1071 καὶ
872 1000 1022 1092 κάμηλον
1036 1005 1092 1072 καί
1106 1000 1186 1074 ὄνον
1201 1004 1380 1091 προτιθέα-

253 1131 306 1172 ται
314 1155 323 1190 ,
345 1099 443 1184 ὅλους
456 1100 578 1186 ὀπτοὺς
593 1108 630 1177 ἐν
644 1113 829 1196 καμίνοισι·
848 1109 883 1176 oi
895 1106 931 1175 dl
946 1110 1085 1196 πένητες
1098 1103 1212 1176 αὐτῶν
1225 1103 1266 1174 τὰ
1280 1101 1383 1175 λεπτὰ

286 1295 355 1356 ἄνευ
376 1297 429 1369 γὰρ
447 1297 483 1370 δὴ
502 1298 593 1372 μα’γου
617 1299 652 1356 οὔ
676 1321 726 1372 σφι
745 1298 792 1358 νό-
842 1322 900 1358 rere
919 1306 1019 1372 poterit
1045 1308 1133 1358 oratio
1151 1307 1280 1370 articulo,
1305 1323 1383 1372 quem

252 1389 305 1439 μος
325 1367 382 1426 ἐστὶ
405 1373 510 1434 θυσίας
533 1372 695 1443 ποιέεσθαι]
724 1377 793 1427 Con·
843 1377 965 1428 additum
983 1391 1089 1442 quoqne
1109 1378 1259 1428 invenimus
1278 1377 1320 1440 11,
1340 1376 1382 1427 33.

252 1451 308 1494 stet
326 1446 417 1495 omnia
435 1461 513 1495 sacra
531 1451 587 1496 tum
606 1447 714 1512 publica
735 1452 792 1496 tum
843 1447 906 1509 vn,
924 1448 968 1498 41.
1003 1446 1065 1496 Alia
1084 1447 1160 1497 dabit
1174 1447 1265 1498 Ueteri
1277 1447 1311 1496 ad
1323 1445 1384 1496 Plu-

252 1514 360 1577 privata
383 1514 469 1564 obiise
491 1531 584 1580 meges
616 1521 646 1566 ut
669 1517 793 1566 sacerdo·
844 1517 930 1570 taroh.
952 1515 1062 1568 Consul.
1081 1516 1117 1566 ud
1134 1517 1222 1582 Apoll.
1241 1533 1269 1582 p.
1287 1517 1331 1568 117.

252 1587 309 1632 turn
327 1583 438 1646 tribum,
463 1601 621 1650 omnemque
641 1602 728 1636 rerum
756 1587 794 1637 di·

252 1651 375 1700 vinarum
388 1655 582 1718 coguitionem,
601 1671 739 1706 sacrorum
754 1661 794 1706 at·

253 1735 305 1785 qne
331 1719 420 1770 cultus
455 1739 546 1774 curam
578 1740 659 1789 penes
685 1726 793 1776 eosdem
994 1689 1061 1740 ΟΠ·
1079 1689 1235 1741 CXXXIII*

252 1790 347 1840 fuisse.
388 1789 421 1838 Id
447 1794 518 1855 quod
541 1800 603 1859 pest
625 1797 793 1846 Herodotum
873 1781 997 1857 Ἡμίρην
1019 1789 1051 1842 dl
1069 1783 1202 1842 ἁπασέων
1219 1784 1336 1858 μάλιστα
1358 1807 1383 1843 κ.

252 1859 360 1926 plurimi
395 1863 530 1911 testantur
565 1865 724 1929 scriptores,
760 1866 793 1916 de
844 1860 927 1928 τ.1.]
961 1864 1051 1914 Locus
1074 1863 1219 1926 classicus,
1246 1863 1281 1912 ab
1304 1864 1386 1914 Athe·

254 1930 352 1994 quibus
376 1929 448 1979 coni.
474 1930 640 1984 Brissoninm
663 1936 680 1986 l.
705 1936 723 1986 l.
754 1937 792 1986 Il.
844 1948 912 1984 naec
931 1933 980 1982 lv,
999 1949 1025 1998 p.
1047 1931 1141 1983 143F.
1160 1934 1241 2000 P·,ss2
1259 1933 1384 1998 Sohwgb.

254 2003 279 2062 ξ.
299 2001 332 2050 52
348 2013 422 2062 seqq.
845 2003 1011 2066 exscriptus,
1041 2003 1074 2052 de
1101 2003 1192 2054 Persis
1217 2003 1286 2053 diem
1310 2009 1386 2053 nata-

287 2059 462 2130 ἀποφέρεται
490 2056 504 2114 ὁ
530 2058 624 2125 θύσας
651 2063 685 2120 τὰ
714 2068 791 2139 κρέα]
843 2073 896 2123 lem
924 2071 1133 2123 celebrantibus.
1174 2073 1305 2124 Addimus
1337 2073 1384 2130 1x.

255 2137 333 2188 Cous·
358 2151 417 2186 cum
441 2135 514 2184 hisce
538 2136 679 2186 Strebonis
705 2142 793 2192 locum
847 2141 905 2203 110,
924 2142 971 2194 ubi
989 2142 1145 2194 Herodotus
1163 2141 1239 2208 plura
1258 2144 1291 2193 de
1306 2144 1385 2204 sesto,

226 2201 232 2214 '
254 2221 336 2270 supra
361 2205 517 2266 laudatum,
547 2219 579 2253 ex
607 2221 659 2270 quc
684 2223 793 2262 oausam
845 2212 917 2278 quod
943 2212 1015 2278 regis
1039 2213 1083 2262 die
1108 2213 1195 2264 natali
1225 2213 1387 2264 celebratur.

254 2276 334 2326 huius
350 2275 433 2324 morit
449 2273 585 2323 discimus·
612 2274 730 2338 Magum,
749 2283 794 2344 qui
846 2281 908 2332 Alia
931 2283 1118 2348 suppeditabit
1135 2285 1257 2334 Brisson.
1278 2283 1310 2332 de
1328 2299 1386 2348 reg.

254 2361 361 2396 sacrum
379 2348 507 2409 peraget,
533 2343 637 2393 hostiae
661 2351 796 2398 mactatae
846 2351 921 2400 Pers.
940 2353 1026 2416 prino.
1045 2353 1068 2415 Ι,
1087 2355 1130 2402 42.
1151 2351 1386 2414 11,70c011.135.

254 2414 376 2480 singulas
398 2421 489 2478 partes
513 2413 607 2462 scribit
636 2414 797 2466 distribuere
848 2421 894 2469 Gr.
923 2421 1014 2471 addit:
1042 2421 1225 2487 Olympiodor.
1254 2421 1283 2470 iu
1309 2421 1387 2471 Conr-

254 2486 303 2545 iis,
324 2483 667 2550 quisaorisinterfnerint;
686 2485 797 2548 quiiam
847 2493 929 2536 ment.
958 2493 993 2542 ad
1019 2491 1127 2542 Platon.
1157 2489 1243 2541 Alcib.
1271 2506 1297 2554 p.
1326 2490 1384 2539 157.

256 2554 388 2605 abeuntes
411 2569 488 2603 suam
508 2553 621 2618 quisque
635 2559 741 2618 partem
760 2569 800 2604 se·
850 2555 965 2607 Gibbcu.
976 2560 1129 2610 Gesohiebt.
1142 2560 1168 2610 d.
1179 2559 1254 2610 Veri.
1267 2559 1293 2609 d.
1306 2559 1385 2610 Rom.

256 2624 472 2685 sumendorum,
497 2623 573 2673 nulla
595 2623 646 2673 diis
666 2629 743 2689 parte
759 2639 799 2674 re·
850 2623 883 2673 R.
902 2641 961 2689 cap.
974 2627 1045 2678 XIX.
1064 2630 1154 2695 (Tam.
1171 2629 1219 2680 IV.
1236 2643 1301 2694 pag.
1313 2627 1386 2692 ³02).

255 2693 332 2745 licta.
368 2695 455 2744 Deum
481 2693 551 2742 euim
570 2693 654 2758 (hane
675 2694 799 2744 nimirum
850 2691 979 2745 Chardin.
998 2695 1109 2765 chsge
1132 2715 1165 2750 en
1183 2701 1260 2750 Pers.
1280 2700 1313 2750 T.
1333 2697 1387 2749 ΙΙΙ.

255 2763 309 2814 1111ε
329 2779 389 2813 esse
408 2764 621 2828 persuasionem)
645 2763 712 2812 nihil
731 2763 800 2814 velle
850 2776 913 2827 pag.
929 2761 972 2813 90.
1003 2765 1074 2816 llam
1091 2785 1140 2820 nee
1161 2775 1272 2835 postera
1298 2773 1388 2820 aetate

255 2837 363 2900 praeter
383 2833 489 2884 hostiae
514 2833 640 2882 animam.
674 2833 751 2896 Quod
776 2833 798 2882 si
851 2831 886 2882 ab
905 2846 936 2881 eo
955 2847 1028 2882 more
1042 2836 1141 2890 Persae
1161 2840 1389 2891 desciverunt.-

255 2919 348 2954 verum
370 2909 425 2964 est,
457 2902 569 2952 multum
596 2902 671 2952 valet
694 2903 730 2952 ad
752 2918 798 2952 no·
850 2901 884 2950 ln
896 2916 971 2966 seqq.
985 2917 1032 2966 pro
1043 2896 1197 2958 τῶνᾶλλων
1208 2911 1283 2976 (post
1295 2906 1388 2974 δαῖτα)

256 2979 341 3024 strum
363 2973 396 3025 de
413 2975 556 3023 Persarum
581 2972 711 3038 religione
730 2971 798 3022 iudi·
850 2971 967 3022 Bredas.
988 2987 1014 3035 p.
1035 2971 1086 3024 223
1103 2979 1204 3028 mavult
1222 2981 1315 3045 reponi
1332 2977 1390 3028 τῶν

256 3045 336 3094 cium.
368 3043 463 3094 Rhode
478 3043 510 3107 (l.
523 3041 540 3092 l.
560 3057 622 3108 pag.
640 3042 692 3094 5015
709 3045 797 3106 seqq.)
850 3031 965 3090 ἀλλέων.
1213 3038 1216 3044 ’

256 3118 330 3163 recte
362 3113 390 3162 in
418 3113 460 3161 his
492 3127 624 3162 summum
652 3112 798 3162 discrimen
885 3100 916 3159 ἐν
935 3107 970 3176 τῇ
989 3101 1018 3157 οἱ
1033 3100 1200 3174 εὐδαίμονες
1217 3107 1311 3166 αὐτῶν
1325 3132 1351 3167 α.
1364 3133 1388 3166 τ.

257 3181 364 3231 advcrti
381 3181 453 3244 vult,
476 3181 548 3245 quod
566 3182 636 3231 inter
654 3183 797 3232 Persarum
850 3177 886 3245 1.]
907 3171 937 3229 οἷ
952 3170 1121 3242 εὐδαίμονες
1138 3184 1202 3230 sunt
1217 3184 1311 3247 diuites,
1329 3201 1390 3251 opu.

257 3256 284 3301 et
303 3251 467 3301 Graecorum
486 3265 565 3300 sacra
584 3251 715 3303 obtineat.
746 3253 798 3302 Ne·
849 3251 981 3312 lentiores,
1005 3253 1036 3299 ut
1061 3249 1134 3298 iufra
1154 3251 1190 3312 V,
1215 3247 1240 3312 8,
1265 3254 1311 3304 ubi
1334 3256 1388 3306 vid.

257 3335 309 3385 que
328 3321 398 3370 enim
411 3321 512 3370 Persae
528 3320 567 3368 ita
585 3322 724 3373 utGracci
743 3322 799 3371 ani·
850 3323 920 3372 nott.
955 3319 1048 3369 Latini
1067 3318 1156 3370 beatos
1175 3318 1321 3384 appellunt
1358 3325 1390 3374 in

256 3389 310 3440 mal
329 3394 458 3454 tanquam
476 3389 615 3440 victimam
636 3391 686 3441 deo
707 3391 799 3442 offere·
850 3405 926 3456 seqq.
944 3389 980 3440 ad
992 3389 1106 3438 formam
1119 3384 1308 3452 προτιθέαται
1320 3393 1390 3442 ocni.

255 3459 323 3510 bant
341 3458 456 3524 indeque
472 3475 580 3510 caesam
596 3461 733 3512 victimam
752 3465 800 3511 ant
849 3459 967 3510 Bredov.
986 3475 1012 3524 p.
1034 3457 1094 3510 329.

256 3530 373 3594 optimas
390 3529 510 3580 eiusdem
529 3534 619 3595 partes
643 3531 694 3581 deo
713 3546 735 3580 s.
758 3545 799 3580 sa·
884 3519 1026 3578 adiuuerit
1050 3525 1108 3576 τῶν
1130 3519 1294 3595 προβάτων]
1322 3527 1341 3579 i.
1369 3543 1392 3577 e.

256 3599 411 3650 c'erdotibus
427 3599 627 3664 relinquebant,
649 3600 697 3650 sed
715 3601 801 3664 preci·
851 3615 924 3663 oues,
948 3613 1056 3662 coprus,
1079 3611 1196 3660 oruueque
1212 3613 1291 3660 pecus
1307 3601 1394 3660 micros,

255 3669 307 3719 bus
339 3670 420 3720 iactis
450 3685 531 3734 reque
566 3670 659 3719 divina
689 3675 801 3734 peracta
851 3669 884 3718 du
909 3685 979 3718 uena
1002 3668 1091 3728 berall,
1121 3671 1153 3716 ut
1176 3665 1247 3718 Galli
1270 3667 1394 3717 reddunt.

256 3738 355 3789 animal
370 3753 480 3790 caesum
498 3739 526 3789 iu
546 3754 610 3788 suos
622 3740 723 3805 quique
733 3755 800 3791 usus
851 3737 954 3789 Eadem
972 3738 1073 3788 locutio
1097 3736 1168 3786 inira
1187 3737 1270 3798 VIII,
1290 3737 1338 3788 137
1356 3742 1397 3815 ut:

255 3807 430 3859 adhibebant.
445 3838 480 3848 -
496 3809 529 3858 In
544 3809 632 3860 verbis
643 3825 718 3874 seqq.
734 3807 800 3874 χρᾶ-
852 3823 904 3874 qne
929 3810 969 3858 sio
992 3807 1049 3858 iere
1070 3807 1223 3857 Pausanias
1248 3807 1301 3868 IX,
1320 3807 1336 3858 3
1361 3821 1397 3854 τα

255 3891 316 3937 ται,
340 3865 399 3926 ὅτι
417 3893 467 3942 μιν
491 3869 506 3928 ὁ
526 3871 608 3942 λόγος
632 3873 720 3942 αίρέει
741 3877 801 3942 (uti-
853 3869 1004 3940 λεπτότερα
1015 3875 1072 3926 τῶν
1082 3868 1243 3942 προβάτων.
1271 3876 1397 3940 Namque

256 3955 310 4008 tur,
328 3949 414 4010 prouti
429 3950 495 3998 ratio
512 3946 655 4010 εἰσεποίει)
673 3949 801 3999 revocari
849 3947 987 3997 veteribus
999 3949 1103 4012 quaevis
1110 3961 1214 4008 pecora,
1229 3945 1300 3995 inter
1317 3945 1397 3996 eden-

257 4029 317 4064 cum
355 4021 470 4067 recentt.
506 4017 567 4068 edd.
602 4017 746 4068 articulum
773 4009 798 4082 ὁ,
851 4016 913 4066 dum
933 4022 1050 4081 quatuor
1061 4015 1175 4081 pedibus
1189 4011 1394 4078 προβαίνοντα,

257 4098 335 4148 quem
360 4083 513 4136 Florentini
542 4087 603 4139 cod.
633 4088 800 4138 anctoritate
850 4078 978 4151 πρόβατα
997 4085 1166 4136 dicebantur.
1196 4085 1265 4136 Sunt
1280 4084 1397 4134 Valolrc-

256 4151 394 4204 deleverat
407 4155 544 4207 Gaieiord.
565 4172 699 4224 quemque
717 4157 800 4208 etiam
831 4155 921 4204 'narii
939 4155 1021 4205 verba
1038 4155 1073 4205 ad
1092 4154 1193 4206 Herod.
1213 4155 1262 4214 IV,
1281 4153 1330 4216 61,
1348 4153 1397 4204 ubi

256 4221 318 4272 aliis
342 4222 409 4272 locis
430 4225 500 4288 (llI,
521 4229 564 4277 45.
592 4229 645 4289 IV,
665 4227 725 4279 127.
748 4227 799 4288 VI,
850 4229 935 4276 testes
949 4225 1068 4276 Graecos
1087 4225 1167 4274 huius
1186 4222 1396 4288 significationis

256 4291 332 4355 124.)
347 4293 442 4343 abesse
454 4295 546 4358 video,
567 4297 594 4345 in
614 4297 712 4361 quibus
730 4297 799 4347 bene
851 4294 970 4344 adiicere
993 4294 1065 4344 haud
1092 4293 1221 4360 neglexit.
1257 4291 1336 4344 Cotti.
1354 4293 1397 4342 in-

255 4361 466 4428 abessepotest;
486 4365 597 4416 scdhoc
613 4363 674 4416 loco
692 4365 739 4416 vix
756 4381 800 4416 aa·
851 4363 894 4414 ira
911 4365 939 4426 1,
960 4363 1010 4416 188
1028 4363 1087 4414 init.
1108 4363 1172 4426 208,
1201 4361 1299 4428 quibus
1326 4361 1396 4414 locis
