3064 4940
206 293 265 357 102
345 319 348 324 ·
631 285 899 349 HERODOTI

203 477 326 539 λαντον
340 469 480 536 ἕκαστον
493 467 648 549 ἕλκοντα,
669 461 709 532 τὰ
729 462 767 532 dt
785 460 869 531 ditor
885 455 1088 548 ἡμιπλίνθια
1108 461 1232 526 λευκοῦ
1254 481 1334 542 χρυ-

117 653 121 658 ’
203 670 328 734 3341eq.
352 667 428 718 Idem
446 665 479 715 de
499 669 659 730 argumento
682 680 744 715 con·
794 663 895 728 singuli
912 661 1014 712 babent
1030 658 1198 711 semilateres
1216 660 1275 710 auri
1293 659 1338 710 de-

203 739 255 790 suli
268 739 344 789 iubet
357 735 522 800 peculiarem
533 736 662 801 Wagneri
680 735 744 785 scri·
795 735 880 794 cocti,
906 747 1023 798 aequare
1049 730 1089 780 eit
1117 730 1177 790 233,
1201 731 1252 781 372
1274 729 1335 780 libr.

202 810 322 874 ptionem
352 809 384 858 de
419 805 512 856 Croesi
541 805 743 870 hemiplinthiis,
794 800 1338 868 Boruss.specificumqueutdicuutpon-

202 881 332 929 insertam
348 876 483 928 Mercurio
494 877 572 926 Novo
584 875 744 927 Germanico
795 875 845 924 dua
861 874 941 924 huius
961 871 1019 923 auri
1036 871 1099 922 inde
1113 871 1225 922 deducit
1241 891 1277 918 ε
1296 871 1337 933 13,

204 949 280 1001 1802.
299 947 428 999 Decemb.
447 962 473 1010 p.
493 945 558 1008 295,
577 961 630 1010 qua
648 945 744 1010 proba·
795 944 856 996 206.
888 946 982 1010 Neque
1011 958 1075 992 vero
1106 942 1215 992 omnino
1243 957 1337 1005 parum

202 1023 247 1069 tur
264 1034 310 1080 ea,
334 1033 414 1083 quam
438 1015 573 1079 dedimus,
593 1017 645 1067 loci
663 1017 744 1066 inter·

202 1089 329 1154 pretatio.
359 1088 446 1150 Quam
469 1086 580 1137 eandem
604 1087 683 1138 unice
700 1102 744 1136 ve-

202 1173 261 1209 ram
282 1157 442 1224 pronuntiet
468 1156 613 1208 Voelclrer.
639 1154 678 1220 (in
699 1157 743 1214 iis,

203 1243 272 1298 quae
306 1228 410 1293 scripta
442 1225 505 1278 olim
535 1227 745 1278 communicarit

203 1315 263 1349 curn
276 1296 433 1358 Crenaero),
448 1298 471 1346 si
486 1297 593 1362 quidem
611 1296 698 1346 solido
712 1311 744 1345 ex

202 1385 269 1420 auro
286 1369 403 1418 inissent
420 1367 528 1426 lateres,
542 1366 640 1430 quippe
653 1380 745 1414 omnes

203 1453 282 1502 pares
306 1442 334 1487 at
356 1435 543 1500 magnitudine
567 1440 594 1483 et
615 1433 742 1497 pondere.

203 1506 256 1557 Sed
275 1505 327 1554 boc
345 1505 432 1568 ipsum
451 1518 484 1552 ox
500 1501 632 1552 Herodoti
654 1501 743 1550 verbis

203 1574 274 1624 ellici
291 1587 372 1636 posse
394 1577 490 1634 negat,
515 1571 587 1634 apud
610 1586 688 1634 quem
706 1569 744 1618 la-

202 1649 274 1692 teres
291 1657 345 1690 non
370 1656 402 1690 ex
427 1656 492 1690 auro
516 1640 585 1702 iusi,
609 1640 657 1690 sed
679 1638 744 1689 mal·

201 1712 245 1762 leo
262 1710 338 1760 ducti
355 1726 387 1760 ex
406 1725 471 1760 auro
493 1710 606 1759 confuso
628 1708 745 1775 intelligi

203 1782 334 1841 debeant3
353 1779 425 1831 uude
442 1795 497 1830 non
515 1778 615 1830 solidos
633 1779 743 1842 lateres,

202 1851 251 1903 sed
268 1852 341 1902 intus
354 1866 436 1902 cavos
448 1864 514 1900 auro
526 1850 672 1914 purissimo
685 1855 744 1900 tan-

203 1927 260 1973 tum
278 1921 410 1972 obductos
430 1919 513 1970 luisse
531 1920 678 1970 contendit.
699 1921 744 1978 At,

203 1992 279 2042 dicat
294 1993 368 2055 quis,
386 1990 485 2040 lateres
504 1987 543 2038 illi
561 1990 657 2041 malleo
671 1990 746 2041 ducti

203 2063 226 2112 si
251 2061 311 2111 cavi
335 2065 427 2122 erant,
451 2075 516 2110 auro
545 2076 612 2125 puro
639 2065 745 2111 tentum

203 2129 327 2190 obducti,
355 2145 405 2179 nec
440 2129 519 2179 solidi
549 2131 620 2190 suri3
651 2131 746 2196 quidni

202 2201 273 2250 idem
302 2199 335 2249 de
360 2199 471 2264 reliquis
496 2199 626 2250 lateribus
654 2202 746 2251 existi-

202 2269 329 2321 mandum
356 2273 383 2319 et
415 2269 481 2333 ipsis
511 2270 608 2320 malleo
636 2271 744 2321 ductis?

202 2356 263 2390 nam
282 2338 375 2389 eodem
394 2338 474 2389 modo
491 2337 540 2388 hoe
560 2355 667 2404 quoque
691 2340 746 2390 ela·

201 2411 314 2460 boratos
332 2409 426 2470 fuisse,
445 2408 579 2460 Herodoti
596 2411 680 2460 verba
699 2410 745 2460 du·

201 2480 291 2530 bitere
310 2493 364 2528 nou
383 2479 485 2528 sinunt.

237 2547 290 2600 Sed
306 2548 360 2598 iarn
378 2548 436 2598 alia
458 2547 531 2598 baud
549 2547 606 2598 acio
631 2563 667 2596 aa
685 2563 745 2612 gra-

201 2620 261 2670 vior
278 2617 399 2669 exoritur
413 2617 561 2668 difficultas
572 2618 600 2666 in
609 2619 669 2681 ipso
681 2633 746 2681 pou-

202 2690 265 2740 dcre
283 2687 447 2744 definiend0;
472 2689 515 2738 cui
539 2687 685 2738 solvendae
703 2703 746 2736 rue

202 2757 310 2824 quidem
328 2757 401 2808 baud
419 2773 511 2822 parem
530 2773 590 2808 esse
604 2755 743 2808 confiteor.

202 2827 308 2878 Monuit
326 2829 410 2888 enim,
431 2827 485 2878 alia
500 2832 531 2876 ut
549 2827 655 2876 mittam
674 2842 691 2875 a
705 2827 744 2874 vi-

202 2899 239 2948 ris
258 2897 346 2948 doctis
367 2896 429 2947 olim
447 2895 563 2960 prolata,
581 2897 684 2947 Wurm.
700 2893 744 2960 (de

201 2967 301 3032 poudd.
325 2983 425 3018 numm.
447 2966 565 3016 rationu.
590 2969 689 3028 step.
710 2963 744 3014 49

202 3037 286 3103 not),
306 3041 363 3086 torn
382 3051 414 3086 ex
433 3037 517 3086 Attici
540 3035 616 3099 pedis
635 3035 744 3086 talenti-

203 3122 255 3170 que
281 3105 481 3169 magnitudine,
510 3109 567 3154 turn
591 3119 624 3154 ex
647 3120 679 3154 ea
705 3105 744 3154 le-

202 3176 307 3234 ctione,
331 3189 401 3238 quse
425 3172 470 3236 ²¹b
493 3173 655 3224 talentorum
680 3189 745 3238 pon-

202 3245 252 3294 dus
275 3243 370 3293 tribuit
390 3249 506 3310 quatuor
523 3244 657 3308 prioribus
680 3259 745 3308 qus-

202 3313 298 3376 dratis,
304 3313 391 3363 redire
402 3313 481 3363 nobis
491 3313 632 3374 talentum,
640 3329 673 3364 ex
684 3313 745 3363 istis

97 3411 103 3419 ·
203 3383 262 3434 anri
291 3383 408 3448 purioris
435 3383 575 3448 quadratis
606 3389 745 3448 computa·

202 3459 259 3504 tum
279 3471 315 3497 =
335 3453 385 3504 130
405 3453 491 3504 librae
507 3453 661 3514 parisinae,
681 3469 745 3518 qua-

200 3524 234 3574 lis
253 3523 499 3586 ponderis-nullum
514 3523 586 3588 apud
597 3524 743 3587 scriptores

796 1016 881 1065 luisse
898 1015 949 1064 hoc
967 1027 1062 1063 aarum
1087 1017 1195 1073 censet,
1220 1011 1267 1062 sed
1291 1012 1338 1061 ad·

797 1087 908 1136 mixtam
937 1083 1023 1132 fuisse
1061 1083 1190 1132 maiorem
1224 1081 1337 1132 aliorum

796 1154 966 1205 metallorum
979 1152 1093 1216 copiam,
1104 1167 1184 1216 qnam
1200 1151 1243 1201 vel
1258 1151 1339 1202 hodie

797 1225 824 1275 id
842 1224 899 1284 flat,
920 1224 978 1272 sive
997 1236 1109 1285 cuprum
1126 1221 1213 1270 inisse
1231 1226 1337 1272 statues

797 1295 854 1344 sive
877 1295 1031 1356 argentum:
1053 1290 1105 1340 hoc
1133 1291 1157 1340 si
1179 1306 1280 1354 ponas,
1311 1291 1339 1339 in

797 1362 912 1426 singulis
924 1359 1122 1410 semilateribus
1136 1375 1227 1423 parem
1240 1364 1268 1408 et
1280 1361 1339 1409 curi

797 1436 824 1481 et
842 1431 948 1494 argenti
965 1429 1070 1494 copiam
1088 1413 1261 1478 commIItam
1279 1445 1340 1478 esse

796 1499 942 1558 concludit,
965 1500 984 1549 i.
1014 1514 1038 1548 e.
1069 1499 1210 1562 utriusque
1235 1499 1339 1549 metalli

797 1566 838 1632 ΙΙΙ,
860 1568 1003 1619 talentum.
1032 1567 1094 1618 arbi
1122 1569 1181 1618 auri
1206 1569 1340 1620 semilate-

795 1655 848 1700 res,
872 1640 919 1705 qui
944 1639 1044 1704 singuli
1072 1639 1197 1690 binorum
1225 1639 1340 1692 talento·

795 1727 854 1761 rum
880 1709 985 1770 pondus
1005 1709 1120 1772 habent,
1145 1717 1265 1775 aequant
1287 1712 1340 1761 siu·

796 1780 854 1846 guli
879 1779 938 1841 186,
958 1779 1010 1831 668
1031 1779 1093 1832 libr.
1117 1781 1243 1840 Boruss.;
1268 1781 1340 1831 unda

796 1851 901 1916 pondus
925 1850 1080 1916 specificam
1103 1851 1193 1916 prodit
1222 1853 1263 1911 16,
1289 1852 1340 1903 613

798 1937 885 1986 eaque
903 1927 945 1971 est
964 1923 1022 1972 auri
1047 1926 1074 1972 et
1096 1923 1203 1986 arpenti
1229 1922 1267 1988 (si
1289 1923 1340 1972 hoo

797 1991 904 2043 seilicet
922 1992 1094 2057 potissimum
1118 1993 1266 2044 admixtum
1284 2007 1341 2042 crc-

798 2063 901 2120 damus,
929 2062 1000 2126 quod
1024 2061 1067 2112 rel
1095 2063 1156 2126 ipsa
1178 2063 1257 2113 huius
1282 2063 1341 2112 auri

797 2131 982 2182 denominatio
995 2131 1109 2182 suadere
1127 2132 1245 2195 ridetur)
1260 2132 1339 2190 ratio,

796 2207 827 2252 ut
845 2217 904 2251 cum
921 2199 956 2270 ¹),
974 2201 1069 2251 taient.
1091 2203 1150 2250 suri
1168 2204 1339 2252 coniunctum

797 2269 954 2336 fuerit1⁴l,
974 2271 1072 2320 taleni.
1094 2272 1210 2333 argenti.
1230 2273 1271 2321 Ex
1288 2272 1340 2321 hac

796 2341 997 2404 computatione
1015 2341 1043 2389 in
1062 2345 1178 2404 quatuor
1192 2339 1244 2388 illis
1262 2342 1340 2390 semi-

796 2409 926 2459 lateribus
957 2409 1067 2458 luerunt
1094 2410 1212 2472 quinque
1235 2409 1340 2459 talenta

795 2499 831 2528 τε
848 2479 909 2539 466,
929 2481 961 2528 11
980 2479 1042 2528 111ιι.
1061 2479 1125 2529 Βοι.
1145 2479 1205 2528 auri
1224 2479 1293 2539 puri,
1310 2479 1339 2527 in

797 2553 905 2600 centum
924 2548 1054 2598 tredecim
1072 2547 1183 2612 reliquis
1202 2549 1244 2605 22.
1262 2547 1278 2598 6
1297 2552 1338 2596 ta-

795 2619 872 2670 lenta
884 2618 1009 2674 :210st
1027 2617 1060 2666 uu
1077 2617 1138 2667 libr.
1151 2619 1224 2678 Bou,
1245 2617 1338 2682 itaque

796 2689 824 2738 iu
843 2689 966 2739 omnibus
990 2687 1067 2744 2576,
1089 2689 1122 2739 43
1144 2687 1207 2738 libr.
1226 2688 1337 2738 Bornes.

795 2759 833 2808 Ut
857 2774 922 2808 vero
942 2757 1126 2821 intelligatur,
1150 2761 1253 2820 quanta
1270 2757 1338 2808 liaeo

796 2829 878 2878 luerit
901 2827 960 2877 auri
983 2828 1077 2890 copia,
1102 2827 1178 2876 addit
1202 2827 1273 2876 idem
1295 2828 1338 2876 vir

795 2897 891 2948 doctus
915 2897 1145 2961 computationem
1174 2913 1207 2946 ex
1238 2913 1271 2946 ea
1296 2913 1338 2946 ra-

794 2968 869 3017 tione
887 2967 1070 3028 ductamque
1084 2967 1111 3015 in
1129 2967 1231 3017 nostris
1249 2967 1337 3018 numis

796 3037 894 3100 aureis,
914 3037 960 3101 qui
981 3053 998 3086 a
1015 3036 1154 3087 Friderico
1177 3053 1275 3088 nomen
1292 3053 1337 3096 ue·

795 3111 867 3164 runt,
886 3123 979 3157 aurum
999 3106 1148 3157 admixtum
1161 3107 1244 3158 habet
1263 3107 1337 3158 aliud

795 3176 952 3232 metallum,
975 3177 1133 3241 invenitque
1165 3179 1211 3238 „in
1243 3177 1337 3228 Croesi

795 3246 994 3297 semilateribus
1024 3252 1130 3296 tautum
1163 3247 1248 3298 fuisse
1279 3248 1337 3298 auri

794 3317 871 3381 puri,
890 3318 1065 3380 quantumin
1084 3316 1135 3367 166
1151 3319 1202 3368 712
1220 3317 1337 3367 Frideri-

795 3388 834 3437 cis
851 3387 971 3437 aurcis.“
1004 3387 1073 3437 Utut
1086 3387 1119 3435 de
1130 3386 1172 3436 his
1189 3387 1295 3445 statuis,
1309 3385 1336 3434 id

795 3456 861 3506 mihi
880 3458 947 3506 satis
959 3461 1061 3506 certum
1079 3456 1195 3516 videtur,
1206 3470 1334 3504 summam

794 3526 839 3576 hic
850 3527 910 3576 auri
920 3527 1080 3590 argentique
1089 3525 1175 3574 inisse
1187 3525 1251 3582 vim,
1265 3538 1335 3571 sum-

200 3594 328 3658 antiquos
336 3594 487 3658 reperiatur
497 3593 640 3644 talentum!
653 3595 743 3656 Quare
794 3611 907 3660 masque
929 3595 1022 3645 Croesi
1050 3610 1083 3643 ac
1108 3593 1245 3656 Lydorum
1269 3591 1336 3638 divi-

200 3663 244 3713 rel
260 3664 289 3713 iu
306 3665 424 3714 numeris
443 3669 584 3728 peccatum
600 3678 660 3712 esse
679 3679 695 3712 a
712 3663 744 3712 li·
794 3667 857 3723 tias,
876 3669 907 3714 nt
932 3667 959 3713 iu
983 3663 1151 3724 proverbium
1174 3661 1236 3710 illas
1260 3660 1335 3710 abire

201 3734 312 3795 brariis,
329 3734 372 3782 vel
396 3733 430 3782 de
452 3733 548 3782 talenti
569 3733 744 3796 palaestaeve
794 3733 1033 3796 petuisseminime
1049 3733 1085 3780 sit
1098 3731 1203 3780 mirum.
1222 3731 1258 3780 Hi
1270 3747 1335 3780 vero

201 3818 300 3864 ponere
320 3803 435 3867 quodam
453 3802 532 3850 nobis
557 3802 651 3867 ignoto
669 3801 745 3866 loqui
794 3805 894 3854 lateres
919 3802 1017 3862 integri
1041 3804 1175 3850 steterunt
1197 3816 1283 3858 usque
1301 3801 1336 3850 sd

201 3871 369 3922 Herodotum
401 3871 550 3921 existimat.
586 3870 653 3922 Mihi
680 3887 744 3920 neu·
794 3873 893 3923 bellum
920 3869 986 3921 illud
1014 3871 1194 3922 Phoceusium
1227 3871 1334 3936 Olymp.

201 3947 271 3991 trum
286 3941 385 4005 placet.
406 3939 460 3989 Sed
477 3939 601 4001 alierum,
621 3955 691 4005 quae
711 3941 744 3990 de
795 3942 897 3993 CVIII.
920 3946 1040 4002 aestum:
1065 3945 1122 3991 tum
1145 3942 1215 3992 enim
1239 3958 1336 3993 aureos

200 4011 243 4060 his
269 4009 412 4060 coustituit
433 4009 467 4058 li.
491 4009 593 4060 Jacobs
616 4010 643 4058 in
668 4011 742 4060 Dies.
793 4013 893 4062 lateres
913 4015 1020 4062 centum
1042 4012 1140 4077 viginti
1158 4013 1281 4062 binorum
1296 4019 1336 4062 ta·

202 4081 236 4128 de
262 4079 394 4128 mensuris
423 4078 555 4128 Herodoti
585 4095 611 4142 p.
639 4079 656 4130 8
685 4095 742 4144 seq.
794 4082 927 4132 lentorum
956 4081 1074 4147 pondero
1104 4097 1120 4132 a
1150 4082 1334 4150 Plrooeqsibns

203 4150 255 4210 Qui
269 4147 303 4196 de
319 4146 486 4211 Babylonico
505 4146 608 4196 talento
628 4145 672 4210 (de
690 4165 743 4213 quo
795 4152 902 4202 ablatos
924 4157 952 4203 et
974 4151 1008 4203 ud
1033 4157 1156 4202 monetae
1176 4167 1254 4200 usum
1273 4165 1335 4199 con-

202 4217 239 4267 ci.
262 4215 382 4266 Boeclrb.
410 4215 554 4278 Metrolog.
578 4217 742 4270 Untersneh.
794 4223 875 4272 flatos
904 4238 964 4272 csse
992 4223 1086 4272 scribit
1103 4219 1238 4270 Diodorus
1260 4217 1333 4278 XVI,

202 4303 228 4350 p.
247 4289 282 4338 45
305 4283 395 4350 seqq.)
417 4284 462 4336 bic
487 4285 661 4350 cogitandam
684 4303 744 4338 esse
795 4292 838 4344 56.
868 4293 998 4358 additque
1023 4292 1093 4341 idem
1120 4289 1253 4340 eccidisse
1282 4293 1334 4338 tre-

202 4359 277 4408 ratus
296 4355 401 4423 pondus
415 4351 462 4424 2¹12
470 4355 647 4420 talentorum,
672 4357 744 4422 quod
795 4363 882 4414 centis
895 4363 1039 4427 sexaginta
1047 4357 1145 4425 phialis
1160 4359 1335 4424 aureis,quao
