3020 4930
359 365 370 388 ,
480 313 546 376 AD
570 313 825 376 HERODOT.
846 315 888 389 II,
911 321 972 376 124.
1229 312 1290 375 877

285 487 312 538 J.
328 488 357 542 8.
377 488 510 560 Perrs'ug‚
531 488 598 540 with
614 488 743 542 slretcbes
758 488 841 542 taken
858 507 892 542 on
914 489 960 541 the
978 489 1042 558 spot
1053 487 1092 554 ,by
1108 489 1141 542 E.
1158 490 1292 542 Andrsue.

286 570 404 624 London
422 576 491 630 1838
505 575 536 626 ff.
554 573 626 626 nol..
643 575 685 626 111
700 574 798 626 Partes
806 571 835 641 *)

200 658 227 711 J.
245 657 365 711 Bunsen:
386 659 547 726 Aegyptens
563 659 648 712 Stelle
669 659 698 711 in
713 660 763 712 der
777 658 1009 727 Weltgeschichte
1025 664 1078 710 etc.
1093 657 1131 709 Il.
1151 674 1178 726 p.
1196 660 1246 716 140
1260 659 1291 710 ff.

286 747 337 802 146
347 743 377 796 11.
394 745 485 801 34511.
502 743 636 814 (Egypt's
652 743 732 796 Place
747 744 775 796 in
793 743 933 796 universal
948 744 1064 810 history.
1083 741 1145 795 Vol.
1155 742 1193 794 11.
1209 761 1237 812 p.
1247 748 1292 802 95.

287 830 339 886 138
355 845 433 898 seqq.
457 832 506 886 147
522 845 601 898 seqq.
632 829 778 899 Appendix
799 847 827 898 p.
843 833 896 889 683
910 847 1005 899 seqq:
1025 827 1169 896 Perring's
1192 827 1291 881 Manu-

288 913 384 983 rcript,
404 912 654 968 communicatione
671 931 705 966 on
721 915 766 966 the
783 921 998 966 measurements
1013 914 1045 965 ol
1066 913 1111 966 the
1126 913 1290 983 pyramids).

203 998 236 1050 G.
254 998 377 1067 Purtlrcy:
391 997 441 1049 das
457 997 561 1050 Niltlral
576 999 807 1068 (Wanderungen
822 999 854 1051 P.
866 999 909 1066 11)
925 998 1018 1052 Berlin
1035 1003 1112 1058 1840.
1129 1003 1200 1068 p.96
1211 1017 1290 1069 seqq.

201 1083 371 1154 Russegger:
387 1082 471 1134 Reise
489 1089 542 1135 etc.
558 1083 580 1150 1,
599 1091 622 1152 1,
638 1103 666 1154 p.
684 1090 736 1144 140
751 1104 829 1156 seqq.

203 1169 324 1238 tarpeius:
352 1168 446 1221 Briefe
470 1183 521 1232 aus
542 1167 687 1237 Aegypton
711 1187 738 1239 p.
762 1175 797 1231 23
820 1188 899 1241 seqq.
928 1188 960 1223 ac
983 1169 1132 1240 praecipue
1155 1170 1182 1222 iu
1208 1188 1291 1239 opere

286 1252 522 1324 splendidissimo:
541 1253 706 1307 Denkmdler
721 1272 772 1307 aua
791 1255 934 1325 Aegypten
951 1273 978 1308 u.
996 1255 1175 1324 Aethiopien3
1190 1256 1219 1308 in
1236 1271 1291 1324 quo

288 1357 341 1392 non
364 1337 452 1391 solum
481 1354 585 1391 omnem
606 1339 776 1409 pyramidum
804 1341 943 1410 regionem
972 1347 1098 1393 accurate
1119 1339 1291 1408 delineatam,
1401 1405 1403 1410 Ι

286 1424 418 1494 ipsasque
433 1423 605 1493 pyramides,
629 1424 724 1493 quales
741 1443 815 1477 nunc
836 1425 976 1492 existunt,
1003 1426 1121 1494 imagine
1144 1442 1291 1495 expressas

286 1510 336 1580 (cl.
353 1507 472 1561 tbcheil.
491 1508 513 1560 l.
530 1510 585 1560 tab.
605 1516 639 1568 15
655 1528 733 1580 seqq.
757 1516 785 1562 et
809 1510 958 1580 praecipue
979 1512 1035 1564 tab.
1052 1515 1095 1578 19,
1117 1510 1145 1562 in
1162 1527 1218 1580 qua
1233 1516 1291 1562 tres

285 1594 440 1664 pyramides
461 1593 566 1661 insigni
589 1601 648 1646 arte
668 1603 891 1663 repraesentatas
907 1595 1058 1663 cernimus)
1080 1595 1220 1663 exhibuit,
1244 1611 1291 1646 va-

285 1695 345 1731 rum
368 1679 493 1746 singulas
513 1678 594 1732 etiam
615 1681 784 1748 pyramidum
805 1687 914 1749 partes,
940 1698 1060 1734 cameras
1083 1681 1291 1747 subterraneas,

285 1763 337 1816 alia
359 1765 409 1835 (cf.
433 1763 551 1816 Abtheil.
568 1764 605 1816 ll.
627 1766 715 1824 tab.8
735 1765 828 1835 seqq.)
851 1765 967 1834 adiecit,
989 1784 1060 1837 quaa
1083 1765 1117 1818 ad
1138 1772 1292 1818 accuratam

237 1877 240 1884 v
286 1857 442 1902 structurae
464 1855 493 1901 et
510 1865 698 1902 mensurarum
714 1849 898 1919 cognitionem
918 1850 998 1904 valde
1016 1850 1182 1903 inserviunt.
1217 1849 1291 1904 Idem

284 1935 404 2004 Lepsios
424 1933 504 1986 etiam
525 1934 713 1987 consulendus
728 1935 756 1986 in
774 1936 1015 2002 commentatione,
1038 1952 1109 2006 quae
1131 1936 1238 1988 inserta
1252 1934 1291 1988 le·

284 2020 360 2088 gitur
382 2019 425 2070 in:
452 2018 679 2071 Monatsbericht.
704 2020 731 2072 d.
747 2019 852 2073 Berlin.
876 2021 1056 2081 Acad.1843.
1083 2039 1111 2090 p.
1128 2024 1178 2081 177
1195 2038 1291 2091 seqq:

288 2105 380 2158 Ueber
396 2104 448 2156 den
463 2104 522 2156 Bau
540 2104 589 2156 der
604 2103 778 2171 Pyramiden.

200 2193 235 2244 Η.
251 2193 387 2262 Brugeclr:
403 2189 612 2242 Reisebericbte
627 2206 678 2242 aus
693 2191 837 2259 Aegypten
857 2189 965 2258 (Berlin
987 2191 1074 2256 18551
1084 2209 1112 2260 p.
1127 2195 1161 2249 35
1176 2208 1255 2261 seqq.

204 2276 300 2331 Yotea:
317 2275 377 2328 The
388 2274 499 2328 modern
513 2275 620 2341 history
633 2275 664 2326 ol
673 2275 778 2344 Egypt.
794 2275 987 2345 (Lond.1843)
998 2275 1057 2328 Vol.
1066 2276 1103 2329 ll.
1117 2295 1144 2346 p.
1153 2282 1290 2350 252seqq.

283 2365 336 2420 308
350 2379 428 2430 seqq.

201 2449 302 2502 lirunet
315 2449 347 2500 dc
362 2447 449 2500 Presle
461 2443 504 2496 inr
525 2443 676 2512 llncyclop.
694 2443 728 2496 de
740 2462 810 2512 gens
822 2445 859 2498 du
874 2446 980 2500 monde.
997 2446 1032 2499 T.
1040 2445 1099 2500 ΧΧ.
1111 2451 1287 2518 p268aeqq.

204 2535 333 2604 Scbeffcle
347 2532 392 2584 inc
412 2529 500 2596 Pauly
515 2527 797 2598 Realencyclopaedie
816 2539 868 2584 etc.
885 2531 933 2598 Vl,
949 2539 974 2590 1.
993 2551 1020 2603 p.
1036 2537 1086 2592 291
1104 2549 1183 2602 seqq.

204 2619 321 2674 bosen:
336 2617 436 2684 Sitten,
452 2613 616 2667 Gebrducbe
630 2631 657 2667 u.
674 2615 848 2668 Kranklseitt.
866 2617 893 2669 d.
911 2616 984 2670 alten
1001 2618 1144 2672 Hebraeer
1158 2617 1289 2687 (Breslau

287 2701 369 2768 1853)
384 2719 411 2770 p-
427 2707 460 2758 51
476 2717 554 2769 seqq.

203 2789 337 2842 cheler:
358 2785 526 2854 Geography
544 2783 576 2835 ol
587 2783 721 2836 Herodot.
739 2786 870 2856 (London
889 2789 969 2854 1855)
985 2805 1012 2857 p.
1028 2793 1082 2848 390
1096 2806 1175 2858 seqq.

242 2889 285 2941 Ex
309 2888 351 2940 his
372 2887 495 2940 virorum
515 2886 656 2938 doctorum
676 2884 754 2938 libris
778 2887 912 2956 quidquid
934 2889 968 2942 ad
988 2889 1123 2942 Herodoti
1145 2890 1230 2942 verba
1250 2889 1288 2956 Il,

157 2979 210 3034 121
224 2991 303 3044 seqq.
324 2979 399 3026 recte
422 2969 602 3039 intelligenda
624 2976 652 3022 et
675 2969 838 3039 euplicunda¹
856 2973 1008 3038 redundat,
1031 2973 1059 3025 id
1080 2972 1199 3041 singulis
1220 2973 1288 3026 locis

157 3058 315 3111 attulimusc
332 3074 420 3127 neque
436 3056 506 3109 enim
523 3070 683 3125 quemquam
698 3055 795 3122 lugere
811 3063 919 3125 potest,
936 3056 1107 3110 Herodotum
1122 3058 1149 3110 in
1167 3059 1216 3109 hac
1229 3065 1289 3110 tota

157 3144 192 3196 ds
211 3143 399 3214 pyramidibus
422 3139 585 3214 quaestione
605 3138 761 3209 primarium
783 3139 957 3210 antiquitatis
980 3149 1119 3194 auctorem
1134 3149 1288 3212 testemque

157 3228 319 3298 locupletem
339 3228 435 3281 merito
456 3226 561 3278 baberi.
597 3225 628 3276 ln
655 3225 735 3277 cuius
761 3225 936 3279 enarratione
965 3241 1035 3296 quae
1063 3227 1097 3279 ad
1118 3228 1288 3298 pyramidum

157 3319 325 3366 structuram
343 3319 371 3366 et
385 3313 496 3366 formam
517 3325 671 3380 operaeque
685 3310 713 3362 in
729 3311 906 3364 exstruendis
922 3311 1110 3379 pyramidibus
1129 3321 1288 3378 consumtus

157 3398 290 3451 rationem
305 3398 461 3470 pertinent,
481 3413 514 3450 ea
529 3395 579 3448 hoc
594 3394 652 3447 loco
668 3394 923 3464 praetermittimus,
945 3413 1004 3448 cnm
1019 3397 1046 3449 in
1063 3397 1288 3451 adnotationibus

157 3483 227 3535 satis
242 3489 359 3536 tractata
376 3483 448 3550 sint,
469 3487 600 3552 quantum
618 3479 646 3532 id
663 3480 771 3550 quidem
789 3479 822 3532 ad
838 3480 948 3550 singula
962 3481 1097 3536 Herodoti
1113 3484 1198 3536 verba
1212 3491 1288 3536 recte

157 3566 337 3635 intelligenda
351 3567 485 3637 pertinet:
501 3566 535 3619 de
547 3564 672 3632 consilio,
688 3582 743 3634 quo
759 3571 916 3618 exstructae
927 3567 1032 3619 luerint
1042 3567 1196 3636 pyramides
1212 3567 1288 3620 aliis-

157 3669 211 3722 que
227 3669 287 3705 cnm
311 3671 343 3707 eo
359 3651 514 3704 coniunctis
530 3651 614 3704 rebus
629 3650 672 3701 bic
687 3649 784 3719 paucis
799 3666 849 3719 pro
864 3651 953 3704 nostri
976 3651 1068 3722 operis
1084 3651 1191 3704 ratione
1204 3669 1287 3720 expo·

156 3737 285 3790 nendum.
322 3739 401 3790 Licet
424 3737 494 3790 enim
514 3734 675 3788 Herodotus
695 3733 811 3787 'disertis
834 3735 928 3788 verbis
948 3736 993 3789 vix
1014 3735 1210 3802 declaraverit,
1232 3753 1286 3805 quo

157 3821 290 3889 consilio,
314 3839 394 3893 quem
411 3822 439 3875 in
456 3823 536 3874 linem
552 3835 687 3888 usumque
704 3817 859 3888 pyramides
874 3819 988 3873 eductae
1002 3821 1116 3886 fuerint,
1137 3827 1227 3872 tamen
1242 3819 1286 3872 vel

156 3906 257 3976 exiis,
282 3906 434 3977 quae·ipse
456 3906 493 3973 ΙΙ,
510 3911 561 3965 124
579 3905 612 3956 de
627 3902 748 3972 Cheopis
769 3903 896 3972 sepulcro
913 3905 982 3958 dixit
997 3911 1026 3958 et
1040 3922 1110 3974 quae
1127 3905 1161 3956 sd
1182 3905 1219 3971 ΙΙ,
1236 3910 1287 3964 134

155 3991 191 4044 de
205 3990 344 4058 Mycerini
366 3991 537 4060 sarcophago
555 3989 583 4041 in
598 3988 660 4057 ipsa
679 3986 829 4057 pyramidis
851 3989 884 4041 ab
900 3989 951 4041 hoc
965 4007 1030 4057 rege
1052 3994 1228 4042 constructae
1243 4007 1287 4042 ca·

155 4091 231 4128 ruera
245 4075 372 4129 interiori
386 4075 499 4142 invento
515 4073 597 4127 allata
610 4077 685 4136 sunt,
701 4071 894 4126 accedentibus
909 4071 970 4126 aliis
986 4081 1106 4127 veterum
1122 4073 1287 4144 scriptorum

227 4271 255 4334 ⁸)
279 4273 342 4323 Vid.
367 4273 450 4324 Rooal
465 4271 582 4324 nomene
604 4271 647 4319 in:
671 4267 784 4320 Journal
803 4268 849 4319 des
867 4269 975 4320 Savans
994 4269 1071 4321 1841.
1097 4287 1122 4338 p.
1142 4272 1193 4325 223
1210 4287 1287 4338 seqq.

157 4340 410 4476 p8424²p÷gogpeqq
430 4343 479 4394 ’257
488 4357 564 4406 seqq.
582 4339 718 4403 aauseqq.
737 4339 788 4400 407
801 4353 877 4403 seqq.
894 4338 1064 4390 Athenaeum
1084 4340 1159 4392 1844.
1173 4358 1218 4414 nr.
1226 4342 1286 4394 854.
