3032 4916
271 255 338 326 raa
706 260 971 322 flnaonour
1069 241 1073 248 '

205 445 372 507 128ιιοντο
389 440 474 504 ἔτεα.
520 440 632 504 Ταῦτα
648 437 682 516 ἕξ
696 462 732 503 τε
747 437 802 504 καὶ
820 433 939 504 ἑκατὸν
953 440 1138 521 λογίζονται
1152 438 1243 516 ἔτεα,
1265 435 1300 502 ἐν
1314 445 1390 502 τοῖσι

160 525 164 544 ’
271 546 489 628 Αἰγυπτίοισί
506 566 542 608 τε
556 545 668 608 πᾶσαν
683 538 770 608 εἶναι
787 539 968 628 κακότητα,
989 539 1046 607 καὶ
1066 535 1105 606 τοὶ
1128 533 1185 626 ἱρὰ
1206 535 1324 626 χρόνον
1342 563 1390 604 το-

270 645 392 714 σούτου
412 644 701 731 κατακληισθέντα
724 640 786 712 οὐκ
808 641 1019 732 ἀνοιχθῆναι.
1059 640 1199 722 τούτους
1212 636 1278 710 ὑπὸ
1292 647 1393 728 μίσεος

270 847 352 912 pedes
376 861 490 910 eumque
512 845 644 896 ducentos
666 844 749 910 pedes
767 860 812 895 sn·
862 844 947 894 fuisse
961 843 1068 894 videtur
1082 859 1166 910 supra
1181 842 1276 904 solnm,
1295 839 1339 891 sed
1352 855 1395 904 per

271 933 320 982 pra
347 915 403 965 Nili
433 917 506 980 ripas
533 916 650 964 eminere
675 915 813 964 existimat
863 913 1004 980 sphingem
1034 913 1109 964 illam
1141 916 1297 974 immanem,
1333 925 1395 975 quae

272 985 354 1052 (conf.
367 987 459 1051 zoega
475 985 508 1034 de
527 983 654 1035 obelisco.
672 1000 736 1050 pag.
749 985 810 1036 400.

270 1061 327 1106 not.
349 1053 415 1117 la).
450 1055 503 1117 Qui
521 1053 592 1104 idem
608 1054 678 1104 hanc
695 1055 812 1119 pyrami-

271 1128 332 1176 dem
358 1123 496 1174 conditam
523 1139 583 1174 esse
609 1124 704 1173 scribit
732 1139 812 1189 saper

271 1196 364 1246 tubere
384 1200 545 1259 exsurgente
571 1209 699 1258 scampe
719 1209 812 1257 saxeo,

271 1272 331 1316 arte
353 1269 427 1315 secto
451 1270 531 1329 atque
553 1263 740 1328 complanato,
767 1280 813 1329 pc-

270 1335 404 1400 dibusque
425 1335 539 1399 triginta
560 1339 677 1398 quatuor
699 1334 813 1384 editiore

271 1406 405 1471 quamsit
429 1404 516 1453 solum
534 1404 632 1468 prioris
654 1404 811 1468 pyramidis.

270 1474 380 1538 Reliqui
398 1474 544 1537 scriptores
562 1479 638 1538 (narn
657 1474 731 1523 solus
748 1475 812 1524 Nie-

271 1545 382 1594 buhrius
392 1543 563 1592 altitudinem
573 1557 681 1593 mensus
693 1543 744 1608 est)
754 1549 813 1593 tan-

269 1621 327 1664 turn
352 1613 531 1674 adnotarunt,
557 1611 627 1662 hanc
644 1613 811 1678 pyramidem

270 1685 358 1748 priore
374 1682 499 1732 altiorem
516 1697 660 1746 apparere,
686 1699 718 1734 eo
740 1683 812 1749 qnod

269 1754 330 1803 saxi
353 1752 442 1802 tuberi
463 1753 591 1816 imposita
610 1757 695 1816 esset,
719 1768 811 1818 quam-

270 1839 350 1888 quarn
375 1822 463 1886 ipsum
486 1821 640 1872 aedificium
662 1822 743 1887 paulo
762 1823 812 1872 mi-

269 1909 320 1943 nus
335 1893 380 1942 sit.
412 1893 488 1942 Haec
500 1893 592 1956 Zoega
606 1892 624 1942 1.
639 1891 657 1941 1.
671 1908 734 1957 pag.
749 1892 811 1943 409.

269 1968 326 2012 not.
349 1962 396 2022 15;
424 1977 439 2011 e
461 1976 513 2026 quo
535 1960 629 2011 eedem
654 1961 709 2011 alia
731 1977 812 2026 quae-

270 2033 332 2082 dam
349 2031 465 2081 adiicere
477 2030 553 2080 lubet
567 2031 600 2081 de
615 2031 670 2080 situ
682 2031 761 2081 huius
774 2032 813 2081 al-

270 2103 355 2152 terius
373 2101 521 2165 pyramidis
536 2105 564 2151 et
581 2100 709 2151 hodierno
727 2107 810 2152 statu.

270 2173 324 2222 Ubi
343 2171 413 2220 enirn
433 2186 449 2219 a
466 2185 581 2235 magnae
599 2171 748 2234 pyramidis
766 2187 812 2222 an·

270 2241 334 2306 gulo
357 2255 455 2304 passus
473 2241 581 2290 circiter
603 2241 735 2290 ducentos
752 2257 813 2306 pro·

270 2309 389 2374 grederis
402 2311 437 2358 ad
449 2309 601 2370 meridiem,
619 2310 695 2359 renis
714 2311 748 2360 ad
766 2327 812 2360 an·

270 2378 361 2443 grrlurn
391 2379 526 2428 secundae
554 2377 633 2427 huius
664 2380 812 2444 pyramidis

269 2463 386 2512 magnae
413 2449 485 2496 ortui
509 2447 614 2496 aestivo
632 2448 810 2500 obiacentem.

270 2516 387 2566 Condita
417 2521 459 2566 est
489 2531 570 2580 super
597 2518 691 2567 tubere
720 2533 811 2569 exsur-

269 2591 362 2651 gente;
381 2585 416 2634 ad
429 2585 636 2636 occidentanae
651 2589 811 2651 septentrio-

269 2671 330 2706 nem
348 2656 423 2704 lossa
445 2655 563 2718 cingitur
581 2655 638 2706 lata
662 2659 745 2721 pedes
763 2657 811 2708 XO

271 2742 303 2776 ac
322 2740 388 2790 rape
414 2725 448 2775 ad
471 2725 585 2789 triginta
603 2725 700 2790 pedum
719 2727 813 2778 altitu·

272 2797 361 2845 dinem
373 2799 458 2857 secta,
477 2795 503 2844 in
521 2795 598 2845 cuius
617 2796 705 2846 fronte
721 2799 813 2848 excisa

271 2870 335 2916 sunt
347 2871 426 2915 antra
441 2864 575 2930 quadrata
588 2867 658 2915 serie
671 2869 812 2919 continua.

269 2937 379 2986 Paucae
406 2936 433 2984 in
458 2934 499 2984 his
526 2941 607 2984 notae
633 2935 813 3002 hieroglyphi-

271 3022 333 3068 cae,
352 3005 451 3070 quibus
463 3004 607 3069 insigniter
620 3005 734 3056 decorae
748 3011 811 3056 snat

270 3075 342 3125 aliae
368 3089 501 3130 carentes
528 3075 563 3123 ad
590 3081 678 3125 ortum
706 3076 812 3126 bruma·

270 3145 331 3195 lcnr.
352 3147 422 3194 Ante
435 3143 567 3194 orientale
582 3143 654 3195 latus
666 3151 813 3196 cernuntur

271 3214 398 3278 quadrati
424 3213 516 3278 templi
539 3213 597 3264 aive
619 3215 747 3265 vestibuli
769 3231 812 3266 ru·

271 3283 336 3332 dora
352 3284 565 3347 praegrandibus
586 3283 723 3348 lapidibus
742 3291 812 3336 stru-

862 985 1029 1050 eonspicitur
1056 989 1120 1034 ante
1149 984 1264 1034 mediam
1286 979 1396 1047 pyrami-

863 1053 961 1104 demin
973 1053 1058 1105 latere
1070 1054 1197 1104 orientali
1208 1051 1331 1118 passibas
1344 1051 1396 1099 lere

861 1124 991 1174 trecentis
1013 1123 1049 1174 ab
1072 1140 1104 1174 ea
1126 1128 1245 1182 remota;
1270 1121 1397 1171 subterra-

862 1209 914 1244 neo
926 1198 1016 1244 meatu
1028 1193 1064 1243 ad
1080 1193 1191 1244 intimos
1207 1206 1327 1243 recessus
1338 1204 1397 1239 ren·

862 1269 921 1314 tum
945 1279 1003 1314 asae
1026 1263 1173 1314 verisimile
1197 1268 1247 1314 est.
1284 1261 1356 1311 Haec
1372 1263 1397 1307 et

863 1333 917 1383 alia
939 1335 1043 1399 Zoega,
1068 1349 1185 1398 quocum
1208 1333 1289 1382 etiarn
1313 1328 1397 1379 conle-

862 1409 939 1454 tatur
955 1403 1040 1454 Beck.
1059 1403 1077 1454 1.
1097 1403 1116 1454 1.
1133 1419 1197 1468 pag.
1220 1400 1279 1452 713.
1302 1399 1396 1450 additis

863 1474 911 1536 iis,
936 1489 1005 1539 quae
1022 1478 1116 1524 nostra
1133 1472 1265 1524 memoria
1285 1470 1335 1520 viri
1355 1467 1397 1516 dc-

863 1544 914 1607 cti,
938 1559 1006 1609 qnos
1023 1544 1077 1594 iam
1095 1543 1129 1593 ad
1148 1544 1192 1604 11,
1218 1543 1269 1594 124
1284 1537 1398 1590 landari-

863 1627 931 1676 mus,
950 1613 983 1663 de
997 1613 1049 1663 hac
1061 1613 1203 1678 pyramide
1215 1613 1396 1676 exposuerunt,

862 1699 952 1748 quant,
971 1683 1011 1734 nti
1025 1683 1090 1746 dixi,
1110 1683 1213 1748 primus
1228 1680 1332 1746 aperuit
1344 1676 1397 1729 Bel-

862 1754 924 1802 aoni
939 1753 1062 1817 (Voyage
1081 1757 1135 1804 ete.
1154 1753 1179 1803 1.
1194 1769 1221 1817 p.
1237 1750 1289 1802 409
1307 1747 1395 1812 seca),

863 1823 961 1873 deinde
979 1823 1141 1888 perquisivit
1152 1821 1305 1872 Horrardus
1322 1819 1395 1882 Vyse,

863 1893 910 1958 qui
925 1894 1067 1942 introitum
1082 1892 1231 1958 pyramidis
1248 1891 1326 1940 huius
1339 1888 1396 1936 ima·

863 1963 927 2026 gine
945 1975 1102 2027 expressum
1119 1963 1262 2027 proposuit
1279 1960 1301 2010 1.
1314 1975 1339 2023 p.
1353 1957 1396 2007 res

863 2047 938 2097 seqq.
975 2033 1037 2082 Vid.
1051 2032 1139 2082 Raord
1149 2032 1284 2082 Rocbette
1293 2023 1396 2080 Journal

863 2101 889 2150 d.
911 2103 975 2152 Sar.
998 2103 1074 2152 rste.
1093 2119 1121 2166 p.
1135 2102 1187 2152 159
1206 2117 1275 2166 seq,
1293 2097 1397 2148 Wilkiu·

863 2186 922 2222 son.
942 2171 1049 2221 Thebes
1068 2177 1121 2223 ete.
1147 2187 1173 2236 p.
1194 2171 1263 2232 329,
1290 2171 1414 2218 Banasa·

863 2240 882 2291 l.
901 2241 920 2290 lt
939 2241 978 2290 11.
999 2256 1027 2305 p.
1047 2241 1104 2304 135,
1124 2241 1279 2292 Prokssch:
1297 2237 1396 2288 Erinne

863 2325 960 2375 rungg.
974 2312 997 2361 1.
1007 2327 1034 2374 p.
1046 2310 1081 2360 80
1093 2325 1179 2375 seqq„
1200 2309 1331 2372 Parthey:
1349 2301 1394 2355 Nil·

862 2381 919 2429 tbal
931 2396 957 2444 p.
974 2381 1023 2432 113
1036 2395 1113 2446 seqq.
1133 2381 1175 2430 De
1187 2379 1320 2431 mensuris
1332 2372 1394 2426 conl.

862 2450 1106 2514 VyseOperations
1116 2450 1252 2515 etc.11.p.
1264 2449 1312 2499 tlt
1320 2459 1395 2508 seqq..

861 2520 999 2569 Latrones
1016 2519 1186 2570 Recherches
1211 2537 1258 2571 sur
1277 2519 1315 2568 les
1334 2515 1396 2576 frag·

862 2605 936 2640 mens
953 2587 1084 2641 d'Hdrou.
1104 2607 1128 2656 p.
1146 2589 1195 2640 184
1215 2606 1274 2656 seq.

1013 2761 1079 2812 Car.
1100 2759 1254 2816 CXXVIII.

900 2861 996 2914 Ταῦτα
1008 2859 1037 2925 ἔξ
1054 2879 1083 2914 rs
1101 2861 1150 2915 sal
1162 2857 1266 2917 ἑκατὸν
1282 2857 1397 2926 raptor-

861 2950 907 2984 ται
931 2929 993 2983 ἔτεα
1020 2949 1045 2984 ιι.
1072 2950 1096 2984 τ.
1120 2935 1154 3002 t]
1189 2937 1260 2988 Sunt
1281 2931 1396 2982 nimirum

861 3004 1059 3070 quinquaginta
1071 3006 1143 3066 anui,
1154 3021 1202 3070 per
1214 3001 1397 3072 querelosas.

861 3079 890 3125 et
908 3075 1174 3140 quinquagesimas,
1194 3092 1245 3140 per
1264 3087 1329 3140 quos
1340 3070 1399 3118 cbe-

862 3145 946 3208 phren
959 3159 1072 3210 regnum
1090 3146 1178 3195 tenuit
1192 3147 1241 3209 (11,
1256 3142 1325 3206 iri).
1345 3139 1399 3216 11⁰·e

862 3229 928 3264 sane
950 3219 1057 3280 tempus
1081 3217 1223 3280 Aegyptiis
1251 3210 1400 3266 molestissi-

863 3299 948 3345 mum,
980 3300 1028 3348 per
1053 3284 1124 3348 quod
1149 3286 1301 3336 Phoenices
1327 3289 1398 3354 reget

862 3354 1002 3420 imperinm
1029 3356 1178 3417 tenuerint,
1207 3356 1292 3406 luisse
1319 3349 1398 3398 viden

270 3353 318 3402 cti.
354 3354 418 3417 ipsa
435 3352 621 3417 magnitudine
635 3370 684 3418 par
697 3369 757 3404 esse
772 3357 811 3404 vi-

862 3424 989 3474 observat
1005 3423 1106 3474 Rostb:
1131 3425 1229 3476 Gesclr.
1248 3426 1274 3475 d.
1296 3415 1397 3473 abendl.

271 3422 350 3472 detur
357 3423 438 3487 priori
447 3423 590 3487 pyramidi:
601 3423 764 3474 Niebuhrius
774 3425 811 3474 al·

271 3497 327 3542 tarn
340 3491 444 3542 invenit
455 3492 536 3556 pedes
551 3491 743 3554 ccccxnllr,
757 3511 812 3544 am·
863 3493 1020 3557 Philosoph.
1039 3493 1063 3543 Ι.
1083 3509 1108 3557 p.
1125 3496 1139 3544 7
1155 3499 1224 3548 nott.
1253 3497 1327 3558 Quae
1341 3501 1399 3540 cou-

271 3562 342 3627 plam
359 3563 387 3612 iu
400 3562 485 3612 latere
496 3561 598 3612 boreali
611 3563 693 3627 pedes
705 3563 811 3616 Decv.
863 3564 957 3613 iuncta
976 3569 1039 3612 sunt
1062 3579 1122 3613 cum
1144 3581 1176 3614 ea
1197 3563 1345 3620 sententia,
1369 3555 1399 3604 de

270 3633 396 3682 Summas
419 3636 512 3682 vertex
533 3637 629 3681 acutus
653 3637 695 3682 est
719 3639 746 3683 et
772 3635 811 3683 in·
863 3649 918 3700 qna
939 3632 1059 3697 pluribus
1084 3632 1118 3682 ad
1137 3633 1216 3684 linem
1241 3634 1319 3684 huius
1343 3641 1398 3689 cap·

270 3705 358 3766 teger,
386 3705 413 3752 et
440 3702 562 3766 superior
583 3702 729 3765 pyramidis
747 3719 811 3767 pars
863 3701 1116 3754 dicamne-Mox
1126 3695 1267 3766 κοινότητα
1282 3697 1399 3758 intelligo

269 3787 355 3837 usque
375 3771 409 3821 ad
427 3771 627 3836 pedesLiulra
646 3773 749 3836 apicem
766 3773 812 3822 ad·
862 3775 1040 3834 obluctatorem,
1058 3774 1146 3846 Ινιοὶιι,Ι
1173 3773 1245 3822 conl.
1271 3775 1313 3836 11,
1342 3765 1397 3816 124·

268 3842 321 3892 lare
335 3847 460 3892 contecta
473 3847 515 3891 eat
531 3840 667 3905 lapidibus
683 3849 811 3894 accurate
862 3833 1001 3891 τοσούτου
1014 3853 1120 3905 χρονον
1135 3840 1207 3892 haud
1225 3841 1303 3893 aliter
1321 3833 1399 3900 expli·

268 3911 422 3976 laevigatis,
438 3913 483 3976 qni
496 3911 531 3960 ad
542 3911 606 3960 solis
620 3911 710 3961 radios
722 3912 811 3976 splen·
862 3912 979 3962 eandum
997 3915 1080 3975 atque
1098 3911 1144 3973 II,
1165 3912 1214 3962 115
1235 3910 1320 3977 τριῶν
1336 3897 1398 3971 ἡμε-

269 3981 332 4031 dere
355 3981 495 4040 dicuntum
520 3980 625 4046 reliqua
642 3996 704 4045 pars
724 3998 811 4048 aeque
863 3979 950 4045 ρέοιν,
969 3981 1017 4032 ubi
1034 3979 1090 4030 rid.
1113 3986 1170 4030 not.
1343 4035 1349 4052 Ι

268 4065 300 4098 ao
320 4052 415 4114 prieris
442 4051 590 4116 pyramidis
606 4050 707 4113 latera,
737 4053 811 4103 abla-
896 4047 1015 4108 τούτους
1041 4039 1099 4100 ὑπὸ
1128 4049 1225 4113 μίσεος
1255 4040 1289 4100 ον’
1315 4053 1400 4106 aspra

268 4119 304 4167 tia
320 4121 426 4170 extimis
439 4122 521 4180 saxis,
541 4121 640 4185 gradus
657 4121 743 4182 offert,
762 4139 810 4186 per
861 4117 979 4169 θέλουσι
998 4136 1023 4168 ιι.
1042 4135 1065 4168 τ.
1084 4118 1121 4184 1.]
1143 4113 1263 4176 τούτους
1282 4114 1399 4182 equidem

269 4203 336 4252 quos
350 4191 461 4239 ascendi
473 4195 573 4254 potest.
594 4190 702 4240 Nullum
716 4192 743 4240 in
758 4191 809 4242 hae
860 4190 948 4240 refero
967 4189 1002 4238 ad
1020 4189 1094 4253 ipsos
1114 4190 1195 4240 hosce
1214 4205 1300 4254 reges,
1319 4185 1399 4236 Clreo·

266 4259 405 4320 pyramide
431 4264 544 4324 apparet
576 4261 639 4309 ostii
669 4261 807 4324 indicium,
860 4275 920 4324 pern
943 4264 971 4309 et
989 4259 1187 4322 crispinensis,
1211 4261 1257 4324 qui
1277 4254 1399 4323 populum

266 4341 316 4374 nec
337 4341 454 4392 uuquam
476 4330 585 4380 omnine
609 4330 698 4380 aditus
723 4331 751 4380 in
774 4347 808 4382 ca
859 4329 1029 4382 exstruendis
1054 4327 1240 4394 pyramidibus
1261 4331 1399 4390 tantopere
