2980 4932
218 267 259 328 50
415 275 425 296 ·
652 263 919 326 HERODOTI

219 437 257 508 cll
281 435 430 526 χρήματα
454 434 582 524 μεγάλα
610 441 754 524 θελῆσαι
777 433 885 506 ὀπίσω
909 438 942 516 ές
962 436 1139 528 Κόρινθον
1159 434 1350 508 ἀπικέσθαι.

217 535 388 629 ὁρμᾶσθαι
402 541 464 627 μέν
477 566 543 609 ννν
558 539 595 608 έιι
615 537 797 627 Τάραντος,
812 538 1013 609 πιστεύοντα
1026 540 1065 610 δὲ
1079 538 1256 630 οὐδαμοῖσι
1269 547 1350 630 μάλ-

218 653 279 714 λον
298 636 319 731 ἢ
336 649 568 732 Κορινθίοισι,
597 643 837 729 μισθώσασθαι
856 651 974 714 πλοῖον
991 640 1128 735 ἀνδρῶν
1144 652 1350 735 Κορινθίων.

217 744 295 825 τοὺς
313 745 350 814 δέ
371 747 409 814 έν
427 750 473 838 τῷ
491 745 631 831 πελάγεϊ
651 745 902 834 ἐπιβουλεύειν,
926 745 986 815 τὸν
1006 744 1140 838 Ἀρίονα
1155 748 1353 838 ἐκβαλόντας

219 854 308 936 ἔχειν
327 845 368 916 τά
385 848 544 938 χρήματα.
574 847 635 917 τὸν
654 849 692 918 δὲ
709 849 854 918 συνέντα
869 855 968 918 τοῦτο
987 857 1184 938 λίσσεσθαι,
1207 852 1353 943 χρήματα

218 953 281 1040 μέν
294 972 356 1041 σφι
372 954 545 1041 προϊέντα,
569 950 682 1041 ψυχὴν
705 951 742 1022 δὲ
764 952 1036 1042 παραιτεόμενον.
1073 950 1136 1024 οὐκ
1154 946 1202 1026 ἀν
1219 954 1261 1044 δὴ
1281 963 1351 1056 πεί·

218 1065 298 1125 θειν
322 1051 425 1124 αὐτὸν
441 1057 605 1125 τούτοισι·
639 1053 724 1124 ἀλλά
741 1055 894 1127 κελεύειν
916 1055 994 1139 τούς
1018 1060 1190 1146 πορθμέας
1212 1054 1233 1148 ἢ
1252 1057 1353 1130 αὐτὸν

219 1161 425 1248 διαχρᾶσθαί
438 1187 514 1247 μιν,
539 1153 583 1240 ὥς
604 1151 648 1228 ἀν
663 1163 770 1248 ταφῆς
787 1163 825 1229 έν
844 1166 888 1252 γῇ
905 1159 1006 1250 τύχῃ,
1029 1156 1049 1250 ἢ
1069 1164 1220 1256 έιιπηδᾷν
1243 1165 1276 1244 ές
1295 1161 1354 1252 τὴν

217 1260 397 1331 θάλασσαν
408 1259 471 1350 τὴν
485 1268 652 1351 ταχίστην.
686 1259 914 1351 ἀπειληθέντα
937 1264 974 1333 δέ
991 1261 1052 1334 τδν
1070 1261 1203 1355 Ἀρίονα
1221 1269 1254 1347 ές
1271 1264 1351 1336 ἀπο-

220 1371 298 1454 ρίην
316 1365 605 1455 παραιτήσασθαι,
629 1366 745 1456 ἐπειδή
764 1388 826 1455 σφι
843 1363 931 1436 οὕτω
954 1371 1082 1456 δοκέοι,
1106 1375 1274 1460 περιιδεῖν
1293 1367 1352 1440 αύ-

219 1531 310 1596 Atqne
331 1515 437 1596 inipso
455 1529 571 1582 Graecis
589 1531 633 1581 cni
650 1533 760 1598 ignotus
810 1526 939 1600 χρήματα
962 1528 1014 1599 μέν
1034 1549 1085 1600 σφι
1110 1533 1256 1602 προϊέντα]
1282 1537 1356 1588 Wes-

218 1600 389 1666 Polycrutes,
404 1600 555 1651 Samiorum
573 1605 715 1667 tyrannus,
733 1607 761 1654 et
811 1603 937 1670 selingio,
953 1605 997 1655 cui
1011 1621 1139 1670 praesens
1153 1606 1286 1658 contineor
1303 1624 1356 1657 ms·

220 1671 266 1735 qui
283 1670 357 1734 opud
380 1667 458 1718 illum
481 1677 681 1722 commorantur
698 1689 761 1738 poe·
812 1673 854 1739 gis
877 1674 968 1738 placet
991 1673 1030 1738 (1,
1052 1677 1113 1727 205.
1127 1677 1167 1740 V,
1183 1677 1228 1728 92.
1243 1667 1285 1728 80.
1307 1678 1354 1740 Vl,

219 1745 265 1790 tue
283 1738 469 1790 celeberrimi?
489 1739 543 1790 Sed
559 1739 681 1804 pluribus
693 1743 761 1794 hsec
812 1745 849 1808 2),
866 1744 925 1793 inre
940 1759 995 1794 non
1008 1745 1154 1796 obsecutus
1175 1752 1217 1796 est
1230 1747 1353 1812 Sclrwgh.

219 1810 355 1874 persequi,
380 1807 459 1858 huius
476 1806 531 1858 loci
553 1825 608 1860 non
629 1817 680 1863 est.
707 1813 762 1864 Ad·
812 1814 881 1866 Nom
899 1814 958 1878 ipse
976 1817 1126 1880 temporum
1138 1817 1210 1866 rstio
1228 1818 1356 1882 prseteri-

220 1883 313 1932 monet
335 1879 384 1930 Or.
411 1893 520 1940 eorum,
545 1895 615 1944 quae
633 1879 762 1948 leguntur
812 1888 869 1934 tum
881 1883 999 1949 flagitet,
1013 1891 1044 1934 ut
1056 1901 1118 1935 mox
1135 1901 1264 1950 praesens
1275 1893 1356 1970 προῖ-

219 1948 249 1998 in
266 1948 312 1998 rr.
333 1945 468 2011 Schlegel.
491 1947 590 1999 Gesch.
609 1951 636 2000 d.
661 1952 762 2017 grisch.
814 1950 889 2002 ὲντοι.
912 1954 1017 2004 Eodem
1041 1955 1097 2004 iere
1119 1971 1202 2006 sensu
1226 1961 1358 2022 apotecas

218 2017 300 2068 Pecs.
318 2031 345 2080 p.
364 2016 425 2066 226.
439 2014 483 2080 [Τ.
500 2017 557 2071 111.
561 2035 598 2136 ἐρ
616 2021 668 2071 250
681 2020 763 2086 Opp]
814 2023 887 2086 epnd
906 2023 1044 2088 Aristoph.
1063 2025 1134 2076 Nub.
1153 2025 1232 2077 1216.
1269 2027 1356 2076 Vocu-

253 2077 400 2150 δρμᾶσθαι
418 2079 470 2148 μέν
489 2100 543 2134 νον
606 2081 764 2156 Τάραντος]
813 2091 869 2142 lem
888 2104 953 2156 σφι,
974 2108 1043 2157 quse
1060 2094 1143 2160 vulgo
1162 2100 1224 2160 post
1242 2092 1357 2160 προϊέν-

218 2144 364 2218 δρμᾶοθαι
377 2152 422 2202 hic
440 2168 488 2218 pro
507 2152 646 2218 μέλλειν
663 2150 764 2224 δρμᾶ-
814 2160 1022 2225 relegebatur,
1041 2179 1102 2214 cum
1120 2165 1209 2216 Schw.
1223 2170 1251 2216 et
1268 2165 1356 2217 (isisl.

220 2221 304 2272 σθαι
333 2221 436 2272 dietum
462 2221 523 2272 vult
550 2224 670 2290 Stegen,
700 2230 764 2294 quio
813 2231 1019 2294 anteposuimus
1053 2233 1193 2284 meliorum
1228 2235 1356 2286 librorum

220 2290 331 2342 omniuo
354 2291 462 2354 saepius
484 2296 606 2357 tempore
627 2297 766 2360 praesenti
814 2300 991 2356 auctoritate.
1010 2333 1045 2341 -
1061 2304 1103 2354 De
1115 2300 1291 2369 διαχρᾶσθαι
1307 2307 1358 2373 (r'n-

219 2362 348 2412 τοιιείλίιιτι
359 2359 446 2410 solum
461 2360 607 2414 indicetur.
626 2366 680 2416 Sed
693 2368 764 2420 hene
815 2369 945 2434 terficerc)
960 2372 1033 2422 conl.
1054 2373 1077 2436 Ι,
1095 2373 1146 2426 110
1162 2374 1229 2440 ibiq.
1248 2380 1306 2425 net.

220 2427 449 2494 significationem
473 2431 503 2482 in
525 2433 586 2497 ipso
609 2437 692 2487 verbo
709 2438 765 2488 ism
848 2430 1043 2504 ἀπειληθέντα
1065 2435 1097 2492 δὲ
1120 2434 1173 2492 τὸν
1196 2435 1310 2510 Ἀρίονα
1331 2433 1359 2502 ές

219 2499 309 2549 inesse
326 2501 421 2548 notum
433 2504 484 2550 est.
495 2502 763 2573 RecteSchweigh.:
814 2499 954 2575 ἀπορίην]
971 2511 989 2560 i.
1004 2527 1029 2562 e.
1041 2511 1181 2576 „Arionem
1197 2514 1233 2564 ad
1248 2515 1296 2564 las
1313 2529 1358 2564 on

217 2583 302 2646 „cnmq
313 2567 425 2618 Tarento
435 2570 601 2632 profecimus
615 2580 713 2628 essetf*
810 2579 910 2642 ραειίαε
923 2595 945 2630 s.
959 2581 996 2630 ad
1005 2580 1071 2632 lanc
1082 2583 1189 2645 inopiam
1201 2583 1359 2635 ι·ειῖασῖιιαι.“

255 2649 324 2716 ρους
347 2630 379 2685 ol
403 2625 433 2685 έν
455 2635 495 2706 τῷ
518 2633 632 2705 πελάγεϊ
649 2635 763 2714 έπιβον-
814 2638 973 2713 ἀπειλέω,
993 2641 1178 2714 utrumme,
1195 2653 1289 2704 eodem
1306 2653 1358 2716 pri·

218 2705 313 2756 λενειν
331 2721 357 2756 ιι.
377 2720 401 2755 τ.
425 2705 462 2772 λ.]
487 2708 601 2761 Sensum
627 2713 696 2765 bene
719 2732 763 2766 ex·
814 2717 910 2767 mitiss
926 2721 1047 2785 νολνεαάῖ,
1065 2723 1191 2784 emundi,
1211 2723 1274 2774 dein
1296 2737 1359 2778 wm-

219 2775 320 2840 pressit
349 2774 516 2842 Schweigh.:
551 2790 664 2844 ,πτοῖαι
693 2801 762 2848 nero,
811 2788 932 2850 pellendi,
951 2791 1085 2840 coe'rcendi
1100 2790 1310 2856 significatione,
1329 2790 1360 2840 il-

219 2859 273 2894 οατι
295 2844 381 2909 (terre
403 2844 513 2912 relicte,
541 2855 622 2913 portu
646 2855 764 2920 egressi)
815 2855 1012 2922 lustraverunt,
1037 2865 1163 2911 monente
1186 2863 1241 2926 On,
1268 2862 1360 2912 Ruhn-

217 2915 244 2962 ῖπ
262 2915 314 2964 arro
331 2917 380 2964 ιάιιι
398 2925 494 2978 essent,
512 2921 639 2970 consilinm
653 2926 765 2985 αριλαειε
815 2925 880 2976 ken.
899 2931 983 2992 atque
999 2929 1188 2981 Hemsterhns.
1205 2933 1241 2982 εδ
1254 2932 1361 2982 Timaei

219 2983 252 3032 de
268 2983 365 3032 Arione
378 2987 547 3049 proficiendo,
565 3003 613 3052 quo
629 2992 709 3052 ipsius
718 3009 764 3056 pe·
816 2995 883 3047 Lex.
902 2996 1012 3048 Pluton.
1030 3015 1057 3064 p.
1077 2999 1111 3052 69
1129 3016 1189 3066 sqq.
1212 3001 1360 3052 Heindorf.

218 3053 298 3102 τιιαίίι
306 3054 481 3114 μοῖίνιαλιιν.“
503 3056 583 3117 Quod
596 3073 692 3110 moneo
705 3077 766 3124 pro·
816 3065 852 3115 sd
870 3065 979 3118 Platon.
999 3069 1082 3134 Gorg.
1104 3086 1131 3135 p.
1149 3070 1209 3122 259.

219 3121 457 3185 pterLerchsrurn
476 3124 546 3172 etsi
565 3127 763 3190 qniiortchoc
851 3133 992 3200 περιιδεῖν
1023 3131 1112 3188 αὐτὸν
1146 3129 1176 3188 έν
1205 3137 1241 3188 τ’
1271 3136 1360 3207 σκενῇ

219 3188 597 3270 1ροο,οίίοιιδαοῖ,.οιιοοοιιι
614 3198 710 3248 verbe:
728 3226 763 3236 —
813 3194 890 3268 πάσρ
917 3199 1022 3255 στάντα
1048 3199 1078 3258 ἐν
1106 3210 1181 3257 τοῖσι
1207 3154 1360 3270 ἑδωλίοισι,

217 3274 237 3322 η
262 3271 352 3334 noros
373 3255 553 3340 διαρραρθοιί
576 3279 640 3328 μιν,
664 3257 702 3324 ἀρ
726 3257 762 3318 ἀν
813 3261 916 3339 ἀεῖσαι]
941 3276 964 3326 Ε
989 3275 1147 3328 melioribus
1174 3277 1254 3328 cedd.
1281 3294 1360 3328 revo-

218 3339 314 3405 ταφηι
341 3315 372 3376 έν
395 3343 431 3394 pp
456 3344 528 3395 τνχῃ
550 3333 639 3384 minus
664 3352 763 3389 conve·
814 3341 876 3388 oevi
895 3341 1035 3407 περαδεῖν
1053 3344 1280 3412 promeruisses,
1298 3363 1361 3413 pro·

219 3408 277 3444 rnre
296 3399 406 3457 putenm
424 3403 470 3461 nt,
490 3414 560 3464 quse
577 3404 672 3456 Arioni
691 3408 762 3457 scei-
813 3408 897 3458 bento
922 3413 1039 3466 Bredov.
1064 3433 1090 3482 p.
1118 3415 1178 3469 326.
1206 3417 1249 3468 Of.
1274 3419 1360 3468 etlam

221 3461 329 3524 derint,
351 3480 406 3516 non
428 3468 458 3518 in
480 3468 537 3519 alto
560 3474 642 3536 inuri,
667 3476 761 3526 sedin
813 3478 941 3532 Dinrlorl.
964 3497 989 3545 p.
1009 3485 1110 3537 XXIV.
1130 3491 1157 3536 et
1176 3487 1248 3536 inira
1269 3487 1293 3550 1,
1313 3487 1360 3538 32.

219 3534 300 3612 portu
318 3532 466 3588 Terentino
483 3537 574 3590 aliove
592 3541 653 3594 loco
671 3551 761 3598 terroe
813 3547 856 3598 Ad
874 3554 1105 3606 constructionem
1127 3555 1196 3620 loci,
1217 3556 1263 3606 ubi
1280 3573 1361 3620 proe-

218 3616 341 3665 prosumo
368 3606 528 3659 acciderint.
565 3612 639 3673 Quos
663 3617 761 3666 merito
812 3621 855 3666 ter
872 3633 973 3670 morem
992 3621 1144 3674 infinitivus
1162 3626 1295 3676 verbosos
1316 3641 1362 3675 ισ-

218 3684 274 3720 non
290 3671 398 3754 audivit
412 3675 619 3758 illesselingius.
637 3683 762 3750 Namque
813 3683 930 3752 ράσθαι,
942 3691 1014 3754 qued
1031 3692 1103 3742 idem
1115 3693 1189 3744 velet
1203 3699 1287 3760 etque
1297 3642 1359 3756 lein,

217 3742 321 3788 nonme
336 3741 445 3806 Arroni,
464 3761 489 3796 ει
507 3762 537 3796 se
552 3749 611 3814 ipse
627 3753 763 3805 interfice·
811 3755 922 3806 redditus
940 3764 991 3824 est,
1009 3762 1082 3810 conf.
1098 3755 1233 3814 Kuehner.
1249 3765 1295 3816 Gr.
1309 3766 1359 3816 Gr.

218 3812 363 3888 ret‚.sp·em
380 3811 478 3876 secere,
496 3814 563 3881 fore,
579 3824 609 3869 ut
626 3837 674 3886 pro
687 3839 762 3874 more
813 3827 838 3887 5.
850 3825 911 3877 660.
923 3833 980 3880 not.
995 3831 1019 3880 1.
1039 3831 1159 3882 Vocibus
1174 3824 1204 3883 ἐν
1216 3831 1252 3899 τῇ
1269 3831 1360 3900 σκενῇ

218 3875 254 3924 ab
271 3891 353 3956 ipsu,
369 3881 406 3932 erl
425 3886 524 3936 terrem
540 3889 564 3936 si
581 3891 761 3956 appulissent,
812 3887 890 3960 πάσῃ
915 3911 1020 3948 omnem
1043 3899 1191 3952 solemnem
1214 3908 1360 3967 poetarum

218 3942 387 4028 sepehretur.
405 3950 459 4013 Qui
478 3955 549 4006 enim
566 3973 642 4010 more
659 3976 761 4025 penne·
813 3967 841 4012 et
859 3964 1078 4020 citharoedorum
1104 3975 1230 4022 ornstnm
1247 3973 1283 4023 eb
1302 3975 1361 4024 He·

218 4015 297 4094 putes
315 4021 374 4066 vrts
392 4019 514 4074 defuncti
531 4031 619 4088 erent,
642 4044 688 4080 cos
706 4047 762 4082 non
812 4033 910 4084 rodoto
929 4039 1042 4100 exprimi
1059 4043 1151 4090 monet
1165 4042 1224 4104 οη,
1238 4043 1287 4106 qui
1301 4042 1362 4094 luu-

219 4095 248 4130 m
265 4097 340 4134 mere
357 4089 506 4154 proiectos,
524 4095 573 4144 sed
591 4096 620 4145 in
637 4101 761 4162 proximo
780 4159 785 4168 ι
813 4101 862 4152 dot
879 4103 1021 4169 Wyttenb.
1042 4109 1078 4159 ed
1096 4109 1236 4160 Plutarch.
1257 4111 1361 4162 Moral.

219 4166 328 4218 quaque
355 4161 429 4210 terre
455 4161 576 4226 sepultos
606 4179 666 4217 esec
694 4171 763 4220 sotis
813 4170 1017 4228 Animadversa.
1041 4179 1064 4240 1,
1087 4181 1112 4230 2.
1132 4195 1158 4244 p.
1183 4179 1243 4231 982.
1275 4182 1361 4232 Hem·

221 4227 341 4274 consur.
813 4240 931 4294 sterlrus.
949 4245 985 4296 etl
1004 4247 1119 4300 Lucisn.
1139 4249 1178 4300 11.
1198 4265 1225 4313 p.
1245 4249 1294 4301 671
1315 4267 1361 4316 sq.

251 4281 303 4340 ιδν
317 4283 350 4342 rii
366 4291 486 4347 σννίνια
500 4293 586 4350 τούτο
604 4297 762 4372 λίσσεσθαι,
815 4308 858 4361 ed.
875 4311 937 4376 Bip.
955 4313 1082 4378 Inprimis
1105 4331 1169 4368 vero
1192 4317 1237 4368 hio
1256 4319 1363 4370 stolam
