3086 4952
609 258 782 333 0L510.'1.
804 268 865 326 107.
889 269 949 324 108.
1282 261 1343 324 237

201 438 332 522 πλῆσαι
345 431 408 521 μὲν
421 431 482 522 τὴν
497 433 626 502 ἑαυτοῦ
639 433 749 520 πόλιν,
764 433 1024 528 ἐπικατακλύσαι
1038 435 1075 505 δέ
1089 439 1144 506 καί
1159 432 1220 525 τὴν
1230 431 1345 524 ’Λσίην

203 542 331 608 πᾶσαν.
374 531 605 626 ὑπερθέμενος
630 537 667 606 ὑὲ
690 543 759 608 τῶν
783 537 901 627 μάγων
922 554 1007 608 τοῖσι
1033 535 1277 629 ὀνειροπόλοισι
1306 537 1345 611 τὸ

203 644 389 726 ἐνύπνιον,
417 639 591 730 ἐφοβήθη,
616 638 697 732 παρ’
722 638 835 712 αὐτῶν
855 637 939 712 αὑτὰ
958 646 1081 714 ἕκαστα
1102 647 1235 733 μαθείν.
1261 641 1344 733 μετὰ

203 745 244 814 ot
262 741 327 833 τὴν
345 744 537 833 Μανδάνην
554 745 696 834 ταύτην,
724 747 846 815 ἐοῦσαν
864 742 928 836 ἤδη
946 743 1070 838 ἀνδρὸς
1088 743 1233 840 ὡραίην,
1263 747 1342 838 Μή-

204 855 280 918 δων
297 848 360 937 μὲν
375 853 445 918 τῶν
468 851 597 918 ἑαυτοῦ
621 846 724 932 ίιξίοιν
746 846 861 920 attavi
880 855 971 920 ὑιθοῑ
990 868 1151 940 γυναῖκα,
1183 849 1344 934 θεθοικιὺς

202 951 269 1042 τὴν
287 949 382 1035 ὅταν·
413 947 431 1022 ὑ
454 952 492 1021 ot
511 955 624 1041 Πέρση
645 959 753 1040 διδοῖ,
779 959 826 1048 τῷ
849 950 977 1043 οὑνομα
1000 947 1044 1044 ἦν
1060 957 1260 1046 Καμβύσης,
1284 955 1344 1026 τὸν

205 1053 344 1146 εὕρισκε
360 1062 468 1145 οἰκίης
485 1055 548 1145 μέν
566 1056 662 1126 ἐόντα
676 1054 823 1147 ἀγαθῆς,
847 1057 973 1147 τρόπον
995 1059 1032 1128 δέ
1051 1054 1206 1148 ἡσυχίου,
1231 1065 1343 1154 πολλῷ

203 1168 330 1250 ἔνερθε
343 1157 436 1248 ἄνων
451 1157 556 1230 αὑτὸν
568 1164 671 1248 μέσον
684 1158 807 1252 ἀνδρὸς
815 1161 951 1252 Μήδου.
980 1163 1231 1252 Σονοικεοὺσης
1246 1164 1282 1233 ot
1297 1169 1343 1257 τῷ
1355 1167 1413 1230 108

205 1263 376 1354 Καμβύση
401 1269 459 1353 τῆς
483 1264 690 1355 Μανδάνης,
719 1261 941 1355 ὑἏστυὺνης
969 1271 1014 1360 τῷ
1035 1264 1156 1360 πρώτῳ
1181 1273 1250 1335 ἐτει·
1274 1265 1344 1335 eicie

205 1367 315 1458 ἄλλην
333 1365 423 1450 ὄψιν.
455 1367 571 1438 ἐδόκεε
590 1372 630 1440 δέ
643 1374 678 1439 οἰ
695 1371 732 1438 ἐκ
752 1374 821 1439 τῶν
842 1375 982 1440 αἰδοίων
997 1375 1055 1459 τῆς
1075 1367 1247 1460 θυγατρὸς
1262 1369 1343 1440 ταὺ-

206 1501 267 1562 της
284 1479 390 1562 φὺναι
408 1469 577 1561 ἄμπελον,
597 1469 660 1562 τὴν
677 1473 716 1542 ὑὲ
732 1469 882 1562 ἄμπελον
901 1477 1050 1564 ἐπισχεῖν
1067 1472 1130 1565 τὴν
1147 1472 1262 1565 Ἀσίην
1281 1479 1344 1545 πᾶ-

207 1599 284 1648 σαν.
306 1573 392 1646 totio
405 1575 443 1646 θλ
456 1581 555 1646 τοῦτο
569 1578 624 1646 καί
637 1571 868 1668 ὑπερθέμενος
879 1595 965 1650 τοῖσι
978 1577 1232 1669 ὀνειροπόλοισι,
1248 1607 1344 1670 μετε-

209 1684 362 1771 πέμψατο
379 1683 417 1751 ἐκ
434 1686 504 1749 τῶν
518 1683 679 1772 Περσέων
692 1677 755 1770 τὴν
771 1686 944 1773 θυγατέρα
959 1685 1093 1753 ἐπίτεκα
1111 1687 1243 1755 ἐοῦσαν.
1266 1683 1344 1754 αἰπι-

242 1873 441 1948 ὑπερθέμενος
450 1877 482 1932 δὲ
495 1879 553 1932 τῶν
570 1874 669 1948 μὺηιον
680 1885 754 1933 τοῖσι
805 1883 892 1949 ipsam
920 1883 1084 1936 locationem
1116 1887 1255 1948 comparat
1284 1881 1348 1934 Val-

208 1945 421 2018 ὄνειροπὺλοισι
439 1943 472 2004 τὸ
491 1943 637 2020 ἐνύπνιον]
654 1953 754 2004 Omne·
806 1953 884 2004 chen.
904 1953 926 2016 1,
946 1954 989 2005 90.
1017 1955 1056 2018 11,
1082 1954 1141 2004 172.
1167 1954 1215 2016 1v,
1235 1954 1277 2004 76.
1297 1953 1345 2016 vl,

206 2024 272 2074 libri
288 2014 480 2088 ὑποθέμενος,
495 2025 567 2088 qnod
586 2039 602 2072 a
616 2023 754 2088 Stephano
805 2023 848 2074 35.
872 2023 1068 2090 Weaaelingiua
1096 2023 1347 2074 laudat'lnetinum

208 2096 265 2144 iam
280 2099 416 2144 mutatum
435 2093 488 2142 init
505 2093 533 2142 in
548 2084 753 2158 ὑπερθέμενος,
805 2094 828 2157 Ι,
847 2096 873 2156 t,
897 2093 943 2143 ubi
967 2094 1039 2160 qnod
1063 2095 1210 2159 Cambyses
1233 2099 1347 2146 vocatur

209 2163 284 2230 quod
301 2179 372 2216 recc.
396 2163 459 2215 edd.
478 2163 506 2212 in
524 2167 628 2214 textum
647 2179 754 2228 recepe-
804 2165 937 2214 mediocn'o
954 2167 1001 2230 oir,
1022 2165 1049 2214 id
1068 2181 1100 2216 ex
1119 2165 1170 2216 hoc
1187 2165 1245 2230 ipao
1260 2167 1347 2216 Hero-

208 2239 283 2284 runt.
319 2235 356 2284 Et
378 2249 439 2299 cap.
468 2249 498 2283 ae
518 2233 593 2284 nenti
615 2234 674 2283 aine
697 2231 753 2283 ulla
804 2234 863 2284 doti
880 2233 940 2285 loco
963 2235 1152 2300 explicandum
1175 2251 1234 2286 cnse
1256 2241 1347 2287 monet

208 2304 334 2354 lectionis
349 2305 485 2354 varietate
501 2300 698 2368 ὑπερθέμενος
715 2304 755 2352 ἰο-
805 2305 914 2370 Sauppe
933 2305 960 2354 in
973 2305 1087 2358 Jahrbb.
1108 2308 1128 2358 f.
1147 2306 1216 2357 Phil.
1233 2322 1260 2357 u.
1280 2308 1346 2358 Poe-

209 2375 332 2434 venitnr;
360 2374 474 2439 ipsoque
497 2374 567 2424 ratio
589 2372 700 2434 suadet,
724 2377 755 2422 ut
806 2375 868 2440 dag.
887 2376 971 2426 XXV.
992 2392 1020 2441 p.
1045 2376 1105 2428 218.
1141 2376 1194 2427 Sed
1217 2377 1244 2427 in
1261 2377 1346 2427 Hero-

210 2445 284 2494 idem
302 2442 429 2494 illndhoc
442 2456 550 2509 quoqne
563 2441 624 2493 loco
640 2443 755 2508 recipia—
806 2443 870 2495 doto
912 2444 944 2494 de
980 2446 1058 2498 nobiti
1086 2446 1344 2498 Acitoenienidaruin

208 2521 265 2566 tur.
283 2514 362 2576 Nam,
380 2518 410 2563 ut
428 2513 497 2562 banc
519 2517 610 2563 monet
631 2513 755 2577 Wytten-
805 2521 884 2580 gente
907 2516 1080 2581 cogitandum
1105 2531 1165 2567 eoae
1186 2517 1291 2582 patebit
1313 2531 1345 2566 cx

209 2583 325 2635 bachius
347 2583 375 2632 in
393 2581 505 2633 Selectt.
526 2582 665 2632 historico.
689 2597 752 2648 pag.
804 2585 852 2647 iia,
875 2600 945 2651 quae
972 2586 1006 2636 ad
1029 2587 1057 2650 Ι,
1084 2588 1133 2638 125
1155 2591 1182 2637 et
1209 2587 1260 2638 209
1283 2586 1346 2636 aise-

210 2654 273 2716 tol,
291 2642 459 2702 ὑποθέσθαι
482 2651 542 2701 τινί
561 2668 587 2702 τι
615 2657 657 2702 cat
679 2653 755 2703 alicui
805 2671 904 2706 remus.

210 2724 340 2774 τοπτίίίοιπ
358 2723 435 2784 dare,
461 2726 492 2772 ut
511 2721 534 2783 Ι,
555 2721 599 2773 90.
624 2721 682 2773 156.
706 2721 753 2784 IV,

212 2792 320 2856 1³5.V‚
335 2792 385 2842 72:
401 2795 431 2842 at
447 2781 629 2854 ὑπερθέσθαι
644 2790 703 2840 τινί
718 2807 753 2855 τι,
981 2827 1037 2878 Off
1067 2827 1159 2877 cvm

210 2880 265 2914 τεατι
294 2864 377 2927 atiquo
408 2862 533 2912 concilium
566 2863 753 2914 commonicare.
1040 2865 1046 2878 ”
1163 2863 1169 2876 ”

212 2933 292 2984 Geni.
322 2931 350 2994 1,
374 2931 401 2983 8.
429 2931 470 2996 V,
493 2933 536 2983 24.
565 2931 635 2994 VII,
659 2931 685 2982 8.
712 2931 753 2981 18.
840 2920 1018 2992 ὑἎστνάηης
1037 2925 1076 2995 τῷ
1095 2917 1197 2992 πρώτῳ
1216 2920 1272 2976 izei·
1289 2918 1347 2975 εἴθε

210 3003 283 3054 Ado.
300 3001 418 3052 Bredov.
437 3017 465 3066 p.
484 3001 526 3053 64.
550 3031 586 3040 —-
609 3001 651 3050 Ao
674 3017 755 3066 argu·
804 2989 893 3063 ἄλλην
908 2988 990 3063 ὄψιν]
1009 2997 1100 3047 Vorba
1118 2993 1157 3063 τῷ
1167 2989 1268 3062 πρώτῳ
1282 2989 1346 3057 ἐτεϊ,

210 3077 332 3124 mentum
364 3071 437 3137 qnod
468 3071 581 3134 attinet,
610 3072 754 3122 tenendum
805 3084 875 3135 qnae
892 3065 976 3132 vulgo
995 3066 1030 3118 ed
1047 3067 1169 3132 proxime
1186 3065 1347 3116 anteceden-

211 3148 271 3206 eot,
290 3142 398 3192 omnino
418 3142 499 3192 moria
524 3143 607 3192 iuiaae
630 3141 659 3192 in
681 3142 756 3192 hisce
806 3140 846 3190 tia
862 3138 1016 3189 referuntur
1033 3153 1066 3189 ac
1087 3137 1120 3188 de
1137 3135 1223 3202 primo
1240 3138 1347 3202 nuptia·

211 3212 386 3264 orientalium
403 3212 505 3277 regnis,
522 3217 553 3262 nt
569 3227 611 3262 rea
630 3211 756 3276 publicae
806 3225 864 3260 rum
888 3209 1031 3275 cambysis
1054 3213 1081 3259 et
1104 3208 1253 3259 Mandanae
1276 3221 1346 3258 anno

211 3283 391 3349 gravissimae
413 3296 462 3347 per
485 3282 648 3332 aomniorum
675 3283 756 3332 inter·
806 3277 1003 3345 intelliguntur,
1021 3281 1067 3330 Jo.
1083 3295 1100 3329 a
1113 3278 1252 3344 Gumpach
1265 3275 1347 3342 (Zeit-

210 3353 377 3419 pretationca
393 3351 685 3414 discernerentur,'nbi
699 3351 756 3402 Ma·
806 3349 898 3400 rechn.
920 3349 945 3399 d.
966 3349 1099 3414 Babylon.
1128 3364 1156 3413 p.
1183 3349 1232 3400 125
1255 3343 1346 3411 seqq.)

212 3438 308 3490 gornm
325 3427 357 3473 ut
374 3422 550 3486 interpretum
574 3422 688 3472 ictorum
714 3437 755 3472 ao·
807 3419 847 3468 ita
865 3418 988 3481 accipere
1006 3416 1113 3481 vult‚nt
1132 3417 1165 3467 de
1177 3417 1263 3481 primo
1275 3429 1346 3464 anno

211 3493 346 3544 mniorum
379 3505 484 3542 summa
512 3491 564 3541 fuit
596 3492 754 3542 auctoritas.
806 3487 884 3552 regni
901 3485 1032 3550 Astyagis
1049 3485 1250 3551 intelligantur,
1274 3479 1348 3532 inde-

212 3562 245 3614 Id
268 3562 339 3628 qnod
361 3562 463 3627 pariter
484 3575 579 3612 sacrae
603 3562 702 3612 docent
725 3560 756 3610 li·
806 3573 860 3622 que
892 3556 951 3621 ipae
980 3554 1067 3620 Cyrus
1102 3555 1237 3618 cogitetur
1266 3555 1348 3600 natna

210 3640 287 3684 terea
317 3647 397 3698 qnam
424 3629 564 3696 profanae.
600 3631 657 3682 Nec
684 3631 755 3695 iug'it
807 3641 878 3678 anno
904 3625 955 3676 595
977 3639 1002 3673 a.
1026 3623 1090 3674 Chr.
1113 3637 1140 3672 n.
1166 3651 1201 3660 -
1218 3619 1260 3670 An
1279 3623 1348 3669 otru-

210 3701 370 3755 Renneiium
388 3702 417 3752 in
440 3701 539 3767 (iacgr.
562 3700 665 3752 Herod.
690 3715 755 3766 pag.
807 3701 911 3748 cturam
928 3693 1005 3745 verbi
1025 3683 1119 3742 ἐδόκεε
1136 3691 1164 3740 in
1183 3704 1259 3754 seqq.
1274 3688 1346 3738 coni.

210 3773 265 3825 500
807 3766 860 3828 111,
892 3765 950 3816 124.
976 3762 1040 3825 vll,
1071 3762 1114 3824 12,
1140 3765 1166 3810 et
1195 3773 1265 3824 quae
1292 3757 1348 3809 alia

248 3833 316 3906 παρ’
340 3830 435 3890 αὑτῶ
443 3853 460 3889 ν
484 3829 558 3889 αὑτὰ
579 3833 681 3889 ἕκαστα
704 3849 755 3901 μοι·
805 3835 888 3887 habet
919 3831 1045 3885 Kuehner
1077 3830 1123 3882 Gr.
1155 3829 1202 3882 Gr.
1233 3831 1257 3893 ς.
1286 3827 1347 3892 649,

211 3903 288 3978 θεία]
305 3913 346 3962 De
365 3909 503 3961 locutione
521 3899 628 3973 ἀνδρὸς
645 3897 755 3971 ὡραίην
804 3905 835 3969 3,
854 3905 881 3956 b.
1045 3963 1057 3978 ,

211 3983 280 4047 (niro
302 3978 434 4045 matarum)
463 3977 535 4030 conf.
566 3979 589 4040 1,
620 3975 678 4028 196.
705 3975 754 4037 VI,
842 3965 980 4023 ἐπίτεκα
1009 3959 1123 4035 ἐονοαν]
1153 3957 1269 4017 ἐπίτοκα
1292 3967 1347 4019 Με-

214 4053 264 4103 122
282 4056 310 4102 et
328 4065 398 4116 qnae
410 4047 466 4099 alia
479 4047 562 4098 habet
571 4046 697 4099 Knehner
707 4045 754 4097 Gr.
806 4043 899 4094 dicent
915 4045 943 4092 et
960 4039 1009 4092 aiii
1031 4037 1140 4105 qnidam
1156 4037 1227 4102 libri,
1246 4039 1291 4104 qni
1309 4039 1349 4090 in·

153 4128 156 4136 ’
213 4121 260 4175 cr.
279 4125 305 4186 3.
326 4120 386 4183 630,
404 4118 442 4182 h.‚
459 4118 506 4184 qui
523 4117 594 4170 idem
614 4116 715 4169 θοῦν.
729 4117 754 4178 ξ.
807 4114 850 4164 ira
866 4113 889 4175 1,
910 4111 957 4162 111
979 4124 1070 4160 omnea
1088 4109 1246 4174 conspirant
1263 4107 1292 4157 in
1310 4107 1347 4160 le·

212 4192 274 4255 517,
298 4193 324 4242 2.
355 4187 537 4241 consulendae
564 4187 598 4238 de
627 4185 756 4250 genitivis
806 4183 896 4234 ctione
920 4171 1026 4244 ἐπίτεξ,
1058 4194 1127 4245 qnae
1159 4178 1242 4229 etiem
1261 4177 1347 4242 proba

530 4253 541 4266 a

210 4257 307 4325 οἰκίης
324 4254 376 4324 μὲν
393 4287 428 4299 -
445 4249 522 4322 ἆηαθ
544 4271 570 4321 ς,
594 4249 705 4320 τρόπον
725 4249 757 4302 tt
806 4251 906 4302 dicitnr
932 4247 1122 4302 Grammaticis
1155 4245 1348 4299 damnantibus
1436 4269 1446 4279 ι

208 4320 343 4397 ἡσυχίαν.
362 4326 405 4379 Ad
424 4319 502 4392 οἰκίη
523 4271 648 4390 ἰίακίλία)
672 4325 700 4373 at
722 4319 756 4372 mi
807 4319 920 4372 alteram
957 4319 1069 4370 termam
1106 4307 1245 4374 ἐπίτονος.
1283 4311 1348 4364 vid:
