3020 4930
205 260 268 324 896
589 264 856 327 EXCURSUS
878 263 958 324 XVI

206 436 313 488 Graeco
321 429 361 502 *),
376 435 597 509 quodAngs'sam
612 437 685 492 hand
700 438 759 490 scio
775 455 809 491 an
826 443 901 491 recte
916 435 1069 490 reddiderit
1079 435 1336 488 Godliermsnnus

204 517 363 590 (Opuscull.
378 519 415 572 11.
431 539 459 590 p-
468 521 532 589 181)
547 523 761 594 probaveritqoe
778 522 842 575 Car.
857 522 1090 575 Fr.l{ermsnnus
1105 521 1237 593 (Quaest.
1250 518 1336 570 Oedi-

205 603 415 673 [miili-112),
436 607 583 660 vernaculo
600 625 726 660 sermone
742 607 902 677 exposuerit
917 605 982 680 Car.
999 605 1053 658 Od.
1070 605 1198 658 Mueller.
1215 604 1336 676 (Orcho-

203 703 275 740 men.
293 704 321 756 p.
338 689 418 756 lun:
433 691 476 745 dia
492 693 654 764 Wiirgerin‚
669 692 695 745 si
712 692 820 763 quidem
836 689 930 760 Σφὶγξ
946 692 1068 744 eiusdem
1082 690 1178 760 stirpis
1194 697 1239 742 est
1252 695 1337 759 atque

205 773 318 826 verbum
331 775 452 846 σφίγγω,
470 777 544 848 quod
555 779 756 849 constringendi
771 777 798 829 vi
814 777 963 830 adhibitum
976 776 1130 830 invenimur
1139 773 1201 842 **),
1216 775 1338 844 indeque

205 873 262 911 cam
278 857 332 910 vim
345 858 435 928 habet,
456 879 537 932 qaae,
557 869 588 916 ut
601 862 633 914 C.
648 863 682 915 F.
693 862 845 915 Hermanni
862 867 925 914 utar
936 862 1039 929 verbis,
1061 860 1182 912 homines
1197 857 1338 911 constrin-

204 941 296 1010 gendo
316 943 436 996 suffocat
455 951 539 1017 atque
560 953 666 1001 enemt.
697 947 795 1018 ltaque
816 952 920 1016 pestem
938 951 1111 1014 grassantem
1132 944 1266 996 divinitus
1287 942 1337 993 im-

204 1025 442 1097 missam'Sphinge
454 1030 570 1084 iudicari
581 1037 742 1086 statuerunt
750 1047 861 1102 quoque
872 1031 906 1082 11.
914 1031 1008 1084 Braun
1021 1028 1147 1101 (Griech.
1159 1026 1337 1080 Gdtterlehre

206 1115 232 1177 §-
249 1111 314 1180 116)
331 1117 360 1163 et
373 1113 451 1167 Stoll.
469 1115 487 1168 Ι.
504 1133 590 1186 snpra
603 1117 621 1170 l.
641 1136 668 1187 p.
683 1121 727 1174 20.
759 1116 823 1178 Qua
836 1121 916 1183 peste
932 1133 965 1167 ex
981 1131 1067 1184 prava
1088 1112 1162 1165 siris
1177 1111 1337 1164 conditione

206 1196 343 1267 nimisque
363 1197 430 1250 solis
452 1199 478 1252 ri
499 1207 595 1254 exorta
615 1202 664 1273 qui
684 1200 805 1252 homines
827 1201 1025 1264 absumuntur,
1046 1198 1137 1266 ignari
1157 1196 1338 1250 remediorum

205 1280 246 1332 illi
267 1281 390 1352 quidem,
413 1283 515 1353 quibus
538 1285 604 1338 talis
625 1285 694 1338 mala
714 1291 857 1352 avenant,
879 1301 928 1336 eos
949 1283 1102 1354 sSphinge
1123 1283 1266 1349 devorari,
1290 1299 1337 1334 ex-

206 1365 335 1434 pediendi
359 1368 521 1437 aenigmatis
542 1369 694 1439 sSphinge
716 1369 851 1438 propositi
866 1369 985 1434 inscios,
1010 1367 1104 1420 rehum
1123 1367 1259 1420 declaret:
1282 1366 1338 1418 nisi

207 1449 284 1502 malis
296 1467 355 1504 cum
363 1451 396 1504 C.
405 1453 439 1506 F.
447 1455 603 1508 Hermanno
613 1449 677 1521 ***)
692 1454 725 1506 de
741 1453 856 1506 victimis
872 1452 996 1505 humenis
1011 1451 1134 1520 cogitare
1148 1452 1219 1504 irato
1234 1449 1338 1503 numini

208 1534 322 1601 oblatis,
348 1537 449 1606 quibus
471 1539 540 1592 mals
559 1537 606 1592 illa
626 1543 797 1592 avertantur.
835 1537 888 1590 His
906 1554 972 1589 vero
992 1538 1073 1590 linem
1093 1536 1202 1588 allatum
1223 1553 1286 1587 esse
1304 1534 1339 1586 eh

209 1617 367 1688 Oedipode,
389 1622 475 1676 altero
490 1623 571 1694 quasi
584 1622 725 1692 Apolline,
746 1623 794 1694 qui
809 1621 970 1690 aenigmatis
985 1621 1059 1674 illius
1074 1621 1212 1674 solatione
1229 1627 1340 1688 reperta

208 1703 356 1772 Sphingem
369 1711 401 1758 ut
414 1725 445 1760 se
460 1708 592 1760 deiiceret
607 1707 708 1775 effecit,
730 1707 814 1760 tradit
828 1707 920 1760 eadem
936 1706 1044 1759 fabula:
1065 1723 1137 1777 quae
1149 1705 1217 1776 quid
1230 1703 1340 1757 omnino

208 1787 312 1856 valeat,
333 1792 477 1846 comestis
495 1793 671 1863 perspicuum
688 1810 751 1846 esse
765 1799 873 1862 putem,
898 1791 960 1844 nolo
975 1808 1049 1843 nunc
1063 1791 1179 1860 amplius
1194 1806 1227 1841 ea
1245 1805 1340 1857 perse·

208 1873 266 1941 qui,
282 1891 353 1944 quae
366 1875 401 1926 ab
415 1875 614 1946 Aegyptiorum
626 1877 748 1946 Sphinge
766 1877 863 1948 utique
877 1875 966 1929 aliena
981 1881 1056 1944 sunt,
1076 1893 1127 1928 nec
1142 1874 1228 1942 magis
1245 1889 1341 1926 recen·

208 1975 271 2008 sere
286 1958 314 2009 in
330 1959 418 2012 animo
433 1969 477 2014 est
491 1962 583 2014 varias
600 1962 752 2030 Sphingum
765 1961 898 2030 inmagines
914 1961 1058 2013 aGraecis
1072 1959 1225 2013 artificibus
1241 1959 1341 2009 forma·

208 2047 252 2094 tes
272 2048 301 2094 et
320 2045 353 2096 ab
370 2043 566 2116 Aegyptiorum
583 2045 754 2115 Sphingibus
774 2046 898 2099 nonnihil
919 2045 1151 2113 discedentes†);
1174 2041 1341 2116 quadratis

205 2199 250 2208 unn-
255 2201 400 2211 ...μω-αα,

278 2293 305 2360 ’1)
325 2297 490 2364 Aegyptiam
509 2313 620 2360 vocem,
644 2311 698 2348 non
710 2298 859 2360 Graecam,
878 2295 974 2347 heberi
991 2294 1081 2347 voluit
1096 2291 1239 2346 Iablonski
1254 2295 1340 2346 Voce.

208 2365 337 2430 Aegyptt.
356 2383 384 2431 p.
401 2368 451 2422 ³33
469 2368 507 2434 (p.
520 2367 710 2419 ccuxxxm
729 2369 758 2416 in
768 2366 849 2418 Thes.
868 2367 900 2416 L.
920 2365 1110 2430 G1·.Stephan.
1130 2365 1189 2414 Τ.1
1206 2365 1249 2415 ed.
1269 2365 1340 2415 Lou-

209 2432 343 2500 dinsns.),
370 2452 535 2502 quamquam
557 2451 650 2488 veram
668 2436 898 2486 denominationis
915 2436 1050 2486 rationem
1069 2451 1156 2499 neque
1175 2435 1234 2500 ipse
1252 2449 1342 2500 neque

209 2503 244 2552 ab
263 2519 295 2553 eo
313 2504 453 2557 consultus
466 2509 508 2556 La
521 2505 634 2556 Orosius
650 2505 762 2556 reddere
779 2505 884 2570 potuit:
904 2503 960 2554 alia
980 2505 1115 2570 quaedam
1133 2505 1215 2554 etism
1234 2503 1343 2554 addidit

210 2573 249 2622 Te
268 2571 364 2624 Water
381 2575 399 2624 l.
418 2575 436 2626 l.
473 2575 543 2626 Mihi
560 2575 667 2625 Graece
683 2589 794 2638 prorsus
813 2575 922 2625 videtur
934 2589 1003 2634 vox,
1031 2574 1166 2638 adquam
1185 2573 1211 2622 id
1230 2587 1339 2636 quoque

209 2641 345 2708 pertinere
362 2645 453 2707 credo,
471 2645 542 2712 quod
561 2644 708 2710 Sphingem
719 2641 856 2709 (Σφίγγα)
876 2645 993 2693 Boeotos
1014 2643 1117 2693 dixisse
1135 2641 1339 2692 dastracum

209 2711 320 2762 Scholia
337 2713 373 2763 sd
382 2714 495 2766 Hesiod.
509 2714 647 2780 Theogon.
666 2719 694 2765 et
712 2714 747 2764 ad
765 2713 890 2777 Euripid.
909 2711 1051 2762 Phoeniss.
1071 2711 1089 2761 1.
1110 2727 1193 2777 supra
1211 2710 1230 2760 l.
1258 2709 1340 2760 liudo

210 2782 239 2831 in
257 2783 318 2847 ipso
336 2783 472 2848 Hesiodo,
495 2785 596 2835 dudum
619 2784 751 2835 suadente
775 2783 893 2834 Graevio
915 2781 1019 2846 ¹(Lectt.
1044 2781 1176 2831 Hesiodd.
1201 2796 1262 2846 cap.
1282 2779 1342 2844 24),

209 2868 280 2902 nuuc
297 2855 447 2920 repositum
466 2859 508 2906 eat
527 2871 597 2906 vers.
609 2852 661 2906 326
677 2843 741 2902 Φῖκ’
763 2843 851 2916 ὀλοὴν
870 2867 919 2916 pro
938 2841 1046 2916 Σφίγγ’
1063 2841 1158 2916 ὀλοὴν,
1178 2865 1258 2916 quam
1276 2865 1342 2900 ean·

210 2921 271 2972 dem
293 2920 409 2973 Φίκειον
432 2921 514 2989 τέρας
537 2924 609 2974 dixit
632 2921 796 2988 Lycophron
820 2919 969 2971 Cassandr.
994 2919 1070 2972 1463.
1114 2921 1239 2986 Namque
1263 2935 1342 2970 mons

209 2991 352 3056 Boeotiae,
371 2994 418 3045 nbi
430 2993 534 3059 Sphinx
546 2990 626 3059 (Φίξ)
644 2991 805 3043 commorari
822 2991 983 3055 putabatur,
1002 2988 1105 3038 Φίκιον
1114 2979 1183 3054 ὄρος
1197 2989 1343 3040 dicebatur

210 3062 328 3114 testibus
338 3063 428 3114 Schol.
446 3064 481 3114 ad
490 3063 602 3114 Hesiod.
615 3063 633 3113 l.
646 3062 663 3112 1.
682 3067 765 3127 atque
783 3062 843 3125 ipso
863 3061 911 3124 qui
927 3059 1014 3110 l'ertnr
1028 3058 1150 3110 Hesiodo
1169 3059 1198 3110 in
1208 3059 1284 3109 Scut.
1298 3057 1343 3110 31.

211 3129 367 3196 Stephanus
386 3134 503 3199 Byzant.
523 3131 651 3195 Φίκειον,
668 3121 736 3194 ὅρος
751 3127 897 3188 Βοιωτίας,
916 3125 964 3178 sai
982 3122 1030 3178 διὰ
1047 3121 1211 3193 διφθόγγου
1228 3124 1277 3177 καὶ
1295 3121 1344 3176 διὰ

209 3195 329 3317 portior
346 3199 398 3251 τοῦ
416 3205 436 3254 ῖ.
457 3195 489 3252 τὸ
507 3192 626 3251 torreto
641 3188 770 3256 Φικειεύς
789 3193 847 3264 [καὶ
860 3190 996 3264 ficareris}
1033 3199 1133 3250 Festus
1152 3213 1258 3264 quoque
1273 3197 1342 3248 haec

230 3269 307 3320 abet:
327 3272 438 3336 „Picati
457 3271 631 3338 appellantur
650 3269 770 3334 quidam,
790 3283 904 3333 quorum
921 3267 1004 3334 pedes
1022 3267 1135 3318 formati
1153 3273 1217 3318 sunt
1235 3269 1264 3317 iu
1281 3283 1343 3332 spe-

211 3339 281 3391 ciem
300 3338 446 3406 Sphingem,
475 3341 547 3408 quod
570 3355 618 3391 ees
637 3340 717 3390 Dorii
736 3337 825 3402 phicas
845 3337 977 3389 vocent'¹.
1016 3337 1083 3388 Inde
1106 3337 1178 3401 apud
1200 3336 1341 3387 Plutarch.

210 3408 318 3459 Morall·
339 3411 461 3475 p.988A.
481 3401 591 3460 Φίκιον
610 3409 800 3474 corrigendum
818 3407 870 3458 erit
889 3408 917 3456 in
935 3404 1046 3470 Φίκιον,
1066 3406 1113 3458 sed
1130 3407 1158 3458 in
1175 3406 1340 3471 Palaephst.

210 3477 364 3529 Incredihb.
385 3495 446 3546 cap.
466 3484 480 3531 7
502 3480 671 3530 retinendum
691 3475 834 3542 Σφίγγιον
852 3465 933 3540 ὅρος,
959 3476 1032 3541 quod
1056 3477 1127 3527 idem
1145 3481 1342 3526 commemorat

211 3546 366 3600 Pausanias
383 3550 432 3612 IX,
452 3548 495 3610 26,
514 3551 530 3599 2
549 3547 676 3613 Sphingis
690 3547 839 3597 Thebanae
857 3545 980 3596 fabulam
995 3561 1136 3597 emanans.

282 3632 326 3700 1111’)
345 3634 424 3685 Goui.
443 3633 570 3699 Aeschyl.
588 3633 724 3686 Prometh.
743 3633 785 3683 58.
804 3630 876 3681 Plat.
895 3631 964 3682 Tim.
983 3632 1097 3698 poan.
1133 3631 1217 3682 Plura
1236 3631 1293 3682 vid.
1313 3632 1343 3681 in

213 3701 357 3756 Thesauro
373 3705 452 3770 Ling.
470 3703 566 3754 Graec.
585 3703 648 3754 VII.
665 3720 692 3768 p.
708 3702 773 3753 1612
791 3700 917 3751 Diodori.

281 3771 342 3838 ***)
358 3774 377 3824 l.
397 3789 480 3839 supra
499 3774 517 3823 l.
537 3789 563 3838 p.
580 3773 640 3823 115.
678 3771 757 3822 Cous.
778 3785 884 3836 quoque
903 3767 981 3820 Stoll.
1001 3766 1019 3817 1.
1039 3768 1057 3819 1.
1076 3786 1103 3836 p.
1122 3771 1165 3820 42.
1185 3771 1227 3820 45.

281 3841 311 3924 γ)
329 3843 444 3908 Sphinx,
465 3847 536 3894 teste
549 3841 712 3906 Apollodoro
725 3841 744 3892 l.
762 3855 846 3905 supra
865 3839 900 3900 l.,
925 3829 982 3903 εἶχε
1004 3830 1035 3886 di
1053 3830 1209 3902 πρόσωπον
1226 3833 1279 3902 μὲν
1295 3855 1344 3904 γυ·

212 3926 320 3972 sessor,
341 3910 450 3978 στῆθος
466 3905 498 3961 di
515 3906 563 3960 sol
582 3903 666 3977 βάσιν
683 3905 730 3960 sel
748 3899 839 3972 οὐρὰν
857 3906 971 3964 ls'osroc
987 3901 1035 3955 sul
1053 3899 1191 3972 πτέρυγας
1210 3899 1341 3972 ὄρνιθος.

211 3981 291 4032 Unde
302 3983 396 4032 Tzetz.
418 3981 453 4032 ad
464 3982 539 4046 Lyco
560 3980 637 4031 huon.
658 3983 687 4031 7:
706 3971 759 4042 τὴν
778 3969 809 4026 di
819 3975 933 4042 Σφίγγα
946 3972 1077 4040 1ἐγουσιν
1093 3971 1168 4041 ἔχειν
1186 3967 1264 4035 εἶδος
1279 3967 1343 4028 ὄπι-

213 4047 286 4097 σθεν
304 4043 356 4114 μὲν
378 4047 506 4114 λέοντος,
545 4047 678 4114 μπροσθε
696 4039 727 4097 di
743 4039 918 4110 ἀνθρώπου,
943 4035 1035 4109 γυπὸς
1059 4035 1178 4110 ὄνυχας,
1204 4041 1343 4112 πτέρυγας

209 4108 295 4164 ἀετοῦ
312 4114 359 4166 sal
377 4117 494 4169 τοιαῦτα
511 4111 649 4182 τεράστια,
668 4123 698 4168 ut
714 4114 1112 4180 rescr·ipsitC.F.Hermsnn.l
1123 4114 1174 4180 l.p.
1185 4116 1243 4167 112.
1262 4114 1342 4180 Apud

209 4183 371 4250 Palaephst.
386 4189 511 4240 lncredd.
531 4191 617 4254 capi
630 4187 734 4252 Sphinx
753 4187 854 4236 dieitur
876 4183 985 4248 θηρίον
1002 4211 1036 4221 -
1055 4181 1134 4247 σῶμα
1151 4177 1203 4246 μὲν
1222 4177 1287 4249 ἔχον
1303 4173 1342 4240 ὥς

210 4247 442 4372 ξυῖὁςγεφαίὴν
460 4254 491 4306 di
509 4253 556 4308 sol
575 4251 731 4324 πρόσωπον
750 4246 851 4319 κόρης,
875 4251 1016 4318 πτέρυγας
1035 4244 1170 4318 ὄρνιθος,
1189 4246 1292 4318 φωνὴν
1310 4245 1342 4300 di

207 4337 246 4372 av
272 4337 380 4387 porros.
