3064 4940
228 321 287 385 130
656 316 925 380 HERODOTI

224 499 310 587 χίων
330 493 558 566 ἀπολείπουσα
570 509 660 583 τρεῖς
675 491 859 573 δακτύλους
874 494 929 562 καί
943 490 1051 575 άλλως
1066 491 1207 586 εὐειδής.
1235 496 1360 586 ταύτην

223 599 285 690 τὴν
311 615 456 688 γυναῖκα
483 596 708 677 σκευάσαντες
728 604 914 686 πανοπλίῃ,
941 595 975 678 ἒς
997 593 1085 687 άρμα
1111 596 1359 690 ἐσβιβάσαντες,

223 705 279 775 καί
295 707 514 793 προδέξαντες
532 705 657 790 σχῆμα,
675 695 749 771 οἷόν
768 729 799 770 τι
814 707 930 790 ἔμελλε
955 700 1222 792 εὐπρεπέστατον
1236 709 1358 794 φανέε-

223 819 305 878 σθαι
326 813 461 896 ἔχουσα,
482 803 631 894 ἤλαυνον
653 802 687 885 ἐς
700 801 737 874 τὸ
751 802 852 889 άστν,
874 806 1085 896 προδρόμους
1105 809 1254 899 κήρυκας
1275 836 1357 898 προ-

223 914 429 1000 πέμψαντες,
451 916 485 978 ol'
502 906 542 978 τά
562 905 784 996 ἐντεταλμένα
805 905 970 998 ἠγόρευον
990 907 1023 992 ἒς
1042 909 1079 982 τὰ
1099 908 1183 981 άστν
1196 911 1356 1002 άπικόμε-

222 1043 293 1101 νοι,
313 1017 466 1102 λέγοντες
478 1011 608 1083 τοιάδε·
633 1003 673 1081 Ὠ
692 1009 883 1101 Ἀθηναῖοι,
904 1016 1046 1082 δέκεσθε
1060 1012 1180 1108 ἀγαθῷ
1193 1015 1260 1110 νόῳ
1274 1026 1356 1086 Πει-

222 1124 417 1208 σίστρατον,
442 1113 501 1186 τὸν
514 1110 631 1207 αὐτὴὴ
649 1113 811 1204 Ἀδηναίη
823 1115 986 1205 τιμήσασα
999 1114 1192 1208 ἀνθρώπων
1204 1118 1357 1208 μάλιστα,

222 1221 358 1311 κατάγει
380 1219 413 1304 ἒς
433 1217 495 1312 τὴν
518 1221 643 1309 ἕωιπῆς
662 1217 854 1310 ἀκρόπολιν.
897 1224 943 1287 Οί
959 1219 1021 1306 μὲν
1041 1219 1083 1310 δὴ
1103 1226 1207 1290 ταῦτα
1221 1227 1355 1312 διαφοι-
1431 1299 1435 1304 ,

221 1329 352 1408 τίοντες
371 1333 505 1416 ἔλεγον·
539 1321 660 1394 αὐτίκα
680 1323 716 1392 δὲ
738 1328 771 1402 ἔς
790 1347 826 1390 τε
847 1319 924 1402 τούς
945 1322 1070 1412 δήμους
1088 1325 1186 1413 φάτις
1206 1323 1355 1412 ἀπίκετο,

223 1425 267 1510 ὥς
288 1425 450 1518 Ἀθηναίη
471 1435 713 1517 Πεισίστρατον
730 1423 884 1512 κατάγει·
912 1428 968 1495 καὶ
992 1430 1028 1496 ol
1048 1423 1085 1496 ἐν
1104 1433 1150 1522 τῷ
1171 1424 1267 1497 άστει·
1283 1440 1400 1498 πει-19

222 1594 305 1656 inita,
324 1595 417 1644 urbem
434 1593 520 1664 tradit
537 1593 707 1644 concessisse
718 1593 765 1642 Pi·
815 1591 1011 1658 Wesseliugins
1036 1594 1190 1660 explicans:
1225 1605 1358 1660 „ostema-

221 1663 342 1726 sistrato,
359 1665 425 1729 „qni
437 1678 584 1714 conscenso
597 1679 677 1714 curru
690 1663 765 1713 lerni-
814 1671 874 1713 nant
891 1677 952 1730 erpo
974 1667 1127 1728 παρπβλοααι
1148 1668 1229 1720 illam,
1240 1669 1355 1730 speciem,

221 1747 283 1782 nam
301 1747 426 1798 magnam
445 1738 473 1784 et
494 1739 637 1784 venustam
654 1737 765 1800 propter
814 1741 842 1784 nt
854 1737 968 1786 λοοααλοτ
984 1735 1138 1796 fallerent.“
1158 1735 1295 1802 Sahwgh,
1311 1737 1357 1803 qui

222 1817 251 1852 se
270 1804 412 1854 constitnit
423 1803 532 1855 nomine
544 1803 662 1870 Phyam‚
681 1805 763 1855 armis
815 1808 842 1854 et
859 1803 919 1868 ipse
936 1803 1077 1870 vulgatam
1094 1811 1182 1870 tenet,
1200 1806 1280 1857 aliter
1298 1823 1358 1858 eam

219 1871 341 1923 Palladis
364 1879 501 1936 ornatam,
532 1875 684 1939 opinionem
708 1891 763 1925 mo·
815 1873 843 1924 in
876 1874 1100 1939 interpretatione
1129 1878 1275 1943 expressit:
1312 1879 1357 1942 „in

220 1957 303 2005 rens,
329 1945 401 2009 qnod
425 1945 550 1996 Minerva
574 1945 668 1995 ducem
694 1945 763 1996 Pisi·
813 1947 1204 1998 canwnsmtalissentedortcrn
1218 1951 1291 2012 prius
1305 1963 1357 1998 sum

202 2016 336 2064 ,stratum
364 2015 424 2065 sine
454 2014 574 2080 periculo
606 2015 761 2066 immiserit:
813 2014 946 2064 edomuere
962 2020 1044 2073 ναίετε
1061 2022 1223 2082 corporisque
1240 2018 1355 2078 λαίιίίιαν,

220 2087 302 2148 atque
321 2083 361 2133 sic
373 2084 576 2134 Atheniensium
592 2086 762 2148 tyrannidem
814 2099 862 2149 qao
872 2088 978 2134 mucrore
988 2087 1083 2135 decora
1096 2095 1164 2137 esset
1174 2087 1357 2150 calpae-ituro!⁸

220 2153 397 2218 occupavit.“
433 2155 510 2217 Quae
529 2154 589 2217 ipsa
601 2155 708 2205 veriora
724 2155 762 2203 vi·
813 2151 855 2202 Ad
870 2167 979 2202 sensnm
992 2170 1047 2204 non
1058 2155 1143 2216 male,
1158 2169 1356 2223 namquenpo-

220 2221 318 2272 dentur
336 2223 443 2273 Plassio
462 2221 492 2286 (l.
506 2222 524 2272 l.
544 2239 570 2287 p.
592 2223 670 2286 193),
689 2224 762 2273 lama
813 2217 945 2282 δέξαντες
972 2225 1018 2272 vix
1046 2225 1120 2274 aliud
1147 2241 1206 2275 esse
1239 2225 1355 2286 ridetur,

220 2297 283 2358 post
301 2293 404 2343 tradita
422 2297 462 2355 et,
482 2297 514 2342 nt
531 2291 588 2342 lieri
606 2293 689 2355 solet,
714 2293 762 2342 ali·
814 2305 909 2356 quam:
937 2295 1008 2356 eique
1031 2291 1113 2358 (eum)
1139 2296 1293 2345 indicassent
1317 2303 1357 2342 rc—

220 2367 263 2412 ter
280 2363 362 2412 etiam
386 2363 556 2413 conformata
579 2368 606 2412 et
626 2363 660 2412 ab
678 2363 764 2412 Hero·
813 2365 859 2411 lem
871 2360 977 2410 babitmn
992 2377 1023 2411 ac
1038 2365 1158 2426 speciem,
1182 2379 1232 2428 quc
1247 2371 1356 2413 assumus

220 2431 285 2482 doto
304 2431 399 2482 talium
417 2447 505 2483 rerum
521 2432 627 2482 curioso
643 2437 762 2497 arrepta.
810 2432 992 2493 formosissima
1015 2433 1152 2486 ολδενεαιτ,
1189 2431 1356 2496 Scripseram

198 2501 353 2567 ,Equidem
374 2503 404 2552 in
423 2503 465 2552 his
484 2501 544 2567 plus
569 2501 633 2552 fidei
651 2517 694 2552 me
716 2501 763 2550 ha·
814 2500 894 2560 haec,
913 2515 973 2549 anm
989 2501 1076 2550 avito
1093 2501 1174 2552 docto
1193 2503 1309 2566 quodam
1328 2500 1356 2548 in

218 2571 282 2622 bere
309 2571 440 2623 confiteor
458 2570 610 2633 Herodoto,
633 2572 661 2620 in
684 2572 762 2621 cuins
813 2568 984 2633 Ephemcrid.
1002 2570 1222 2622 Halenss.18·ltl.
1240 2587 1299 2621 nro.
1311 2571 1355 2620 ol.

218 2642 376 2692 narratione
399 2657 432 2692 ao
450 2641 549 2690 indicio
573 2641 656 2691 Grote
686 2641 715 2705 (l.
741 2640 760 2691 l.
813 2655 840 2704 p.
860 2639 910 2689 oltt
930 2638 1018 2690 locum
1042 2641 1082 2690 sic
1100 2639 1264 2706 explicatum
1282 2642 1356 2690 inve-

218 2711 266 2762 1v.
286 2727 311 2776 p.
334 2711 393 2776 141)
412 2715 487 2761 recte
504 2710 557 2759 sibi
574 2711 706 2774 reperisse
723 2711 763 2760 vi·
813 2709 912 2759 nirem:
925 2706 1137 2774 ,,προδε’ξαντες
1150 2709 1242 2776 σχῆμα
1256 2704 1320 2760 οίόν
1330 2725 1356 2758 τι

219 2795 265 2830 sus
283 2785 326 2830 est
342 2781 422 2831 initia
439 2781 572 2847 quaedam
591 2781 702 2831 criticae
721 2795 763 2831 ar·
813 2768 873 2844 (dr)
891 2770 1119 2844 εὐπρεπέστατον
1141 2774 1245 2845 ἔχοντα
1263 2777 1356 2846 ἔμελλε

218 2851 255 2899 tis
269 2851 304 2900 ab
321 2850 459 2900 Herodoto
478 2849 613 2900 exercitae
631 2851 763 2917 simulque
812 2844 985 2912 φανέεσθαι,
1004 2853 1078 2914 prius
1094 2858 1295 2902 monstraverant
1310 2850 1356 2899 λα-

218 2919 319 2971 indicia
333 2920 492 2970 mutationis
513 2917 585 2968 illius
602 2919 630 2968 in
645 2920 762 2972 Graeco·
811 2919 885 2968 bilant
903 2921 999 2985 qualem
1021 2917 1163 2986 (tanquam)
1183 2925 1289 2972 macons
1312 2921 1356 2970 de-

219 3005 278 3039 rum
302 2989 399 3039 animis
422 2993 536 3054 totaque
563 2989 699 3040 sentiendi
720 3006 762 3040 ra·
811 3003 895 3039 corma
918 2989 1012 3038 labens
1034 2994 1187 3054 apparitura
1209 3001 1292 3050 esset:
1319 2991 1357 3040 sie

217 3060 292 3109 tione
318 3059 408 3108 iactae
428 3057 562 3108 Herodoti
581 3065 687 3122 aetate,
714 3061 762 3126 qui
811 3059 895 3109 datlen
918 3059 959 3109 ι’ία·
979 3063 1034 3110 eins
1060 3061 1172 3126 ίίαλαιπρ
1193 3063 1303 3128 perciet,
1331 3062 1356 3109 iu

218 3129 276 3193 ipse
294 3128 327 3177 da
344 3129 392 3190 iis,
413 3143 483 3193 quae
500 3127 640 3178 Pisistrati
660 3145 761 3196 aequa·
812 3129 859 3178 der
875 3133 925 3192 sr'e,
947 3131 992 3179 wis
1015 3145 1071 3179 man
1096 3140 1244 3195 creareris,
1269 3133 1309 3182 uls
1331 3132 1356 3180 iu

218 3197 256 3247 les
279 3213 344 3262 prae
367 3213 397 3248 se
421 3199 492 3249 ferre
513 3198 560 3248 vix
578 3200 638 3249 ausi
660 3207 760 3263 essent,
814 3200 862 3248 der
876 3198 1010 3249 scddnsten
1029 3201 1172 3252 eracler'nen
1190 3202 1304 3252 worde.“
1322 3231 1357 3240 -

219 3281 279 3317 eum
303 3267 331 3316 in
349 3267 457 3319 modurn
476 3268 598 3320 elocutus
622 3275 664 3320 est
692 3271 764 3319 iren·
814 3268 900 3319 Panlo
919 3273 983 3319 ante
1010 3259 1038 3326 ἐς
1060 3258 1138 3332 cipro
1161 3261 1356 3338 ἐσβιβάσαντες

219 3335 333 3403 demque
345 3353 378 3388 ac
396 3337 583 3403 deceptionem
600 3341 655 3389 tam
669 3347 763 3404 aperte
814 3343 869 3388 est:
892 3353 965 3402 „eron
980 3341 1005 3390 ia
1022 3357 1122 3390 cur-rum
1139 3343 1310 3404 inposuissent
1327 3342 1357 3389 r'l-

218 3406 379 3458 deelaravit.
422 3408 563 3460 Mulierem
592 3425 657 3460 vero
689 3407 763 3460 illam
813 3409 891 3458 lam.“
932 3409 1045 3461 Confert
1067 3412 1115 3462 Cr.
1140 3411 1295 3462 Homsterb.
1319 3408 1355 3457 ad

218 3477 322 3542 Pbysm
340 3478 412 3544 quod
430 3485 525 3529 nostra
544 3482 637 3529 aetate
653 3480 764 3530 exstite-
814 3479 929 3529 Lucian.
948 3479 986 3531 11.
1005 3497 1032 3545 p.
1051 3481 1113 3533 2³8.

217 3547 621 3614 runt,quicum10annailla
640 3549 762 3599 Aurelia·
848 3539 952 3598 αὐτίκα
981 3545 1013 3599 δὲ
1035 3543 1064 3607 ἔς
1093 3565 1121 3599 τε
1153 3539 1221 3603 τούς
1246 3539 1355 3609 δήμους

216 3619 295 3667 nansi
323 3619 351 3668 in
374 3617 513 3670 Gallorum
539 3618 620 3669 rebus
644 3619 763 3669 celebra·
813 3610 899 3680 φάτις
916 3610 1046 3682 ἀπίκετο]
1065 3612 1149 3681 φάτις
1172 3615 1287 3665 λίποιτε
1312 3629 1354 3662 ru-

216 3687 324 3737 tissima
342 3691 548 3753 componerent,
575 3703 670 3752 parum
688 3693 762 3739 recte
811 3703 876 3750 mor,
892 3687 976 3752 fama,
990 3687 1051 3738 coll.
1066 3687 1138 3736 inira
1149 3684 1186 3746 11,
1202 3683 1262 3734 102.
1287 3682 1354 3732 Aliis

216 3755 244 3805 bi
271 3757 370 3808 iecisse
392 3757 531 3820 videntur,
561 3762 591 3807 ut
619 3757 687 3808 bene
714 3773 761 3808 an·
811 3756 880 3806 locis
898 3757 998 3806 dicitur
1011 3748 1106 3819 λόγος,
1125 3750 1234 3819 μῦθος,
1254 3752 1311 3801 alia
1326 3751 1354 3800 id

215 3827 323 3875 notavit
344 3827 427 3877 Iacob
455 3829 483 3876 in
510 3831 581 3877 nott.
609 3828 643 3877 ad
662 3829 761 3893 Langii
812 3840 913 3891 genus,
940 3826 978 3874 de
1008 3825 1105 3888 quibus
1135 3824 1283 3874 Crenaerus
1312 3822 1353 3870 iu:

215 3893 327 3944 librum:
372 3896 565 3958 „vermischte
600 3897 759 3948 Schriften“
811 3895 917 3944 Hister.
935 3895 1025 3944 Kunst
1047 3894 1094 3943 der
1119 3892 1225 3944 Grisch.
1251 3908 1278 3957 p.
1303 3891 1354 3943 178

215 3979 242 4028 p.
260 3965 321 4015 288.
674 3990 683 4010 ι
812 3979 869 4030 seq.
891 3962 928 4028 (p.
950 3961 999 4014 1:30
1018 3962 1061 4013 ed.
1080 3963 1158 4027 see).

251 4028 442 4096 προδέξαντες
460 4031 552 4097 σχῆμα
569 4025 633 4082 οίάν
650 4050 677 4083 τι
693 4051 719 4085 κ.
737 4051 760 4084 τ.
845 4029 893 4082 καὶ
911 4025 942 4081 oi
957 4021 987 4081 ἐν
1011 4030 1050 4098 τῷ
1070 4023 1149 4081 docet·
1171 4024 1354 4097 πειθόμενοι]

216 4099 252 4168 λ]
271 4103 324 4153 Vix
342 4117 411 4166 opus
429 4103 677 4167 emendationibus,
696 4121 761 4170 qua·
811 4097 855 4166 ολ,
882 4101 953 4168 qnod
976 4101 1133 4168 plerumque
1151 4102 1242 4164 deest,
1267 4103 1355 4152 adsci-

215 4171 255 4221 les
280 4175 344 4222 sunt
369 4164 570 4235 προσάψαντες
591 4189 613 4223 s.
635 4167 759 4239 προσδή-
810 4176 868 4221 turn
887 4189 902 4221 e
919 4171 1082 4236 quibusdam
1100 4171 1189 4232 libris,
1211 4173 1354 4239 inquibus

216 4254 316 4299 σαντες
339 4241 550 4306 (Iv,105.vl,
578 4243 651 4308 119);
676 4249 760 4294 reate·
809 4241 898 4293 lineae
911 4243 1124 4307 suprascriptum
1139 4242 1248 4306 legitur.
1274 4245 1354 4294 Nam-

215 4325 268 4378 que
285 4311 396 4362 verbum
414 4307 603 4374 προδέξαντες
621 4314 684 4378 (pro
703 4313 760 4364 vul·
810 4327 863 4376 qua
887 4311 1002 4362 articulo
1028 4312 1071 4362 hic
1098 4313 1177 4392 plane
1202 4315 1290 4364 oratio
1309 4331 1354 4364 ca-

214 4383 274 4448 gari
292 4381 380 4432 torma
391 4379 606 4449 προδείξαντες)
619 4384 705 4433 tuitus
718 4389 760 4434 est
810 4399 867 4433 rare
885 4383 988 4448 nequit.
1019 4382 1189 4448 πειθομενοι
1214 4400 1354 4449 perperam
