3064 4940
216 299 276 361 156
648 296 916 360 HERODOTI

215 472 275 546 σὸν
290 469 453 558 ὠνέοντο,
475 473 508 554 ἐς
523 467 656 561 ἄγαλμα
677 470 876 563 βουλόμενοι
889 469 1079 562 χρήσασθαι
1092 477 1209 560 τοῦτο,
1230 471 1267 543 ad
1289 479 1356 545 νῦν

216 583 273 667 τῆς
293 580 493 665 Λακωνικῆς
512 579 550 646 ἐν
570 576 718 664 Θόρνακι
738 582 873 667 ἵδρυται
890 573 1116 656 Ἀπόλλωνος·
1151 587 1295 668 Κροῖσος
1319 583 1359 650 δέ

171 698 210 760 70
219 706 279 773 σφι
301 679 517 770 ὠνεομένοισι
542 686 648 751 ἔδωκε
672 686 829 771 δωτίνην.
881 679 1017 751 Τούτων
1036 707 1072 749 τε
1098 672 1148 751 cdv
1175 688 1306 754 εἵνεκεν
1325 688 1360 753 οἱ

217 784 476 874 Λακεδαιμόνιοι
502 783 564 874 τὴν
584 793 775 874 συμμαχίην
802 787 971 869 ἐδέξαντο,
1000 786 1055 854 καλ
1081 781 1129 854 ὅτι
1162 789 1199 856 ἐκ
1220 786 1357 858 πάντων

217 895 321 982 σφέας
342 897 525 979 προκρίνας
538 885 709 979 Ἑλλήνων
726 893 855 978 αἱρέετο
872 896 1002 977 φίλους.
1032 889 1199 961 καὶτοῦτο
1217 891 1280 979 μὲν
1294 889 1357 960 αὔ-

215 998 266 1067 τοὶ
279 987 366 1085 ἦσαν
382 997 505 1082 ἑτοῖμοι
520 996 774 1082 ἐπαγγείλαντι,
797 999 897 1063 τοῦτο
918 994 955 1064 δὲ
970 992 1187 1082 ποιησάμενοι
1208 1001 1358 1086 κρητῆρα

252 1156 359 1230 χρυσὸν
377 1155 512 1230 dulcore]
533 1153 762 1220 mosomenses
814 1165 905 1229 gincrn
928 1165 955 1214 in
978 1163 1121 1214 Thornace
1147 1163 1241 1215 eodem
1268 1165 1358 1230 modo,

215 1236 342 1292 solebant,
369 1236 394 1284 in
412 1237 493 1285 ααὶικυ
511 1233 649 1291 habebant,-
664 1235 761 1299 dequo
814 1250 868 1300 quo
887 1233 1021 1300 Apollinis
1033 1233 1173 1300 Amyclaei
1190 1233 1359 1287 elaboratam

216 1305 368 1372 imperfecti
390 1319 442 1355 usu
464 1304 580 1354 diximus
610 1305 644 1355 ad
672 1306 695 1368 I,
718 1305 761 1356 08.
816 1320 876 1355 esse
894 1306 988 1368 refert,
1007 1305 1141 1369 Apollinis
1160 1304 1240 1355 huius
1259 1307 1358 1357 faciem

215 1409 251 1418 -
265 1377 297 1426 In
309 1390 385 1440 seqq.
398 1391 459 1440 pror
474 1365 575 1436 rorico,
592 1367 623 1424 τὸ
636 1374 762 1441 Sohwgh.
816 1393 832 1426 a
850 1375 1075 1426 Lacedaemoniis
1099 1376 1252 1426 inauratam
1274 1375 1360 1428 fuisse

217 1446 327 1500 olibrio
346 1444 482 1495 nonnullis
499 1444 585 1495 edidit
603 1441 699 1506 τοῦτο,
719 1437 762 1509 τὸ,
815 1445 920 1496 scribit.
938 1447 1009 1496 Utut
1027 1451 1084 1506 est,
1108 1445 1243 1510 Apollinis
1266 1451 1360 1498 statua

217 1517 289 1584 quod
307 1533 369 1568 cum
387 1519 501 1566 recentt.
521 1514 582 1566 edd.
603 1515 708 1580 recepi.¹
816 1515 994 1566 in'l'hornace
1004 1515 1124 1577 condita,
1132 1515 1269 1566 simillima
1280 1517 1360 1583 Amy-

252 1578 284 1635 τὸ
305 1583 360 1634 νῦν
378 1583 428 1649 τῆς
447 1580 617 1648 Λακωνικῆς
641 1576 671 1632 ἔν
689 1576 763 1648 Θόρ-
817 1585 892 1638 claeo
918 1586 1051 1651 Apollini,
1079 1585 1115 1636 ad
1143 1587 1359 1652 antiquissimam

219 1672 283 1706 νακι
304 1652 416 1714 ἵδρυται
438 1645 622 1720 Ἀπόλλωνος]
642 1654 764 1706 Herode·
816 1660 933 1706 aetatem
967 1672 1054 1721 aeque
1087 1657 1223 1721 pertinere
1253 1657 1361 1708 videtur

218 1733 263 1778 tus
275 1726 343 1777 nihil
357 1726 431 1787 dicit,
445 1741 508 1776 num
525 1725 763 1776 aurumaCroeso
816 1726 973 1791 cultumque
1004 1727 1107 1777 referre
1142 1723 1361 1793 antiquissimum

219 1801 360 1862 acceptum
383 1811 480 1862 reapse
504 1794 539 1845 ad
562 1794 666 1845 hancce
683 1795 765 1860 Apol·
817 1796 950 1861 Apollinis
975 1797 1047 1861 apud
1078 1797 1241 1861 Spartanos,
1267 1799 1361 1864 stirpis

218 1869 281 1918 linis
298 1871 417 1918 statuam
441 1865 570 1917 collatum
595 1865 691 1924 suerit3
716 1865 764 1916 sed
817 1869 936 1918 Doricae
954 1873 1070 1933 gentem.
1091 1867 1170 1918 Ocni.
1185 1869 1215 1918 C.
1229 1867 1263 1919 O.
1276 1869 1362 1920 Muel-

219 1937 522 2002 Pausan.111,10.§.
548 1936 588 1986 10.
613 1935 763 1986 adhibitum
817 1937 865 1988 ler.
897 1938 919 1988 Ι.
949 1953 975 2002 p.
1004 1936 1065 1999 ets,
1097 1941 1178 2003 atque
1209 1939 1306 2002 Heyne
1333 1941 1360 1988 in

219 2025 279 2061 esse
298 2008 356 2059 vult
380 2025 396 2058 a
419 2005 644 2058 Lacedaemoniis
669 1997 696 2062 ἐς
717 1997 765 2055 ad·
818 2008 936 2072 Opuscc.
960 2007 1064 2058 Acadd.
1096 2008 1129 2058 V.
1160 2025 1186 2072 p.
1212 2009 1264 2060 350
1293 2026 1360 2076 seq,

220 2093 293 2143 σμον
311 2075 363 2128 τοῦ
387 2068 417 2126 ἐν
436 2067 582 2141 Ἀμύκλαις
606 2066 765 2139 ἀγάλματος
816 2079 863 2143 qui
881 2078 962 2127 etiam
980 2077 1137 2128 Herodoteo
1156 2077 1216 2129 loco
1234 2095 1300 2130 usus
1320 2084 1362 2130 est

221 2165 244 2200 ι.
262 2149 297 2198 ad
316 2147 464 2198 ornandam
477 2145 612 2210 Apollinis
624 2145 764 2211 Amyclaei
816 2147 851 2198 ad
873 2147 977 2198 metalli
999 2149 1169 2212 pretiosioris
1193 2149 1221 2198 in
1245 2150 1362 2201 Graecia
1424 2173 1429 2182 ·

221 2223 350 2270 statuam.
369 2216 449 2268 Unde
462 2216 528 2266 nihil
542 2221 686 2282 utrumque
701 2217 765 2267 scri·
816 2219 956 2283 penuriam
969 2217 1022 2268 illis
1031 2224 1105 2269 certe
1117 2220 1282 2284 temporibus
1291 2237 1363 2270 com-

221 2295 325 2353 ptorem
343 2288 490 2338 dissentire
514 2287 656 2337 contendit
674 2287 766 2337 Siebe·
816 2288 1029 2342 monstrandam.
1060 2290 1102 2339 De
1124 2289 1185 2338 loco
1212 2290 1284 2353 ipso,
1309 2306 1362 2354 quo

220 2361 265 2411 lis.
290 2361 317 2410 in
341 2359 466 2409 adnotat.
493 2357 526 2408 ed
551 2357 707 2407 Pausaniae
727 2356 765 2408 lo·
815 2359 884 2409 haec
907 2357 1041 2423 Apollinis
1067 2363 1160 2408 statua
1184 2359 1274 2417 posita
1299 2359 1361 2420 suit,

223 2447 283 2481 curn
301 2447 328 2495 p.
346 2429 390 2481 28.
425 2430 546 2491 Quocum
568 2428 696 2492 coniungi
718 2443 766 2490 po·
818 2445 889 2479 nunc
914 2429 1021 2493 quaerit
1043 2428 1152 2478 Curtius
1180 2427 1359 2492 Peloponnes.

221 2503 286 2552 terit
303 2500 436 2551 Athenaei
454 2499 530 2550 locris
549 2497 607 2562 (VI,
624 2500 649 2548 4.
670 2514 695 2562 p.
713 2497 765 2548 232
818 2499 855 2550 ΙΙ.
880 2515 944 2564 pag.
967 2498 1019 2548 250
1042 2513 1098 2562 seq.
1124 2497 1152 2546 in
1171 2496 1239 2546 colle
1264 2498 1361 2560 promi-

222 2571 266 2638 Α),
286 2571 358 2622 unde
376 2573 454 2635 patet
471 2585 537 2620 auro
555 2585 620 2619 usos
639 2583 699 2618 esse
713 2568 766 2618 La·
817 2570 905 2630 nanti,
929 2568 972 2618 cui
1004 2583 1075 2617 nunc
1099 2582 1196 2616 nomen
1225 2566 1360 2630 Panteilro,

220 2642 408 2694 cedaemonios
439 2640 474 2690 ad
504 2639 608 2689 vultum
632 2637 765 2702 Apollinis
817 2639 889 2690 unde
905 2637 962 2688 late
979 2641 1055 2702 patet
1074 2640 1234 2702 prospectus
1258 2637 1294 2688 ab
1313 2638 1362 2689 Ar·

221 2730 253 2764 eo
277 2711 458 2763 inducendum
484 2707 643 2774 (χρυσῶσαί
666 2698 765 2773 βουλό·
818 2709 897 2760 cadia
920 2723 942 2758 s.
965 2707 1045 2772 Argis
1073 2706 1308 2770 proficiscentibus
1334 2709 1362 2758 in

220 2797 300 2847 pram
318 2774 350 2831 τὸ
374 2773 553 2841 πρόσωπον).
580 2777 659 2841 Quod
677 2778 765 2842 ipsum
818 2780 904 2844 ipsam
923 2779 1039 2843 Spartae
1057 2776 1206 2842 planitiem,
1224 2777 1295 2829 banc
1308 2783 1362 2830 sta·

220 2855 308 2904 minus
326 2850 467 2916 probabile
484 2848 593 2899 videtur
608 2849 667 2898 viro
686 2847 765 2898 Gallo
816 2855 891 2900 tuam
922 2852 1039 2898 erectam
1071 2847 1156 2898 luisse
1189 2848 1362 2900 existimans:

221 2923 312 2983 docto,
332 2918 510 2986 Quatrsmbre
530 2918 562 2968 de
581 2919 700 2982 Quiucy,
719 2917 765 2983 qui
817 2920 841 2970 si
859 2917 965 2984 quidem
980 2917 1068 2968 adhuc
1083 2919 1254 2982 reperiantur
1267 2919 1363 2969 tunda-

221 2995 256 3045 ad
273 2993 355 3043 talem
374 3006 452 3042 usum
471 2989 518 3038 vix
532 2993 610 3038 tanto
621 3003 687 3038 auro
698 3003 765 3053 opus
817 2993 909 3041 menta
927 2988 1073 3054 quaedam,
1094 3004 1164 3054 quae
1178 2989 1363 3040 talisstatuae

221 3065 307 3114 fnisse
325 3065 427 3122 censet,
445 3064 477 3110 ut
493 3059 662 3109 extrinsecus
679 3059 708 3108 id
721 3074 766 3122 pe·
817 3061 896 3112 basin
926 3059 1002 3128 lene,
1028 3063 1163 3124 poterant.
1195 3059 1253 3110 Nec
1283 3059 1363 3109 aliter

220 3133 331 3185 tendum
350 3131 441 3181 fuerit.
460 3128 581 3179 Indead
600 3129 766 3179 Pausaniam
818 3131 916 3181 statuit
948 3129 1083 3192 Boblaye:
1117 3129 1287 3181 Recherehes
1317 3146 1363 3180 sur

221 3203 309 3265 magis
326 3216 385 3252 sese
404 3199 534 3264 applicat,
544 3214 691 3265 aurumque
705 3215 767 3250 con·
817 3200 857 3252 les
872 3201 962 3250 ruinas
976 3197 1112 3250 deblorde
1122 3217 1148 3264 p.
1160 3201 1202 3250 74.
1222 3200 1265 3250 cf.
1280 3200 1362 3250 etiam

221 3271 309 3324 tendit
340 3286 394 3321 non
426 3269 462 3319 ad
494 3270 638 3334 imaginem
667 3270 764 3334 ipsam,
817 3272 896 3335 Ross.
916 3269 1362 3335 ReisenimPelopounes.p.190.

199 3357 314 3392 ·veruru
338 3339 372 3390 ad
394 3340 529 3402 thronum,
547 3339 593 3404 qui
614 3339 765 3390 ornamenti
818 3342 886 3392 Inde
903 3341 931 3390 in
950 3341 1040 3392 Strab.
1059 3341 1138 3391 VIII.
1157 3357 1184 3404 p.
1208 3341 1259 3394 364
1272 3340 1305 3390 A.
1326 3340 1364 3390 la-

222 3427 306 3464 causa
330 3410 414 3462 multo
436 3415 498 3474 post
521 3425 538 3459 a
556 3409 688 3474 Bathyele
711 3413 766 3459 sta·
819 3427 1006 3476 cunam,quae
1018 3415 1117 3470 exstat,
1129 3411 1176 3460 ubi
1194 3410 1226 3461 dc
1238 3410 1365 3462 Messose

222 3488 286 3534 tuae
319 3496 466 3546 sanequam
502 3480 586 3530 multo
619 3479 767 3544 antiquiori
820 3482 875 3532 situ
903 3497 990 3532 sermo
1014 3486 1069 3541 est,
1094 3471 1166 3528 aurci
1187 3472 1238 3528 τὸν
1260 3495 1366 3531 ...κα

222 3554 304 3605 fuerit
322 3552 431 3603 additus
450 3548 479 3612 (ἰ.
499 3567 523 3600 a·
542 3539 570 3606 ἒς
588 3541 697 3611 κόσμον
715 3545 768 3595 τοῦ
819 3567 867 3617 per
886 3543 1020 3614 Θόρνακα
1039 3548 1159 3615 suppleri
1176 3549 1281 3602 volunt.

221 3615 401 3688 ἀγάλματος),
410 3620 561 3670 adhibitum
572 3619 666 3669 fuisse.
686 3617 767 3669 Unde

222 3693 303 3744 simul
322 3697 428 3756 tempus
446 3689 552 3741 definiri
576 3704 656 3754 posse
676 3692 764 3753 putat,
1004 3723 1061 3773 cn
1090 3722 1164 3772 LXX

223 3779 276 3828 quo
293 3761 441 3825 Batbyclos
454 3759 575 3810 floruerit
585 3757 765 3822 thronumque
909 3817 915 3834 .
1057 3811 1067 3834 τ
1167 3759 1174 3773 ·
1298 3814 1305 3831 ,

220 3833 297 3882 ΙΙΙυιιι
314 3829 506 3892 elaboraverit,
519 3829 644 3879 nimirum
656 3828 719 3878 inde
731 3827 765 3877 ab
856 3825 973 3875 Τυυτων
999 3840 1027 3875 ra
1046 3841 1086 3875 ων
1110 3821 1228 3888 εἵνεκεν]
1253 3837 1364 3872 τουτων

223 3900 330 3967 Olymp.
355 3901 378 3950 L
401 3913 487 3964 usque
511 3899 545 3950 ad
576 3899 682 3964 Olymp.
707 3899 764 3954 LX.
818 3912 878 3946 cum
893 3897 1032 3948 Gaisford.
1051 3912 1083 3947 ex
1102 3895 1211 3960 optimis
1228 3892 1306 3944 libris
1320 3892 1364 3942 de-

222 3973 262 4021 ita
277 3975 308 4020 ut
330 3969 444 4020 thronus
467 3967 603 4034 Apollinis
626 3967 767 4033 Amyclaei
818 3966 915 4016 dimus.
932 3967 1021 4028 Valeo
1044 3961 1175 4015 τουτέων.
1211 3963 1265 4014 Sed
1289 3963 1363 4012 conf.

222 4057 277 4092 non
293 4043 356 4090 ante
379 4038 479 4090 bellum
499 4039 592 4090 Croesi
615 4053 676 4089 curn
695 4037 766 4100 Cyro
794 4029 801 4044 '
817 4035 840 4098 1,
860 4036 905 4089 66.
923 4036 966 4087 os.
985 4037 1053 4096 Cum
1071 4034 1165 4086 eodem
1181 4032 1268 4084 Gaias.
1287 4047 1365 4110 revo-

222 4112 347 4176 inceptas
364 4109 457 4162 faerit.
492 4109 575 4160 Vide:
600 4109 638 4159 Le
663 4108 767 4172 Iupiter
819 4108 940 4156 cavimus
966 4092 1039 4170 ἦσαν
1064 4109 1091 4155 et
1113 4105 1273 4154 retinuimus
1292 4115 1365 4164 ηγον

223 4181 367 4246 Olympias
386 4196 412 4245 p.
440 4179 499 4232 137.
525 4179 576 4231 200
600 4193 656 4241 seq.
682 4177 768 4228 Aliter
820 4192 867 4240 pro
884 4177 959 4242 vulg.
980 4162 1060 4239 ἆγον.
1084 4191 1143 4224 cum
1164 4175 1191 4222 in
1209 4172 1262 4222 hoe
1280 4171 1364 4220 verbo

222 4255 314 4302 tamea
332 4251 450 4302 sensisse
468 4250 577 4300 videtur
590 4247 621 4297 O.
636 4246 669 4297 0.
683 4247 768 4298 Muel-
818 4247 931 4312 eiusque
954 4245 1112 4310 compositis
1136 4243 1237 4294 Noster
1259 4254 1366 4304 semper

222 4321 271 4374 ler.
296 4318 394 4386 (Dorer
416 4321 441 4372 I.
466 4337 494 4386 p.
518 4317 602 4382 350),
627 4317 674 4380 qui
698 4319 768 4367 Patr·
819 4322 995 4382 augmentum
1014 4315 1129 4364 retinere
1140 4311 1238 4372 soleat,
1248 4315 1279 4360 ut
1294 4325 1367 4360 com-

225 4393 330 4445 saniem
351 4396 471 4452 secutus,
489 4389 537 4440 ubi
555 4385 688 4452 Apollinis
702 4387 768 4436 ima·
819 4387 981 4436 monstravit
999 4383 1115 4436 Bredov.
1136 4399 1162 4447 p.
1184 4379 1236 4432 292
1253 4395 1311 4445 seq.
