3064 4940
599 291 726 354 OLIO.
750 293 775 352 Ι.
800 299 845 355 71.

1235 293 1295 354 159

154 462 267 552 λήνων
279 461 401 552 Σύριοι
423 459 678 551 ούνομαζονιαι·
706 456 794 554 ἦσαν
809 465 846 535 δὲ
862 469 897 534 oi
862 462 1027 555 οΣύριοι
1042 453 1154 592 ρύτοι,
1175 493 1212 536 το
1201 462 1295 554 μὲν

157 565 319 656 πρότερον
338 560 507 655 interea
527 563 638 657 ἄρξαι,
663 570 798 659 Μήδιον
818 569 991 658 κατήκοοι,
1016 569 1091 638 τότε
1114 569 1151 638 δὲ
1165 567 1294 659 Κύρου.

157 695 174 735 ο
186 695 251 756 γαρ
264 659 364 758 ούρος
378 659 421 756 ἦν
433 674 491 758 τῆς
504 696 540 738 τε
554 669 748 760 qutar'qg’
731 678 833 762 αρχῆς
855 676 967 742 καί
927 700 985 761 της
997 669 1178 762 Λυδικῆς
1163 701 1181 742 ο
1194 671 1296 754 “Ales

158 768 320 860 reseptos,
344 767 380 850 ὃς
400 773 468 862 (idas
491 768 525 854 ἐξ
544 770 720 864 Ἀρμενίου
741 772 859 863 ούρεος
882 775 938 845 διὰ
956 783 1125 863 Κιλίκων,
1154 777 1295 868 persidi

159 928 186 994 ἒς
203 933 427 1003 Καππαδοκίαν,
447 939 488 990 ita
506 944 545 1002 ut,
560 955 630 1006 quae
648 941 700 990 hoe
786 931 843 1004 ριἰι
860 931 888 1001 ἐξ
903 931 1046 1006 Ἀρμενίου
1062 931 1164 1007 οὔρεος
1181 936 1231 993 διὰ
1242 944 1295 994 Κι-

157 1023 216 1071 esp.
234 1009 276 1058 71.
296 1014 456 1074 narrantur,
480 1011 642 1074 interposita
660 1025 701 1060 re·
752 1007 847 1075 λίνων)
872 1011 974 1059 Montis
996 1011 1109 1062 Armenii
1129 1012 1205 1062 nulla
1228 1015 1294 1064 alibi

156 1077 246 1142 liquae
269 1079 422 1128 narrationi
445 1079 643 1146 quodammodo
662 1081 702 1130 vi·
752 1079 867 1142 mentio,
897 1079 951 1127 nisi
976 1080 1048 1144 apud
1074 1095 1156 1130 unum
1180 1083 1294 1148 Dionys.

156 1147 279 1198 deantur
304 1149 357 1198 Est
374 1164 438 1199 voro
458 1149 525 1200 illud
543 1151 700 1214 tenendum,
753 1149 889 1214 Perleget.
909 1149 971 1210 004,
987 1149 1036 1198 ubi
1049 1149 1147 1199 Phasis
1161 1151 1224 1201 inde
1237 1169 1297 1216 pro

156 1218 251 1281 Syriae
270 1233 369 1268 nomen
386 1220 540 1286 antiquitus
559 1221 644 1271 multo
662 1221 701 1271 la·
754 1219 838 1270 fluere
848 1218 957 1268 dicetur
972 1219 1063 1280 Quare
1072 1220 1226 1283 auspicatur
1233 1222 1298 1270 Lar-

155 1289 209 1336 tius
237 1287 362 1352 patuisse
388 1304 405 1338 a
434 1290 587 1355 Babylonia
614 1307 702 1358 usque
754 1289 860 1352 cherua,
872 1289 988 1340 indicari
999 1289 1084 1339 Tauri
1100 1289 1219 1354 aliquem
1227 1305 1300 1340 mon·
1376 1299 1380 1308 “

158 1357 190 1406 ad
203 1357 368 1422 Aegyptum,
387 1357 511 1410 Ciliciam
524 1377 652 1427 oramque
670 1361 701 1412 il-

157 1427 208 1478 lam
217 1429 299 1478 maris
314 1427 506 1480 mediterranei
520 1431 701 1498 indequerur-

158 1513 202 1547 sus
231 1497 266 1548 ad
295 1498 414 1548 Pontum
438 1501 576 1552 Euxinum
604 1517 700 1568 usque.

158 1568 247 1618 Testis
267 1573 309 1617 est
326 1568 427 1619 Strabo
452 1571 527 1622 XIV.
548 1587 577 1652 p.
601 1573 649 1624 737
676 1590 699 1622 s.

160 1639 221 1688 1071
246 1639 283 1688 A:
311 1635 396 1688 δοκεῖ
411 1633 442 1688 δὲ
466 1633 497 1690 τὸ
521 1642 578 1690 τῶν
596 1634 701 1707 Σύρων

159 1699 248 1772 ὄνομα
264 1701 440 1758 διαιειναι’
423 1703 482 1760 απὸ
492 1705 553 1791 pia
575 1709 625 1776 τῆς
647 1712 701 1760 Βα

158 1775 296 1857 (iniurius
306 1776 401 1857 μέχρι
422 1779 474 1858 τού
492 1772 616 1830 Ἰσσιιιού
638 1775 701 1830 soi

158 1861 229 1896 κον
259 1839 316 1896 ἀπὸ
350 1843 383 1898 δὲ
410 1842 515 1899 τούτου
541 1847 622 1915 μέχρι
648 1847 701 1900 τοῦ

159 1909 298 1979 Εὐξείνου
316 1911 349 1968 τὸ
364 1912 496 1969 παλαιόν.
529 1921 620 1983 Quare
634 1921 702 2002 Cap·

159 1987 275 2053 padoces
294 1987 366 2038 idem
383 1989 462 2040 addit
478 1991 603 2056 Leucosy
604 2006 663 2054 ros,
682 1991 701 2040 1.

161 2075 184 2108 e.
204 2058 279 2108 albos
298 2059 380 2124 Syros
395 2060 503 2123 vocari,
523 2008 631 2126 aliaqyue
648 2075 704 2110 mo·

164 2133 211 2176 net
229 2128 262 2176 de
280 2127 363 2192 Syris,
380 2132 427 2195 qni
435 2129 576 2196 Babylone
595 2130 703 2182 acilini

165 2213 276 2261 regnum
295 2201 493 2252 constituerint.
513 2202 635 2267 Namque
648 2216 703 2251 om·

165 2283 228 2330 nes,
260 2275 390 2334 quotquot
417 2271 578 2333 Aramaieae
608 2271 702 2336 stirpis

164 2337 296 2388 habentur
316 2345 424 2406 gentes,
450 2343 501 2392 boe
528 2341 637 2391 nomine
659 2341 703 2390 de-

162 2409 287 2474 signatae
309 2425 368 2462 esse
390 2412 527 2463 videntur.
563 2411 703 2476 Cappado-

162 2494 215 2542 ces,
234 2479 280 2544 qui
298 2481 334 2530 ad
350 2482 536 2544 Armenicum,
561 2497 630 2546 quae
648 2496 704 2531 ιιοιι

161 2548 217 2598 alia
239 2554 281 2599 est
302 2555 386 2615 atque
409 2552 566 2614 aremulus,
590 2553 703 2616 stirpem

160 2619 310 2684 pertinent,
335 2621 408 2672 hand
435 2622 514 2672 aliter
540 2621 604 2672 inde
632 2621 704 2686 Syrii

108 2735 111 2740 ·
160 2689 584 2812 tttsslttttst‘teitlit
603 2692 656 2812 tl.
669 2690 704 2810 3

161 2829 206 2894 qur
232 2829 420 2882 Palaestinam
449 2799 625 2895 haeresint,
657 2797 705 2880 nri

160 2899 436 3023 10131030
456 2901 703 3022 titillat?

161 3037 217 3089 dot.
246 3038 440 3092 dnfieilioribb.
475 3041 598 3108 Gotting.
626 3041 704 3092 1704.

161 3125 224 3190 pag.
254 3111 280 3160 4.
310 3111 401 3162 Suebo
433 3113 569 3178 Descript.
601 3111 704 3164 Persic.

162 3180 255 3244 imper.
275 3177 461 3250 (Heidelberg.
471 3183 548 3248 1810)
566 3198 630 3248 pag.
645 3183 703 3234 104.

162 3249 329 3302 Herodotum
350 3259 440 3304 autem
462 3253 495 3303 de
517 3253 645 3303 Armenia
661 3253 705 3303 hio

162 3318 236 3386 loqui
253 3325 336 3387 atque
347 3323 445 3374 ineolis
463 3323 543 3373 huius
556 3327 646 3374 terrae
657 3339 705 3374 an·

162 3389 337 3455 tiqnissimis‚
357 3394 402 3460 qui
421 3394 525 3444 Graeco
544 3393 651 3443 nomine
667 3393 706 3442 di·

161 3466 265 3580 {riantur¹
291 3463 376 3583 ἱξιίῑ,
401 3464 583 3583 ιιὲιὶιΗριηᾶιι
621 3462 705 3584 Ἤν

187 3546 275 3581 enne.
336 3550 393 3583 ο.
440 3570 447 3583 .
494 3548 618 3583 ero..
682 3556 705 3583 ·.

161 3601 262 3652 Ritter.
278 3549 426 3654 meirisin
443 3603 483 3654 ΙΙ.
504 3618 567 3668 pag.
587 3549 647 3654 iae.

198 3697 312 3774 Σύριοι]
327 3707 371 3757 lta
385 3711 543 3758 constanter
558 3707 602 3757 hie
614 3721 707 3756 omnes

162 3773 235 3837 libri,
254 3777 299 3840 qui
318 3777 384 3828 alibi
407 3773 706 3843 (ur1‚6.vl1,72.)

163 3845 192 3893 in
209 3844 327 3896 lectione
344 3839 436 3912 Σύροι
455 3846 623 3928 conspirant,
643 3847 708 3897 Bre

163 3913 245 4034 dortilo
258 3921 370 3968 auctore
387 3933 414 3983 p.
434 3917 506 3970 70.”
498 3933 527 3966 ιιι
536 3909 639 3981 Σύριοι
652 3931 708 3966 nru-

163 3987 259 4034 tana.

199 4073 272 4150 ἦσαν
290 4081 322 4138 31
346 4082 376 4138 oi
398 4077 550 4156 Σύριοι]
533 4103 608 4154 ηραν
625 4089 708 4140 obli·

163 4154 273 4208 brorum
287 4159 450 4224 scriptorum
462 4175 624 4212 eonsensum
634 4175 709 4226 pree·

164 4224 277 4278 tulimus
308 4228 439 4295 vulgatae
473 4230 585 4281 lectioni
622 4224 708 4294 ἔσαν,

164 4309 235 4359 quse
258 4298 358 4350 Aldina
376 4303 529 4366 propagata
552 4304 621 4351 erat.
644 4299 707 4350 Vid.

163 4367 376 4420 modoBredov.
389 4385 417 4435 p.
436 4371 498 4422 400.

753 1361 830 1410 tem'
823 1376 851 1409 ιιι
863 1359 969 1422 Cilicia,
981 1358 1229 1424 intelligendosque
1241 1375 1301 1408 esse

753 1431 861 1480 omnino
878 1397 1024 1480 Armeniae
1042 1445 1112 1495 quae
1130 1445 1203 1480 nuno
1221 1445 1301 1480 voca

752 1505 797 1550 tur
814 1505 904 1552 terrae
923 1505 1029 1551 montes
1049 1501 1096 1564 (ef.
1121 1501 1200 1550 Τοιιι.
1221 1500 1298 1551 Vlll.

751 1587 815 1635 pag.
835 1570 890 1636 50).
910 1570 998 1620 ΜιιΙ1ο
1017 1571 1199 1621 accuratius'
1191 1587 1219 1620 ru
1233 1571 1299 1620 lraee

753 1641 896 1706 inquisivit
914 1642 1014 1692 Ritter.
1038 1641 1238 1692 ErdkundeT.
1259 1641 1296 1692 11.

751 1726 815 1776 pag.
836 1712 897 1762 710.
933 1698 1135 1774 Quioripoch.
1154 1711 1173 1762 l.
1193 1711 1297 1762 nonde

753 1795 807 1830 nuo
825 1785 925 1842 monte,
945 1780 994 1831 sed
1013 1780 1190 1832 dementium
1208 1787 1299 1830 tractu

754 1818 962 1915 intelligentius
993 1865 1053 1900 esse
1078 1857 1183 1914 monet,
1212 1865 1300 1915 neque

755 1919 839 1970 alium
868 1919 913 1968 lrie
942 1919 1059 1969 indicari
1084 1925 1216 1983 montem,
1246 1919 1300 1968 uisi

754 1989 917 2055 Paryadrem
961 1987 1045 2054 (unde
1083 1989 1154 2039 alter
1184 1989 1301 2054 profluat

754 2060 869 2134 Halyos
884 2058 945 2108 lons
974 2059 1196 2124 septentrionalia
1222 2075 1300 2124 prae

754 2135 795 2180 ter
812 2110 946 2192 Sebasten
960 2145 983 2180 s
996 2129 1095 2194 Sinas)
1111 2129 1156 2180 vel
1171 2131 1300 2211 Ανρααιιυι

754 2205 881 2262 ιιιοιι1οιο,
899 2200 946 2264 qui
964 2199 1115 2250 altissimus
1132 2201 1250 2250 omnium
1269 2199 1299 2248 ri-

753 2269 789 2320 lie
814 2236 921 2320 dicuinr
947 2271 1091 2332 montium,
1119 2285 1153 2320 ex
1186 2285 1239 2335 qno
1271 2271 1299 2320 iu

754 2347 899 2404 utrumque
920 2355 994 2389 mare
1011 2345 1107 2405 pateat
1128 2345 1299 2406 prospectus,

755 2415 783 2460 et
801 2425 834 2460 ex
852 2425 906 2475 quo
924 2409 993 2459 alter
1012 2410 1117 2476 Halyos
1142 2412 1202 2461 fons
1221 2409 1299 2460 meri-

755 2479 872 2530 dionalis
890 2479 1052 2545 proveniens
1070 2479 1233 2532 Caesaream
1241 2481 1299 2530 Ma-

754 2565 848 2600 zacam
884 2549 1110 2615 praeterlabatur.
1148 2551 1300 2614 Utrumque

754 2625 874 2670 montem
891 2620 926 2670 ad
945 2635 1005 2670 eum
1022 2621 1158 2685 pertinere
1170 2626 1298 2681 tractum,

755 2706 834 2755 quern
851 2691 1016 2755 posteriores
1041 2691 1190 2756 geographi
1208 2689 1300 2755 appel-

754 2759 856 2810 latione
873 2761 961 2810 minus
979 2764 1109 2810 accurata
1133 2775 1166 2811 ae
1188 2759 1300 2810 delinita

755 2830 923 2896 designarint
948 2829 1120 2887 Aatttearamr
1156 2835 1299 2894 utrumque

755 2901 783 2950 in
806 2899 1021 2950 occidentalibus
1046 2901 1103 2950 eius
1127 2903 1216 2950 terrae
1240 2914 1299 2948 esse

755 2969 862 3033 linibus,
879 2985 949 3036 quae
966 2971 1053 3021 serius
1072 2970 1207 3020 Arsaniae
1224 2970 1301 3018 mino-

756 3045 793 3092 rr's
810 3055 907 3091 nomeu
925 3041 1079 3106 acceperit,
1098 3045 1146 3090 aut
1162 3041 1254 3106 potius
1272 3039 1300 3088 iu

756 3111 817 3177 ipsa
835 3111 1023 3177 Cappadocia,
1048 3110 1083 3160 ad
1109 3126 1190 3176 quam
1214 3124 1300 3176 nsque

755 3181 889 3233 Herodoti
916 3182 1044 3232 Armenia
1072 3182 1218 3246 pertineat.
1256 3179 1299 3232 Ad

754 3252 911 3303 Herodoti
925 3252 1014 3302 locum
1053 3251 1158 3302 consuli
1192 3265 1300 3316 quoque

755 3323 855 3387 poterrt
861 3323 958 3373 Vrvren
967 3321 1001 3370 de
1008 3322 1096 3372 barnt
1098 3323 1199 3371 Martin
1207 3321 1300 3386 (Jour-

756 3392 801 3441 nal
825 3391 873 3442 dee
890 3392 1018 3456 Voyages
1041 3391 1107 3440 1847
1127 3390 1205 3440 Juill.
1226 3405 1254 3453 p.
1273 3389 1299 3438 0.

757 3460 805 3526 7.),
838 3461 872 3510 de
896 3460 939 3508 his
966 3459 1122 3522 regionibus
1153 3459 1299 3507 disserens.

757 3531 842 3594 Halys
865 3529 964 3579 fluvius
986 3543 1058 3576 nune
1082 3532 1197 3578 vocatur
1221 3527 1301 3576 111111-

757 3599 850 3663 imae,
862 3599 879 3648 i.
895 3615 919 3648 e.
936 3598 1027 3662 slaviae
1044 3596 1130 3660 νιιίιεν,
1144 3601 1175 3646 ut
1193 3595 1247 3645 iam
1266 3595 1301 3644 ad

758 3669 781 3732 1,
801 3669 827 3720 0.
848 3666 1076 3734 significavimus:
1095 3665 1129 3716 de
1153 3665 1229 3716 euius
1254 3666 1301 3715 fln-

756 3739 796 3788 vii
821 3754 903 3790 eursu
925 3739 1053 3788 aeeurate
1078 3751 1150 3788 nunc
1169 3736 1301 3801 disputat,

757 3809 824 3875 ipsis
853 3808 920 3860 loeis
947 3806 1091 3871 inspeetis,
1115 3806 1304 3858 Tchihatoheii

757 3881 822 3930 Asie
840 3879 960 3929 mineure
980 3877 1003 3927 1.
1018 3892 1044 3942 p.
1065 3877 1114 3929 108
1133 3893 1206 3942 seq„
1225 3879 1301 3929 item-

759 3965 812 4016 que
830 3949 928 4000 Texier
946 3948 1083 4012 Descript.
1102 3947 1136 4000 de
1153 3947 1237 3999 l'Asie
1253 3949 1301 3998 mi-

758 4035 840 4070 neure
866 4019 904 4071 11.
932 4034 959 4083 p.
983 4020 1016 4070 47
1041 4033 1098 4084 seq.
1125 4023 1153 4070 et
1176 4017 1301 4084 Chesney

759 4091 864 4156 Servey
881 4091 912 4140 oi
925 4087 1090 4154 Expedition
1115 4093 1168 4140 ete.
1194 4089 1218 4140 1.
1236 4105 1263 4154 p.
1283 4089 1300 4140 3

757 4175 834 4225 seqq.
852 4161 894 4210 De
907 4163 998 4210 monte
1016 4158 1120 4224 Arpaeo
1132 4159 1209 4218 idem
1223 4159 1302 4209 Teni-

757 4229 912 4280 huteheiil.
936 4229 954 4281 l.
973 4246 1001 4295 p.
1019 4228 1071 4282 439
1088 4245 1164 4296 seqq.
1195 4228 1300 4294 quaesi-

758 4301 798 4350 vit
816 4301 875 4350 eius
897 4303 1023 4351 naturam
1046 4303 1074 4350 et
1095 4298 1217 4364 singulas
1240 4311 1301 4359 par-

757 4375 799 4422 tes
809 4385 919 4422 summa
936 4385 1001 4422 eura
1016 4373 1214 4434 perscrutatus,
1225 4363 1300 4412 addi·
