3020 4930
229 311 291 376 882
605 309 872 372 EXOURSUS
896 309 979 368 XIII

230 499 346 556 prorsus
358 481 487 534 traditum
498 481 603 552 reperit
611 482 736 550 Layardr
752 483 826 552 quod
842 481 949 534 minime
959 480 1055 533 mirum
1070 479 1159 533 videri
1171 479 1281 550 poterit,
1299 496 1361 534 cum

230 565 384 622 huiusmodi
415 566 643 635 inscriptionibus
668 565 828 638 plerumque
854 567 950 619 laudes
977 583 1071 634 regum
1096 565 1290 618 contineantur
1311 571 1362 618 sut

229 649 370 724 praeclara
384 667 479 704 eorum
492 651 615 704 facinore
628 650 811 704 celebrentur.
850 652 949 721 Neque
965 668 1032 703 vero
1048 649 1112 702 inde
1127 651 1311 703 Herodotesm
1325 649 1360 702 de

230 735 406 805 Assyriorum
428 735 505 788 clade
527 735 711 789 narrationem
730 737 902 789 sacerdotnm
918 735 1155 804 Memphiticorum
1177 735 1292 788 vanitati
1312 735 1361 787 ad-

230 821 359 891 scriptam
373 819 467 888 velim,
489 821 518 873 id
532 821 606 890 quod
625 821 691 874 fecit
707 820 868 874 Rawlinson
883 821 954 892 (vid.
970 822 997 873 J.
1011 837 1027 872 s
1040 820 1197 889 Gumpacb:
1215 819 1314 872 Abriss
1330 820 1359 872 d.

229 905 327 974 Babyl.
344 905 442 972 Assyr.
460 905 561 957 Gescb.
577 923 605 974 p.
620 911 654 965 31
665 901 729 975 seq.
745 909 780 965 87
796 907 886 976 seq.);
908 922 1084 975 quamquam,
1105 913 1255 974 temporum
1275 904 1361 957 ratio·

231 1009 281 1044 nes
304 990 329 1042 si
348 989 545 1060 dispiciantur,
572 988 638 1042 haec
657 991 745 1042 omnia
761 991 894 1059 gravibus
915 989 1125 1043 difficultatibus
1140 990 1241 1061 premi,
1264 988 1362 1058 negari

231 1076 278 1128 ris
300 1073 412 1144 poterit.
450 1074 558 1137 Quodsi
580 1075 651 1127 enirn
673 1075 776 1142 Anysis
797 1091 869 1128 anno
889 1079 939 1134 961
962 1093 987 1127 a.
1006 1075 1072 1127 Chr.
1094 1093 1121 1127 n.
1143 1079 1189 1146 (ut
1204 1074 1362 1127 harcherus

231 1159 310 1229 ponit
322 1165 344 1212 t.
353 1157 415 1210 Vll.
431 1177 459 1230 p.
468 1160 517 1226 92)
533 1159 561 1212 in
576 1175 691 1227 regnum
707 1160 790 1213 rediit
803 1175 932 1230 annoque
946 1164 999 1220 954
1012 1176 1038 1212 a.
1053 1159 1119 1212 Chr.
1137 1177 1164 1210 n.
1181 1158 1363 1228 probabiliter

231 1245 314 1314 obiit,
338 1243 385 1296 ubi
409 1244 539 1296 continuo
559 1244 585 1296 ei
607 1244 744 1297 successit
756 1244 857 1313 setho,
879 1245 1009 1297 Sethonis
1025 1244 1107 1296 buius
1128 1251 1205 1296 aetas
1220 1243 1363 1313 haudqua-

231 1346 312 1400 quam
326 1333 462 1396 congruet
479 1345 540 1381 cum
554 1329 732 1382 Sanacberibi
748 1329 932 1400 expeditione,
948 1345 1019 1398 quse
1034 1329 1062 1381 in
1078 1345 1178 1381 annum
1193 1327 1362 1388 7121111111.

233 1409 375 1481 incidit*).
412 1413 525 1466 Lacuna
539 1413 593 1466 erit
610 1431 743 1467 annorum
762 1413 941 1468 ducentorum
961 1413 1145 1484 quadraginta
1164 1413 1238 1465 intra
1255 1412 1363 1480 Anysis

233 1505 344 1552 mortem
366 1504 395 1550 et
413 1515 528 1565 regnum
542 1497 680 1552 Setbonis.
711 1499 801 1563 Quam
816 1498 938 1552 lacunam
955 1499 1142 1569 utexplerent
1155 1505 1363 1568 temporumque

233 1583 365 1637 rationem
379 1583 408 1635 in
423 1583 543 1636 ordinem
558 1583 731 1651 redigerent,
756 1585 833 1638 vario
852 1583 930 1637 ruodo
945 1589 1090 1636 tentarunt
1110 1583 1162 1636 viri
1183 1583 1270 1650 docti,
1293 1599 1363 1652 quo-

232 1685 292 1722 rum
306 1667 459 1722 sententias
476 1669 561 1721 refert
574 1667 657 1720 Beck.
677 1669 693 1720 Ι.
710 1669 728 1720 l.
758 1669 845 1736 Sunt,
863 1669 910 1738 qni
926 1669 954 1722 in
971 1669 1032 1738 ipso
1046 1667 1182 1722 Herodoti
1195 1671 1273 1720 texta
1289 1667 1364 1718 lacu·

234 1769 295 1807 nam
309 1771 372 1806 esse
387 1758 519 1820 statuant,
539 1769 620 1822 quam
634 1753 713 1806 initio
727 1749 827 1823 capitis
842 1759 894 1813 114
908 1753 986 1823 ponit
1003 1752 1150 1820 Buberius,
1169 1752 1248 1804 initio
1264 1750 1365 1821 capitis

233 1844 284 1898 141
300 1838 472 1904 Larcherus,
496 1837 543 1890 ubi
557 1835 735 1907 probabiliter
750 1838 880 1892 traditum
901 1838 987 1890 fuerit
1002 1837 1036 1889 de
1051 1837 1179 1906 regibus,
1199 1836 1248 1906 qui
1262 1835 1305 1888 sel
1322 1835 1365 1888 in-

233 1929 278 1976 tra
294 1922 466 1990 Mycerinurn
481 1929 509 1976 et
520 1921 640 1989 Asychin
656 1922 700 1975 rel
714 1929 779 1993 post
791 1922 911 1990 Asychin
928 1923 962 1975 sd
976 1922 1122 1975 Setbonem
1137 1937 1226 1991 usque
1244 1919 1366 1989 Aegypti

234 2024 347 2075 regnum
361 2007 512 2060 tenuerint.
542 2006 691 2075 Equidem,
713 2008 737 2060 si
754 2007 852 2060 lacuna
866 2007 1014 2060 statuenda
1029 2013 1073 2060 est
1086 2007 1115 2060 in
1130 2006 1264 2058 Herodoti
1285 2006 1367 2070 libro,

234 2091 322 2144 malim
344 2091 448 2161 aliquid
469 2091 644 2146 intercidisse
659 2099 723 2160 post
742 2109 802 2162 cap.
821 2097 887 2160 136,
907 2097 1044 2162 quaeest
1059 2090 1266 2145 sententiariri
1286 2089 1367 2143 nobi-

235 2177 346 2244 lissimi,
362 2176 457 2230 Liberi
472 2175 591 2228 Haronis
606 2175 640 2228 de
657 2175 852 2244 Reiaenstein,
873 2177 1030 2230 accuratius
1054 2175 1180 2246 exposita
1200 2177 1229 2228 in
1246 2175 1368 2241 schedis,

236 2278 306 2332 quas
326 2261 371 2314 ille
393 2261 534 2314 uobiscum
555 2261 752 2314 communicare
770 2261 867 2314 voluit.
904 2263 935 2314 In
957 2263 1007 2314 hac
1029 2269 1119 2314 autem
1139 2261 1237 2313 lacuna
1257 2279 1304 2316 ses
1319 2265 1371 2312 aut

235 2356 294 2400 octo
318 2363 413 2414 regum
429 2345 568 2399 historiam
587 2345 756 2398 Herodotum
776 2347 956 2415 exposuisse,
978 2347 1047 2399 satis
1064 2345 1247 2399 verisimiliter
1269 2344 1370 2398 statuit

236 2431 305 2483 idem
322 2431 365 2484 rir
379 2430 563 2484 doctissimus.
597 2429 698 2484 Verum
712 2432 821 2500 quidem
836 2437 893 2498 est,
912 2432 1032 2501 scriptos
1047 2429 1182 2484 Herodoti
1198 2430 1297 2498 libros,
1319 2427 1369 2500 qui

237 2515 271 2567 ad
293 2523 388 2568 nostra
403 2519 591 2584 pervenerunt
607 2520 745 2586 tempora,
769 2515 844 2569 nulla
866 2515 979 2569 lacunae
1001 2515 1103 2568 indicia
1123 2521 1199 2568 certe
1218 2517 1369 2585 presberc3

238 2604 407 2669 quapropter
421 2600 449 2651 in
466 2617 523 2652 eam
539 2598 601 2652 olim
620 2600 704 2652 incidi
719 2600 897 2668 sententiam,
920 2601 993 2653 utin
1008 2600 1143 2654 Herodoti
1158 2601 1267 2669 quidem
1288 2605 1367 2653 textu

238 2683 386 2754 quidquam
403 2683 538 2738 excidisse
552 2701 696 2754 negarem,
720 2703 812 2738 serum
827 2701 921 2737 manca
936 2703 999 2738 esse
1015 2691 1179 2754 statuerem,
1201 2702 1272 2755 quae
1292 2684 1338 2736 ille
1353 2699 1371 2734 a

238 2767 428 2824 sacerdotibus
444 2769 559 2821 edoctus
574 2770 602 2821 in
622 2786 693 2839 opus
709 2787 789 2824 suurn
804 2769 946 2837 retulerit,
966 2787 1038 2840 quae
1053 2771 1076 2822 si
1091 2771 1261 2840 probentur,
1276 2785 1369 2821 sacer-

239 2853 331 2907 dotum
347 2853 399 2906 erit
413 2853 506 2924 culpa,
527 2871 581 2906 non
596 2854 740 2908 Herodoti.
777 2856 859 2908 Conf.
875 2855 949 2906 infra
966 2855 1004 2922 Il,
1022 2857 1088 2922 177,
1110 2855 1156 2906 ubi
1172 2854 1270 2906 similia
1285 2871 1371 2924 qnae-

239 2938 299 2990 dam
319 2938 461 2992 Herodoto
484 2956 537 2992 non
560 2937 681 2992 indicata
699 2940 789 2994 fuisse
810 2957 826 2992 a
846 2939 1035 2994 sacerdotibus
1059 2939 1112 2992 viri
1134 2939 1207 2992 docti
1230 2945 1370 2990 statuunt.

240 3023 300 3076 Nec
315 3023 434 3093 denique
452 3022 481 3075 in
497 3023 547 3075 hac
561 3029 620 3076 tota
637 3041 721 3077 causa
736 3024 804 3078 illud
820 3023 873 3076 erit
890 3023 1174 3094 praetermittendum,
1197 3023 1230 3075 de
1248 3039 1304 3094 quo
1318 3023 1372 3074 ism

240 3106 268 3160 in
283 3107 459 3160 adnotatione
474 3108 509 3160 ad
524 3107 566 3174 ll,
585 3113 636 3166 111
657 3107 789 3177 diximus,
814 3109 947 3162 Nostrum
963 3110 1070 3163 minime
1086 3109 1113 3162 in
1130 3107 1218 3162 animo
1239 3108 1373 3160 babuisse

240 3198 393 3247 accuratam
409 3197 438 3244 et
454 3194 488 3245 ab
507 3193 632 3244 omnibus
653 3194 780 3262 partibus
795 3195 942 3262 perfectam
957 3194 1077 3264 Aegypti
1094 3193 1233 3247 historiam
1249 3193 1372 3261 tradere,

240 3275 361 3345 indeque
384 3275 465 3328 etiarn
479 3276 553 3329 illmu
571 3277 742 3345 singulorum
763 3295 858 3346 regum
879 3281 1082 3332 successionem
1105 3297 1159 3332 non
1174 3287 1229 3330 tam
1244 3283 1374 3330 accurste

241 3376 370 3420 servasse
386 3375 436 3413 nec
456 3361 556 3416 iustam
571 3367 721 3432 temporum
742 3363 874 3417 rationem
895 3363 1024 3418 habuisse
1039 3363 1145 3416 videri:
1167 3364 1281 3430 sedes,
1301 3377 1375 3432 quae

242 3445 276 3496 sd
291 3444 430 3498 historiam
446 3445 599 3516 pertinent,
624 3445 738 3518 reliquis
754 3448 851 3515 rebus,
874 3449 988 3518 quaein
1005 3450 1131 3518 Aegypto
1152 3448 1241 3518 ipsius
1256 3447 1376 3500 animum

242 3529 354 3583 maxime
369 3530 559 3596 adverterant,
576 3533 739 3586 enarrandis
754 3533 794 3585 ita
807 3532 1000 3601 admiscuisse,
1018 3539 1049 3586 ut
1064 3551 1111 3600 ea,
1130 3533 1275 3586 occasione
1292 3531 1375 3601 quasi

243 3613 323 3682 data,
340 3613 501 3668 viderentur
516 3615 607 3669 allata.
624 3647 657 3657 -
679 3618 825 3670 Caeterum
839 3617 922 3671 multa
936 3619 964 3671 111
978 3618 1121 3672 Herodoto
1136 3635 1199 3671 esse
1213 3617 1376 3686 depravata,

275 3879 277 3883 -
314 3845 341 3914 *)
365 3849 411 3899 lte
429 3847 552 3914 plerique
573 3851 698 3900 statuunt
714 3851 769 3901 viri
786 3851 876 3914 docti,
900 3867 934 3901 ac
957 3867 1044 3918 nuper
1063 3865 1168 3916 quoque
1186 3849 1299 3914 Sobegg.
1317 3848 1336 3899 1.
1355 3847 1376 3899 l.

243 3929 270 3982 p.
282 3917 343 3970 262.
375 3917 453 3969 Conf.
473 3919 557 3969 etiam
575 3917 684 3969 Ewald:
703 3918 865 3972 Geschichte
883 3919 931 3972 des
943 3920 1045 3972 Volkes
1057 3917 1152 3971 lsrael.
1171 3919 1225 3982 111,
1246 3920 1270 3970 1.
1289 3917 1378 3984 puts

246 4003 303 4052 seq.
322 3987 373 4038 478
391 4003 448 4054 seq.
485 3989 508 4038 A
526 3987 624 4052 quibus
643 3987 682 4038 ita
701 3989 817 4042 discedit
834 3989 943 4042 Boeclrb
963 3987 1003 4054 (in
1021 3989 1156 4041 Schmidt:
1174 3987 1337 4040 zeitschrift
1355 3985 1377 4038 f.

247 4055 482 4109 Geschichtswiss.
501 4058 538 4107 11.
558 4073 585 4123 p.
597 4057 669 4122 714),
687 4063 717 4108 ut
734 4075 806 4110 anno
826 4059 877 4110 711)
895 4057 1001 4110 110111.
1020 4075 1047 4109 n.
1067 4057 1247 4110 Sanacharibi
1266 4055 1379 4121 expedi·

248 4125 350 4177 tionem
375 4127 529 4187 adscribat3
553 4127 598 4179 vel
621 4129 708 4195 magis
732 4129 836 4180 recedit
854 4128 1003 4180 Grotefend
1028 4129 1222 4193 (Hrliiuterung
1238 4127 1314 4177 elner
1333 4127 1380 4176 In·

250 4193 348 4246 schrift
372 4196 420 4248 des
443 4197 545 4248 letzten
568 4213 656 4262 assyr.
682 4198 774 4264 babyl.
792 4199 897 4264 Konigs
922 4213 973 4248 ans
992 4199 1115 4250 Nimrud.
1139 4199 1289 4248 Hannover
1308 4195 1381 4247 1853

250 4278 277 4327 p.
299 4261 358 4326 15),
383 4266 429 4330 qui
446 4265 628 4317 Sanceharibi
645 4267 750 4318 cladern
774 4267 908 4319 accidisse
927 4268 986 4318 vult
1003 4283 1076 4317 anno
1095 4267 1146 4319 695
1170 4271 1235 4316 ante
1250 4264 1315 4314 Chr.
1335 4279 1382 4324 u.;

251 4334 454 4386 1111111111118911
474 4334 537 4385 (1111.
557 4352 582 4386 n.
602 4338 752 4402 poenitio.
772 4353 788 4385 a
807 4335 962 4403 Gumpuuh3
988 4337 1043 4388 vid.
1062 4335 1157 4387 Abriss
1175 4335 1201 4386 d.
1221 4331 1314 4398 babyl.
1334 4349 1380 4384 as·

252 4415 307 4465 syr.
324 4401 421 4453 Gesch.
440 4419 466 4467 p.
486 4404 529 4455 81.
548 4405 598 4456 114
616 4421 674 4472 seq.
696 4407 752 4457 157.
788 4405 925 4471 Equidem
942 4404 975 4457 de
992 4405 1035 4456 hir
1053 4404 1197 4458 decernere
1214 4401 1308 4455 nolim.
