3020 4930
476 299 541 358 AD
563 297 818 361 HERODOT.
841 299 883 374 II,
904 308 964 362 itt.
1223 299 1285 363 879

151 472 266 526 mondes
280 476 349 532 1846
368 471 418 542 (Τ.
435 471 512 540 XVl)
533 491 561 542 p.
576 478 629 534 660
644 491 722 544 seqq.
744 473 864 544 itemque
886 473 930 527 vir
951 474 1049 526 doctus
1070 473 1098 525 in
1119 473 1286 544 Bibuoueq.

153 556 322 610 universelle
342 557 480 628 (Genese
501 561 571 619 1848
592 558 727 628 Janvier)
749 577 777 628 p.
793 563 846 618 498
861 576 955 630 seqq,
980 577 1031 612 nec
1054 575 1121 611 sane
1143 575 1213 629 opus
1235 559 1289 611 erit

153 642 281 712 pluribus
300 649 526 710 commonstrare,
542 659 622 712 qnam
636 644 726 696 inanis
740 644 847 696 sitista
863 644 966 714 opinio.

236 728 314 780 Haec
331 727 473 780 sufficiant
488 728 522 780 de
537 729 667 798 consilio,
691 747 746 800 quo
761 729 918 799 pyramides
935 735 1091 782 exstructas
1109 746 1172 782 esse
1192 727 1288 781 existi-

151 829 270 868 mamus=
294 812 368 865 iuter
382 829 452 882 quas
468 829 539 882 quae
558 815 735 883 praecipuum
750 813 838 866 locum
853 819 951 867 tenent
964 821 993 866 et
1006 813 1183 884 amplitudine
1204 821 1233 866 et
1249 814 1288 866 al-

152 898 282 968 titudine,
299 915 347 950 eas
362 897 467 950 Noster
482 907 609 951 accurate
624 899 773 969 descripsit
787 901 838 970 (cf.
854 900 955 968 ll,124
969 900 1063 970 ibique
1078 907 1147 951 nott.
1165 899 1199 951 ad
1213 899 1287 967 fin),

153 983 271 1036 caeteris
286 982 396 1050 missis;
415 999 475 1035 raam
492 985 679 1056 qnadraginta
692 986 777 1037 ferme
791 1000 904 1036 numero
922 984 965 1036 rel
980 985 1106 1053 integrae
1121 983 1166 1036 rel
1179 984 1288 1036 mutila-

153 1075 199 1120 tae
218 1068 306 1120 adbuc
328 1085 379 1137 per
401 1067 557 1138 Aegyptum
586 1077 737 1122 cernuntur
760 1069 932 1140 pyramides,
967 1086 1082 1140 querum
1101 1067 1235 1139 plurimae
1259 1069 1288 1122 in

154 1153 268 1222 regione
285 1152 459 1222 Memphitica
474 1154 543 1206 sitae
564 1155 661 1206 avitis
678 1155 767 1208 doctis
784 1155 851 1208 adeo
868 1171 941 1207 nunc
956 1171 1006 1225 per
1020 1162 1124 1208 turmas
1146 1173 1170 1206 s.
1186 1171 1288 1222 greges

155 1238 381 1305 distinguuntur:
407 1237 571 1307 vidZoega
591 1238 609 1291 l.
626 1238 644 1291 l.
673 1240 757 1292 Beck.
775 1239 793 1290 l.
809 1239 828 1292 l.
852 1259 879 1310 p.
895 1245 956 1300 711·
983 1240 1071 1292 Raoul
1088 1239 1222 1292 llocbette
1243 1239 1289 1291 in:

156 1323 272 1375 Journal
284 1321 332 1374 des
343 1323 450 1374 Sanane
467 1329 544 1384 1844.
560 1329 649 1394 p.330
663 1343 740 1395 seqq.
756 1324 901 1378 Sebeitlele
912 1324 930 1376 l.
945 1341 1030 1395 supra
1041 1325 1058 1378 l.
1076 1344 1103 1395 p.
1111 1328 1171 1383 292.
1204 1324 1289 1376 Acce-

156 1407 227 1459 dunt
245 1407 400 1477 pyramides
421 1410 574 1462 recentiore
595 1417 685 1462 aetate
705 1429 755 1479 per
770 1409 889 1464 Nubiam
911 1411 939 1462 in
962 1409 998 1462 iis
1018 1410 1196 1478 regionibus,
1218 1425 1289 1478 quae

155 1492 190 1543 ad
207 1499 326 1545 veterem
341 1492 462 1546 Meroem
480 1494 649 1563 pertinuisse
664 1501 829 1561 censentur,
845 1495 991 1564 inventae,
1016 1496 1065 1549 sed
1078 1496 1161 1564 longe
1175 1495 1290 1548 interio-

154 1595 201 1629 res
223 1576 286 1630 illae
308 1577 417 1647 quidem
439 1579 600 1649 Aegyptiis:
631 1581 665 1632 de
679 1597 734 1649 qua
754 1597 784 1632 re
807 1581 960 1634 monuimus
982 1579 1011 1633 in
1033 1588 1103 1634 nott.
1130 1580 1166 1632 ad
1186 1580 1223 1648 Il,
1243 1584 1288 1638 19.

156 1661 233 1724 Quid
249 1663 324 1732 quod
343 1662 372 1714 in
392 1663 544 1716 Mexicanis
564 1665 647 1717 terris
669 1664 786 1735 aliisque
800 1665 940 1718 Americae
961 1665 1148 1720 meridionalis
1168 1665 1290 1733 regioni-

156 1749 209 1800 bus
227 1746 360 1800 simillima
376 1747 522 1817 Aegyptiis
544 1750 732 1819 pyramidibus
753 1757 926 1804 monumenta
942 1751 1056 1806 inventa
1076 1757 1157 1819 sunt,
1179 1751 1213 1803 de
1229 1750 1291 1819 qui-

155 1835 209 1884 bus
230 1833 304 1884 coni.
328 1831 444 1886 Clarus:
464 1833 584 1889 Travels
606 1836 685 1903 [1,1.
709 1853 738 1905 p.
756 1840 817 1895 196.
850 1835 1029 1889 Thorlaciusa
1056 1835 1108 1888 Om
1129 1835 1291 1906 Aegyptens

156 1917 314 1985 symbolske
331 1916 491 1971 Oldminder
507 1919 711 1974 isaerdeleshed
726 1937 768 1972 ont
782 1921 989 1988 Pyramiderne.
1010 1921 1193 1990 Kjobenbsvn
1211 1924 1290 1980 1622.

155 2001 303 2055 Minutoli:
325 2003 484 2071 Nachtrige
498 2021 532 2056 zu
548 2022 572 2057 s.
588 2004 672 2059 lleise
687 2013 739 2058 etc.
755 2011 844 2076 p-259
858 2013 886 2058 et
900 2005 1110 2075 Bescbreibung
1126 2006 1203 2060 einer
1217 2006 1291 2058 alten

156 2087 237 2140 suut
255 2087 283 2140 in
301 2088 456 2141 Guatimala
475 2097 527 2142 etc.
544 2109 571 2160 p.
587 2095 604 2149 9
618 2109 697 2160 seqq.
720 2091 810 2160 etqui
834 2091 924 2143 omnia
939 2092 991 2144 buc
1007 2091 1162 2162 spectantia
1180 2089 1293 2159 collegit

156 2174 183 2227 J.
201 2173 237 2225 G.
253 2171 369 2226 Miller:
392 2174 557 2228 Gescbicbte
582 2176 608 2228 d.
627 2176 779 2228 American.
804 2175 998 2244 Urreligionen
1022 2195 1050 2247 p.
1071 2181 1123 2236 457
1145 2195 1223 2246 seqq.
1255 2174 1293 2226 At

157 2275 223 2311 vero
238 2257 395 2310 accuratius
414 2259 627 2329 inspicientibus
642 2279 703 2314 mox
718 2261 874 2332 apparebit,
897 2261 1057 2316 Maxicanas
1073 2262 1239 2332 pyramides,
1262 2260 1291 2312 in

158 2342 297 2395 nonnullis
320 2344 444 2413 quamvis
465 2345 568 2398 similes
588 2345 749 2414 Aegyptiis,
772 2346 806 2398 ab
827 2346 870 2398 bis
891 2351 981 2400 tamen
1001 2345 1147 2417 plurimum
1167 2347 1291 2413 differre,

160 2428 185 2480 si
201 2427 379 2498 altitudinem,
396 2435 554 2483 structurae
569 2431 711 2499 rationem,
727 2433 840 2485 sormam
853 2448 885 2484 ac
899 2432 1020 2503 denique
1034 2433 1125 2502 ipsum
1140 2449 1228 2498 usum,
1247 2429 1293 2484 cui

160 2512 303 2565 Merioana
319 2513 386 2566 haec
403 2523 576 2568 monumenta
590 2516 787 2584 inservierint,
809 2517 1005 2587 respiciamus:
1029 2518 1206 2587 nequeenim
1221 2535 1293 2570 mor-

157 2606 267 2651 tuorum
289 2599 349 2651 sive
371 2617 467 2669 regum
488 2601 547 2654 sive
564 2602 718 2671 principum
744 2602 925 2656 cadaveribus
947 2601 1116 2673 recipiendis
1131 2603 1294 2656 Maxicanae

158 2683 314 2753 pyramides
329 2685 544 2738 accommodatae
560 2695 655 2754 erent,
678 2688 727 2740 sed
743 2688 831 2740 sacris
846 2688 1014 2758 peragendis
1032 2688 1206 2758 victimisque
1222 2687 1291 2740 adeo

159 2768 286 2820 humanis
306 2769 452 2823 caedendis
473 2777 568 2840 aptae:
596 2772 630 2824 de
651 2789 706 2843 qna
726 2791 755 2825 re
771 2773 844 2825 conl.
863 2772 980 2844 Ampere
994 2774 1038 2826 ins
1063 2772 1293 2826 Revued.deu1

159 2852 251 2906 mond.
270 2857 346 2912 1853.
362 2854 397 2907 Τ.
415 2855 463 2908 lv.
479 2875 507 2926 p.
524 2863 577 2916 110
591 2875 651 2927 seq.
675 2857 803 2911 Mueller.
822 2857 840 2910 l.
855 2857 875 2909 l.

246 2937 357 3007 Restat,
373 2947 404 2991 ut
420 2940 453 2993 de
469 2941 531 3010 ipsa
548 2960 624 3008 uoce,
641 2959 696 3013 qua
709 2942 810 2995 Graeci
827 2942 894 2994 baec
910 2941 1109 3011 Aegyptiorum
1126 2957 1221 3008 regum
1236 2956 1292 2992 mo-

159 3031 291 3075 numenta
305 3023 470 3093 sepulcralia
484 3027 683 3095 designarunt,
699 3043 882 3096 exponamus:
899 3043 989 3096 neque
1005 3026 1077 3078 enim
1092 3025 1189 3092 adbuc,
1206 3041 1294 3095 quan-

159 3115 217 3160 tum
232 3108 357 3178 equidem
371 3111 445 3178 scio,
468 3113 606 3180 cognitum
622 3117 679 3179 est,
700 3111 782 3182 quale
796 3112 882 3164 fuerit
898 3127 994 3164 nomen
1010 3112 1044 3164 ab
1061 3111 1131 3180 ipsis
1148 3109 1294 3179 Aegyptiis

162 3193 322 3245 adhibitum.
349 3195 406 3257 Qui
421 3196 575 3266 antiquitus
589 3198 623 3250 de
638 3198 688 3249 bec
700 3215 729 3250 re
742 3197 949 3267 quaesiverunt,
969 3215 1017 3248 eos
1032 3195 1188 3249 invenimus
1203 3194 1248 3248 vel
1260 3193 1296 3246 ad

162 3295 257 3330 vocem
274 3272 379 3351 πυρὸς,
396 3281 469 3333 unde
484 3282 643 3335 derivarent
656 3277 705 3345 τὰς
722 3283 893 3351 πυραμίδας,
910 3298 1055 3349 regressos
1072 3299 1149 3348 esse,
1166 3280 1247 3351 quia,
1265 3285 1297 3330 ut

161 3363 294 3416 Ammiani
311 3363 502 3433 lllarcellini*)
519 3373 582 3420 utar
596 3369 706 3434 verbis,
723 3369 757 3420 ad
772 3368 843 3438 ignis
858 3367 975 3435 speciem
990 3373 1157 3420 extenuatur
1171 3364 1294 3436 pyramis

161 3447 190 3500 in
207 3465 320 3516 conum,
344 3449 388 3502 vel
409 3451 443 3503 ad
457 3449 642 3520 triticum**),
669 3471 729 3506 cum
748 3445 804 3506 clad
823 3453 879 3505 cciv
900 3453 997 3521 πυρῶν
1016 3449 1115 3504 deduci
1130 3451 1234 3505 vellent
1246 3443 1297 3510 τὰς

162 3535 334 3602 sesualdum
357 3551 438 3603 quam
453 3535 616 3590 ludaeorum
631 3537 890 3603 Alexandrinorum,
909 3536 955 3607 qui
972 3537 1129 3605 pyramides
1144 3534 1297 3605 Aegyptio-

163 3635 222 3672 rum
238 3619 338 3672 horrea
351 3619 440 3674 fuisse
456 3621 588 3690 dicerent,
609 3623 764 3692 opinionem
781 3639 878 3691 nuper,
895 3621 969 3692 quod
987 3621 1104 3689 mireris,
1125 3621 1216 3674 denuo
1232 3635 1296 3672 sus-

162 3705 237 3773 cepit
257 3704 301 3757 vir
320 3704 419 3758 doctus
440 3705 467 3760 in
491 3707 627 3776 Quaterly
646 3707 760 3761 Review
782 3707 842 3760 Vol.
859 3705 1009 3760 LXXVIII.
1032 3725 1060 3777 p.
1077 3709 1128 3766 164
1149 3724 1207 3776 seq.
1243 3705 1299 3758 Sed

234 3871 262 3936 ⁴⁸)
280 3873 341 3922 Lib.
353 3873 442 3923 xxu.
462 3887 523 3938 cap.
537 3873 577 3924 15.
595 3877 619 3936 ξ.
633 3873 681 3924 28:
702 3901 760 3936 „-
779 3890 848 3939 quae
866 3873 951 3940 ligura
970 3873 1043 3938 apud
1061 3876 1216 3937 geometras
1235 3871 1297 3922 ideo

164 3943 206 3993 sic
225 3942 398 4007 appellatur,
418 3941 491 4008 quod
510 3943 545 3992 ad
564 3943 636 4008 ignis
655 3945 774 4008 speciem
789 3941 841 3993 τοῦ
859 3937 963 4007 πυρὸς,
981 3947 1013 3993 ut
1030 3957 1080 3992 nos
1098 3941 1229 4004 dicimus,
1251 3958 1296 3993 ex·

162 4017 296 4063 tenuatur
314 4013 344 4062 in
362 4013 495 4064 conum“.
533 4013 612 4078 Apud
635 4014 777 4064 Platonem
801 4015 828 4062 in
848 4013 917 4063 Tim.
938 4028 964 4077 p.
985 4013 1019 4065 56
1037 4013 1067 4060 Β.
1092 4011 1163 4063 inter
1186 4011 1243 4063 alis
1260 4011 1297 4062 le·

163 4087 266 4148 gantur
283 4081 368 4134 haec:
386 4074 419 4131 τὸ
437 4076 489 4146 μὲν
507 4079 557 4147 τῆς
571 4079 733 4148 πυραμίδος
751 4075 864 4146 στερεὸν
882 4072 998 4147 yeyovdc
1015 4072 1093 4138 εἶδος
1111 4076 1202 4148 πυρὸς
1222 4095 1297 4132 στοι-

163 4153 245 4215 χείου
261 4148 309 4201 sol
328 4146 452 4216 σπέρμας
479 4168 548 4218 quae
567 4153 641 4202 hand
659 4154 717 4203 scio
736 4167 772 4202 an
790 4153 842 4203 huc
866 4167 973 4218 quoque
995 4155 1129 4216 spectent.
1166 4153 1298 4203 Laurent.

164 4221 235 4285 Lyd.
257 4223 290 4272 de
308 4238 408 4274 menas.
427 4238 454 4287 p.
471 4223 504 4274 10
522 4221 594 4288 (coll.
614 4239 640 4287 p.
660 4221 738 4287 234):
757 4213 775 4286 ἡ
793 4215 824 4270 dl
843 4215 967 4285 πυραμὶς
979 4211 1093 4284 Ἡλίου,
1114 4220 1162 4272 nbi
1179 4221 1299 4274 Roetber

165 4295 242 4342 recte
260 4291 386 4344 Platonis
410 4291 501 4342 locum
522 4291 627 4342 attulit.
732 4290 776 4356 ¹³⁸)
796 4290 927 4356 Stephan.
947 4291 1063 4355 Byzant.
1087 4307 1108 4340 s.
1127 4307 1154 4342 v.
1176 4289 1301 4357 Πυραμί-

167 4357 232 4416 ὂεςε
252 4391 287 4412 τ-
305 4353 520 4426 ὥυομυίσθησαυ
539 4355 570 4411 dl
587 4358 746 4427 πυραμίδες
762 4352 820 4410 ἀπὸ
837 4357 895 4410 miv
912 4357 1025 4424 πυρῶν,
1044 4349 1096 4418 oris
1112 4351 1171 4411 ἐκεῖ
1182 4373 1300 4426 συναρα-

167 4421 260 4494 ydola
281 4421 414 4497 βασιλεὺς
433 4423 545 4480 ἔνδειαν
563 4420 679 4496 ἐποίησε
697 4429 777 4480 σίτου
795 4419 867 4480 κατὰ
882 4421 936 4494 τὴν
953 4424 1105 4494 Αἴγυπτον.
