3058 4928
235 267 296 330 578
560 342 562 348 Α
666 265 937 328 nunonem

234 467 295 521 υιις
319 443 357 510 ἐν
382 446 422 530 τῇ
448 443 584 512 ἑωυτῶν
607 445 739 512 ἕκαστοι
764 442 841 512 πόλι
865 439 1034 510 θάπτουσι
1061 444 1098 510 ἐν
1122 445 1213 528 ἱρῇσι
1232 439 1370 530 θήκῃσι.

236 540 280 625 ὦς
299 545 335 614 δὲ
355 542 464 626 οὕτως
482 551 556 635 τῇσι
575 549 653 615 κυσὶ
671 551 705 616 oi
720 546 869 632 ἰχνευταὶ
887 542 1085 614 θάπτονται.
1129 542 1187 624 τάς
1203 544 1240 614 δὲ
1259 571 1369 633 μυγα-

233 703 351 778 ἑχεοθαι
370 709 418 762 sul
440 706 632 778 πολυχρόνιον
655 711 707 764 τοῦ
726 705 776 763 οά-
827 710 993 761 serebantur.
1029 712 1061 761 Iu
1081 711 1139 762 eins
1156 712 1196 762 rei
1213 712 1371 763 memoriam

235 797 322 847 ματος
342 775 462 848 τήρησιν
492 777 657 834 θάπτουσιν
685 775 716 832 ἐν
740 777 776 833 ie·
828 781 856 830 in
874 781 956 832 Isidis
981 781 1025 832 die
1049 781 1120 832 festo
1142 797 1268 847 pompam
1291 781 1372 832 duce·

236 844 424 918 ραῖςθήταις.
451 854 617 904 Invenerunt
631 853 777 904 autemdo-
827 851 895 902 baut
912 866 1010 915 canes,
1027 853 1069 902 nti
1086 852 1177 918 prodit
1194 852 1309 903 Diodor.
1329 853 1372 903 Si·

236 923 274 972 cti
298 922 369 974 Galli
393 922 421 971 in
445 923 590 974 Thebaieie
617 924 777 974 conditoriis
828 919 882 972 cul.
901 921 925 972 1.
944 937 1004 986 cap.
1021 921 1066 973 87.
1100 924 1141 972 Ac
1167 921 1224 973 Nili
1247 937 1371 972 crescen-

235 989 334 1042 multas
342 994 427 1056 felium
436 995 558 1044 mumiae.
582 994 644 1044 vid.
658 994 776 1044 Iomard.
827 991 864 1041 tis
882 995 910 1040 et
927 1006 1052 1042 annonae
1069 990 1157 1042 ielicis
1176 992 1226 1042 aba
1244 991 1371 1042 Anubide

235 1062 253 1112 1.
273 1063 291 1113 l.
312 1067 338 1112 et
355 1067 425 1112 nott.
445 1063 480 1112 ad
498 1063 535 1126 ΙΙ,
555 1063 598 1116 66.
827 1061 942 1126 augum
970 1076 1067 1127 capere
1096 1061 1221 1114 solebant
1244 1061 1371 1112 secerdo-

271 1123 300 1180 ἐν
320 1124 492 1198 Boudeion
511 1124 777 1198 udis]Dehacurbe
829 1135 880 1180 tes.
923 1131 1009 1182 Sirius
1033 1133 1145 1197 eiusque
1166 1146 1276 1197 praeses
1303 1132 1371 1182 deus

235 1201 291 1252 vid.
310 1217 392 1266 supra
415 1202 453 1264 II,
478 1203 521 1253 60.
551 1203 592 1252 Ac
617 1202 701 1252 refert
724 1203 777 1253 huc
827 1201 949 1251 universi
966 1202 1030 1251 anni
1052 1202 1163 1252 nuntius
1186 1207 1228 1252 est
1249 1201 1370 1251 habitus.

235 1272 310 1322 urbis
327 1287 424 1321 nomen
443 1271 597 1337 Stephanus
608 1273 777 1338 Byzantinus

236 1341 285 1391 suh
301 1357 372 1404 voe,
392 1341 465 1406 quod
478 1343 555 1406 selem
568 1341 696 1392 denotare
709 1343 778 1392 sori-

234 1412 284 1462 bit.
322 1412 659 1477 Dubitatquodammodo
681 1412 777 1462 Charu-

235 1480 318 1546 pcllio
336 1480 470 1546 (l’Egypt.
488 1497 552 1532 eous
567 1481 585 1531 l.
598 1483 679 1532 Pher.
695 1482 733 1532 II.
748 1498 775 1547 p.

235 1550 295 1615 67),
325 1551 369 1600 cui
391 1565 407 1599 a
436 1552 545 1602 numine
566 1551 702 1618 Aegyptio
730 1567 779 1602 no-

235 1635 296 1670 men
315 1619 390 1670 nrbis
406 1620 549 1671 deductum
567 1637 627 1672 esse
645 1621 778 1672 verisimi-

235 1689 289 1739 lius
300 1689 416 1740 videtur.
448 1690 490 1740 Ad
503 1690 596 1741 felium
608 1692 709 1742 cultum
719 1707 778 1756 per-

234 1760 321 1810 tinere
338 1759 460 1822 videtur,
478 1760 551 1826 qnod
565 1763 636 1826 apud
649 1762 777 1812 Ovidium

234 1830 346 1880 Metam.
365 1829 399 1893 V,
419 1829 550 1881 3290011.
569 1833 669 1882 Anton.
683 1832 775 1883 Liber.

234 1905 344 1950 uretcm.
365 1899 420 1951 sab.
443 1899 476 1951 28
499 1899 629 1951 traditum
651 1900 776 1967 legimus,

235 1969 313 2020 deam
332 1970 360 2018 in
378 1985 470 2035 pugna
487 1970 631 2035 Typhonis
649 1986 679 2022 se
692 1973 720 2020 in
738 1972 777 2021 ie-

233 2040 281 2090 lim
298 2039 518 2090 transformasse.

269 2101 318 2166 τάς
335 2102 368 2158 di
386 2101 475 2166 τιν’νιις
492 2099 523 2158 ἐν
537 2105 572 2174 τῇ
584 2097 698 2159 ἒυυτάν
713 2103 776 2159 ἕνα·

235 2191 297 2228 στνι
314 2193 339 2227 ιι.
359 2193 383 2227 τ.
402 2176 437 2243 1.]
456 2177 544 2229 Canes
566 2193 686 2244 quoqne,
711 2194 777 2245 qus-

233 2263 292 2297 rnm
311 2248 365 2296 iam
387 2248 488 2298 mentio
509 2247 547 2310 11,
567 2247 601 2298 66
624 2249 652 2297 in
673 2247 730 2312 fin,
748 2250 793 2298 ln·

234 2317 319 2366 sacris
337 2315 509 2367 habebantur
525 2317 700 2382 animalibus,
724 2333 776 2369 nec

234 2385 354 2436 infimum
365 2385 421 2436 illic
437 2386 607 2452 occupabant
617 2387 706 2438 locum
717 2403 777 2453 pro·

233 2461 295 2520 pter
321 2455 440 2506 rationes
468 2457 679 2520 astronomicae,
708 2473 776 2522 quas

234 2525 314 2576 modo
327 2525 480 2591 attigimus.
517 2527 663 2590 „Proxime
675 2529 776 2590 monui,

234 2611 251 2645 a
266 2595 347 2656 solis,
371 2611 420 2660 per
443 2596 521 2662 signa
540 2597 608 2648 coeli
626 2597 776 2662 insigniora

233 2665 362 2728 meantia,
381 2681 471 2717 annuo
489 2666 554 2716 orbe
566 2667 617 2718 hec
630 2667 657 2716 iu
673 2681 702 2730 re
713 2682 777 2731 pen-

234 2735 297 2786 dere
315 2734 439 2799 plurima.
477 2735 567 2786 Solem
585 2740 674 2788 eutem
687 2738 777 2802 Aegy·

233 2805 298 2870 ptiis
320 2804 455 2856 Osiridenr
482 2806 585 2857 dictum
610 2822 670 2857 esse
693 2821 777 2871 supra

234 2873 383 2926 docuimus.
426 2876 486 2926 Hoc
509 2875 571 2927 loco
598 2875 665 2927 illud
690 2877 776 2927 adda-

233 2958 306 2994 mus:
326 2944 460 2996 Osiridem
477 2945 592 2996 solarem
610 2945 775 3012 appellatum

234 3029 294 3065 esee
306 3012 425 3078 Σείριον
440 3013 523 3078 (conf.
534 3015 674 3068 Plutarch.
690 3016 723 3067 de
737 3017 775 3067 Is.

234 3089 262 3134 et
279 3083 351 3134 Osir.
370 3100 397 3149 p.
416 3083 468 3136 372
490 3101 513 3136 ι.
537 3087 588 3138 525
610 3085 774 3152 Wytteub.).

233 3153 266 3203 In
274 3153 366 3204 eodem
376 3153 444 3205 Sirio
451 3153 575 3207 habitare
585 3156 775 3208 Isidemetiam

234 3222 369 3273 docebant
385 3223 513 3289 Aegyptii
536 3224 601 3290 (vid.
623 3227 776 3291 inscriptio-

234 3307 295 3342 nem
318 3291 390 3357 apud
411 3293 561 3345 Diodorum
584 3295 632 3348 lib.
665 3297 688 3346 1.
712 3311 773 3362 cap.

234 3364 277 3413 27.
294 3377 357 3428 pag.
375 3359 406 3412 31
425 3361 611 3431 Weseeling.).
646 3365 775 3416 Habebat

234 3436 325 3482 autem
346 3430 471 3482 canicula
488 3433 565 3484 binae
591 3435 686 3486 stellas
708 3451 774 3500 prae

234 3502 333 3552 ceteris
351 3501 521 3566 splendidae,
544 3505 657 3555 alteram
680 3506 708 3555 in
730 3521 774 3556 ca·

233 3572 304 3637 pita,
320 3587 400 3637 quam
411 3572 511 3623 Isidem
521 3573 665 3637 vocabant,
683 3575 712 3624 in
724 3575 774 3625 lin·

234 3657 288 3708 gua
300 3641 414 3692 alteram
432 3641 495 3691 Sirii
515 3643 622 3693 nomine
639 3645 775 3710 insignem

235 3711 339 3775 (confer
361 3711 501 3763 Iablonelr.
523 3713 623 3763 Panth.
647 3715 715 3780 Aeg.
734 3715 774 3766 11.

234 3797 297 3846 pag.
316 3782 350 3833 34
368 3781 467 3847 seqq).
505 3781 563 3832 Iam
582 3797 659 3833 neruo
676 3785 773 3848 nescit,

234 3849 375 3901 caniculae
392 3851 471 3916 qnasi
489 3851 624 3902 dominum
635 3855 774 3904 esseAna-

233 3919 313 3970 bidem
335 3921 393 3970 sive
412 3921 579 3984 Mercurium,
606 3923 705 3972 canino
728 3939 774 3974 ca-

234 3989 290 4052 pite
308 3989 434 4053 imposito
452 3990 609 4055 notabilem,
633 3991 651 4042 i.
672 4007 696 4042 e.
713 4007 773 4044 eum

234 4057 327 4120 deum,
346 4059 393 4122 qui
410 4059 478 4110 Isidi
496 4065 524 4110 et
537 4060 639 4112 Osiridi
655 4063 683 4111 in
702 4063 775 4113 omni

234 4127 307 4176 vitae
330 4127 437 4178 actione
462 4129 540 4180 adest
563 4135 590 4180 et
617 4131 707 4182 necati
730 4131 774 4182 dei

233 4209 330 4260 corpus
349 4197 470 4248 studiose
479 4199 592 4264 inquirit
601 4215 633 4250 ac
645 4201 696 4250 rite
709 4215 774 4251 con-

233 4267 318 4316 ditum
339 4267 374 4316 ud
391 4267 481 4317 Nilum
499 4268 595 4319 defert.
632 4271 715 4320 Cuius
734 4273 773 4319 in-

232 4335 388 4402 quisitionis
415 4335 462 4388 lidi
486 4339 553 4388 socii
580 4339 665 4390 tuisse
690 4354 773 4389 canes

827 1270 869 1320 Ab
894 1287 926 1321 eo
949 1271 1034 1336 igituir
1056 1271 1121 1336 deo,
1145 1273 1205 1337 qui,
1234 1276 1370 1337 quotenne

827 1347 917 1392 mente
932 1356 983 1391 sua
1000 1341 1156 1392 moderatur
1169 1343 1299 1393 inferiora
1315 1357 1370 1391 om-

827 1411 889 1474 uIa,
910 1410 1139 1464 I'hothdIermes
1158 1411 1261 1475 dictus,
1287 1412 1371 1476 igitur

826 1480 862 1530 eb
886 1495 917 1530 eo
936 1480 1069 1547 quidquid
1091 1482 1200 1534 luminis
1223 1483 1243 1532 i.
1264 1497 1288 1532 e.
1307 1496 1370 1532 con·

830 1550 884 1598 silli
904 1551 1056 1617 salutisque
1077 1552 1106 1601 in
1128 1551 1227 1615 solem,
1252 1557 1334 1616 atque
1351 1566 1369 1600 a

829 1618 932 1670 selein
956 1619 1060 1684 lunam,
1084 1621 1200 1688 indeque
1226 1635 1319 1671 rursus
1340 1621 1370 1670 in

828 1695 928 1739 terram
946 1691 1073 1754 defluxit,
1098 1691 1126 1742 id
1144 1691 1290 1758 quotannis
1308 1695 1370 1740 tan·

829 1773 908 1823 quam
925 1774 958 1809 ex
977 1762 1104 1825 prImario
1130 1761 1206 1812 ionte
1223 1761 1368 1826 repetitnr;

828 1829 868 1878 ita
886 1833 986 1892 tamen,
1005 1836 1037 1880 nt
1044 1831 1102 1895 ipse
1112 1846 1182 1897 quae
1194 1831 1291 1881 mentis
1306 1835 1370 1880 sunt

827 1898 977 1963 impertiat,
997 1915 1067 1965 quae
1077 1901 1106 1950 in
1121 1901 1307 1952 communibus
1322 1900 1370 1949 bo-

828 1968 870 2018 nls
890 1975 1046 2033 censentur,
1067 1985 1100 2020 ea
1117 1972 1207 2022 omnia
1224 1970 1306 2020 Isidis
1326 1985 1370 2020 ar-

826 2036 909 2088 bitrio
919 2045 1002 2105 atque
1014 2040 1130 2091 Osiridis
1143 2042 1199 2091 sint
1213 2041 1369 2091 commissa.

828 2107 927 2173 Itaque
949 2109 1020 2159 idem
1043 2109 1089 2160 ille
1118 2110 1233 2162 latrator
1253 2110 1370 2172 Anubis,

827 2175 856 2226 in
880 2177 949 2229 coeli
971 2179 1083 2244 fastigio
1107 2195 1140 2231 ac
1161 2180 1240 2246 quasi
1257 2179 1371 2244 specula

826 2245 946 2312 locatus,
977 2250 1129 2315 sagacitate
1157 2265 1207 2301 sna
1229 2249 1372 2315 praecellr't

827 2316 946 2382 reliquas
964 2318 1068 2369 bestias
1092 2335 1200 2383 omnes,
1227 2319 1304 2370 velut
1325 2335 1370 2369 sa-

827 2389 974 2452 gacissima
991 2389 1080 2439 bestia
1097 2391 1203 2441 cauis.“
1240 2390 1368 2440 Creuser.

826 2457 855 2506 in
868 2457 970 2508 Comm.
990 2458 1109 2511 Herodd.
1130 2475 1157 2525 p.
1180 2459 1229 2510 149
1239 2475 1296 2526 seq.
1326 2461 1369 2510 De

826 2525 929 2577 honore
951 2543 1037 2578 canem
1060 2529 1132 2595 apud
1157 2531 1307 2596 Aegyptios
1331 2530 1367 2579 ci.

826 2594 965 2647 Plutarch.
992 2597 1025 2649 de
1048 2599 1087 2650 Is.
1107 2604 1134 2650 et
1152 2599 1224 2650 Osir.
1243 2616 1303 2664 cap.
1322 2601 1366 2649 44.

825 2680 853 2730 p.
872 2665 923 2718 3e8
940 2667 963 2717 h
981 2675 1009 2718 et
1024 2669 1137 2720 Diodor.
1157 2669 1175 2722 l.
1196 2669 1230 2733 l.‚
1253 2669 1368 2720 Wilkin-

827 2751 885 2786 son.
903 2737 1032 2787 Manners
1056 2743 1109 2790 etc.
1134 2754 1189 2790 sec.
1209 2755 1261 2790 ser.
1278 2739 1316 2788 11.
1338 2754 1365 2802 p.

829 2804 973 2872 138seqq.,
987 2808 1033 2872 qni
1044 2808 1196 2860 Anubidern
1207 2809 1260 2859 huc
1271 2807 1367 2858 reierri

826 2889 907 2938 posse
924 2883 1021 2942 negat,
1046 2893 1101 2929 nou
1124 2880 1200 2928 canis
1225 2879 1274 2928 sed
1291 2877 1369 2928 echa·

827 2943 880 2994 cali
898 2947 989 3011 capite
999 2947 1177 3011 instructum,
1195 2948 1249 2998 nisi
1265 2951 1368 2998 utram-

826 3029 879 3079 que
897 3016 1013 3067 beetiam
1031 3018 1066 3067 ad
1083 3018 1155 3068 idem
1167 3033 1264 3068 mcum
1282 3031 1367 3084 genus

824 3083 925 3134 reierre
944 3087 1032 3137 malis.
1068 3089 1125 3139 Nec
1150 3089 1260 3150 mirum,
1282 3086 1369 3141 multa

826 3169 922 3206 caum
940 3157 1075 3208 cadavera
1094 3158 1163 3210 bene
1186 3157 1321 3208 medicata
1339 3157 1368 3206 in

826 3225 929 3290 cryptis
937 3225 1143 3292 fuissereperta.
1175 3225 1368 3279 Vidlonrard.

825 3293 844 3344 l.
864 3294 882 3344 l.
908 3300 936 3345 et
959 3295 1037 3360 plnrs
1061 3297 1134 3362 apud
1156 3297 1314 3349 Reiuhardt.
1338 3296 1368 3344 iu

827 3364 892 3415 diss.
912 3364 985 3416 land.
1005 3381 1031 3431 p.
1053 3369 1085 3418 15
1104 3382 1170 3432 seq„
1201 3367 1366 3418 Wilkinson.

824 3433 843 3484 l.
861 3435 880 3484 l.
900 3449 962 3502 pag.
984 3437 1042 3488 141.
1075 3437 1155 3502 Apud
1172 3437 1287 3488 Latinos
1303 3435 1369 3486 hino

825 3505 962 3555 invenitur
977 3509 1089 3558 latrator
1108 3508 1214 3572 Austri,
1233 3509 1370 3556 utmonet

824 3573 987 3627 Larcherns.

860 3635 899 3701 ὥς
916 3639 947 3694 dt
965 3632 1058 3702 αὕτως
1077 3642 1141 3710 τῆσι
1153 3643 1217 3696 κυσὶ
1230 3637 1261 3694 οἱ
1274 3639 1369 3710 ἰχνευ-

824 3709 871 3763 ταὶ
896 3708 1070 3778 θάπτονται]
1091 3695 1216 3778 ἶχνευταὶ
1235 3721 1299 3766 sunt
1316 3713 1369 3763 ioh-

824 3799 966 3847 ueumonec,
985 3785 1026 3835 uti
1036 3785 1208 3848 appellantur
1216 3784 1290 3849 apud
1303 3783 1370 3834 Dio-

825 3853 883 3906 dor.
907 3852 991 3906 Sicul.
1013 3855 1036 3914 1,
1059 3853 1103 3905 83.
1140 3855 1209 3908 Add.
1235 3853 1368 3904 Nicandr.

824 3922 906 3975 Ther.
925 3925 957 3986 V,
984 3925 1033 3976 1115
1050 3927 1077 3973 et
1093 3924 1211 3990 Hesyoh.
1230 3939 1252 3974 s.
1269 3941 1297 3974 v.
1324 3924 1369 3973 De

823 3992 883 4056 ipss
901 3993 1003 4055 bestia,
1023 4009 1093 4058 qnae
1105 3992 1247 4050 crocodilis
1266 3993 1370 4042 inicstu

824 4061 937 4124 dicItur,
955 4061 1033 4125 plura
1051 4069 1164 4112 nunant
1177 4063 1313 4114 Diodorus
1324 4061 1369 4112 Si-

825 4129 877 4180 cul.
897 4131 920 4193 1,
946 4131 990 4182 87.
1013 4131 1119 4182 Aelian.
1144 4134 1181 4183 Η.
1204 4133 1238 4183 A.
1261 4131 1309 4194 VI,
1332 4130 1369 4181 38

824 4205 852 4250 et
870 4200 923 4264 III,
942 4203 985 4251 22.
1021 4201 1093 4252 Plin.
1113 4203 1148 4252 Η.
1166 4203 1200 4252 N.
1225 4201 1304 4262 VIII,
1321 4199 1368 4252 te:

824 4268 906 4320 Plura
923 4269 1001 4320 dubit
1024 4271 1191 4323 Wilkinson.
1215 4271 1233 4321 l.
1259 4271 1278 4322 l.
1302 4285 1368 4334 pag.

826 4340 874 4390 154
893 4355 950 4405 seq.
988 4341 1159 4406 „Pharuonis
1182 4355 1242 4392 mus
1260 4354 1371 4406 quoque
