3086 4932
238 311 300 377 204
674 311 937 373 HERODO'PI

237 489 382 580 μητριος.
423 497 566 579 Κροῖσος
586 485 725 577 μὲνγὰρ
739 489 776 556 ἐκ
789 492 935 575 Καείρης
957 478 998 575 ἦν
1020 485 1178 574 γυναικὸς
1197 484 1370 578 Ἀλυάττῃ,

237 594 443 664 Πανταλέων
469 593 506 662 δὲ
535 594 567 674 ἐξ
599 590 712 672 Ἰάδος.
753 592 887 660 ἐπείτε
914 590 969 676 δὲ,
1008 590 1124 670 δόντος
1149 597 1210 660 τοῦ
1238 591 1370 680 πατρὸς,

237 696 398 786 ἐκράτησε
418 701 474 784 τῆς
494 693 595 785 ἀρχῆς
615 691 806 785 ὁΚροῑσος,
826 691 884 764 τὸν
905 691 1092 784 άνθρωπου
1111 692 1171 763 τὸν
1185 691 1369 787 ἀντιπρήσ-

237 824 339 871 σοντα
360 803 414 870 ἐπὶ
432 798 563 888 κνάφου
582 802 690 869 ἕλκων
711 801 901 886 διέφθειρε“
925 796 986 888 τὴν
1008 798 1045 868 δὲ
1059 793 1179 887 οὐσίην
1198 796 1305 869 αὐτοῦ
1323 807 1370 869 ἔτι
1399 817 1405 830 “

238 903 400 994 πρότερον
420 902 620 990 κατιρώσας,
641 903 715 972 τότε
734 901 847 994 τρόπῳ
868 907 913 994 τῷ
934 905 1097 994 εἰρημένῳ
1111 899 1258 992 ἀνέθηκε
1279 907 1312 984 ἐς
1332 901 1371 972 τά

239 1019 376 1099 εἴρηται.
410 1007 466 1076 καὶ
488 1007 564 1093 περὶ
581 1007 644 1095 μὲν
663 1003 890 1095 ἀναθημάτων
910 1011 1054 1075 τοσαῦτα
1079 1006 1238 1095 εἰρήσθω.

190 1117 230 1176 03
315 1110 483 1200 Θοίυματα
503 1110 540 1180 δὲ
562 1115 604 1200 γῆ
618 1116 726 1200 Λυδίη
742 1113 775 1191 ἐς
789 1107 989 1198 συγγραφὴν
1003 1106 1043 1178 οὐ
1060 1108 1148 1197 μάλα
1163 1116 1245 1198 ἔχει,
1267 1106 1371 1182 οἷοίτε

239 1331 291 1380 que
308 1314 415 1364 aedium
437 1313 523 1364 solnm
544 1304 628 1378 (αὐτά
645 1305 678 1363 τά
695 1311 779 1376 θυμέ·
830 1328 873 1362 ree
891 1313 1056 1364 admirandas
1074 1321 1146 1364 terra
1159 1315 1245 1380 Lydio
1263 1315 1300 1364 ari
1314 1331 1375 1377 per-

238 1387 295 1448 tte)
316 1384 487 1446 divenderet‚
506 1400 540 1434 ne
559 1384 623 1449 quid
647 1385 779 1450 reliquum
830 1383 985 1433 scribendum
1003 1399 1051 1433 non
1068 1384 1196 1434 adiudam
1213 1383 1296 1443 litter,
1313 1401 1374 1448 quo-

196 1487 198 1493 1
238 1459 320 1506 esset.
340 1484 374 1492 -
398 1455 497 1516 Verba,
517 1470 586 1519 quoe
616 1459 779 1519 sequuntur:
830 1455 868 1503 les
883 1453 940 1514 sere
959 1455 1011 1502 alio
1029 1456 1098 1518 νοηίο
1119 1454 1262 1518 (praebere
1280 1453 1373 1514 solet).

238 1517 301 1576 ἐπεί
313 1539 340 1574 τε
352 1519 392 1585 δὲ,
412 1515 534 1580 δόντες
551 1521 614 1572 τοῦ
632 1517 778 1587 πατρὸς,
830 1523 883 1572 Ubi
907 1522 978 1588 quod
1005 1523 1142 1574 Sebaefer.
1171 1524 1275 1574 Melott.
1300 1525 1373 1574 critt.

238 1589 372 1658 ἐκράτησε
391 1591 442 1658 τῆς
466 1585 557 1657 ἀρχῆς
577 1583 591 1642 d
611 1593 734 1656 Κροῖσος
752 1594 780 1642 in
832 1594 855 1643 1.
874 1608 900 1656 p.
925 1592 958 1641 73
983 1593 1127 1642 articulum
1150 1583 1167 1657 ἡ
1192 1599 1254 1658 post
1277 1591 1313 1658 γῆ
1337 1595 1375 1644 in·

239 1663 391 1716 deliniendo
413 1664 507 1714 Croesi
524 1669 614 1720 aetate
638 1679 669 1712 eo
692 1663 780 1726 magis
832 1663 886 1713 seri
910 1662 1006 1742 voluit,
1035 1663 1150 1714 Bredov.
1183 1680 1210 1728 p.
1244 1663 1277 1713 81
1304 1665 1375 1714 bunc

238 1740 316 1786 erunt
337 1734 516 1794 attendenda,
547 1750 598 1799 qno
622 1734 710 1784 minus
735 1733 782 1782 du·
832 1733 919 1798 ipsum
939 1749 1049 1797 prorsus
1063 1735 1246 1784 necessarium
1260 1734 1375 1799 indeque

239 1807 311 1856 bium
330 1805 448 1864 iaciunt,
470 1805 534 1869 quin
562 1803 685 1868 Alyattes
703 1809 782 1869 pater
833 1803 1014 1853 adiiciendum
1030 1819 1090 1854 esse
1106 1805 1263 1854 arbitratur.
1283 1806 1376 1869 Neque

239 1891 299 1926 eum
318 1875 374 1926 lilio
394 1874 493 1924 Croeso
512 1889 624 1938 regnum
638 1875 782 1924 communi·
832 1889 897 1924 vero
915 1873 1034 1923 Dindorf
1055 1874 1201 1924 obsecutus
1220 1879 1277 1936 est,
1297 1891 1375 1940 quens

239 1947 318 2010 ecrit,
338 1945 382 1994 hie
400 1945 582 2008 igitquatre
601 1945 688 1995 adbuc
707 1945 779 2006 vivo,
832 1945 921 2008 ipsum
940 1944 1017 2009 sequi
1041 1945 1128 1994 setius
1153 1945 1226 1994 duxi.
1263 1945 1376 1995 Dietsch

238 2017 272 2068 ud
308 2010 420 2080 regnum
452 2014 615 2078 pervenerit.
657 2016 699 2064 Tu
724 2015 779 2064 vid.
833 2013 949 2062 inseruit
985 2014 1137 2064 articulum.
1183 2015 1225 2065 Of.
1262 2016 1299 2066 Il.
1331 2015 1375 2065 00.

238 2085 359 2136 Schultz.
386 2085 413 2133 in
436 2084 566 2148 Apparet.
592 2089 644 2133 ete.
670 2087 693 2134 1.
717 2101 780 2148 pag.
834 2085 908 2145 erae
929 2081 983 2132 clia
1002 2084 1030 2132 in
1050 2084 1101 2133 hoe
1120 2085 1209 2148 capite
1229 2089 1319 2135 tentat
1336 2086 1377 2134 vir

241 2155 273 2206 18
300 2160 327 2204 et
350 2169 396 2216 ee,
415 2169 484 2217 quae
502 2167 585 2218 supre
602 2153 636 2202 ed
655 2153 682 2216 1,
702 2154 736 2205 30
754 2159 782 2204 et

239 2227 262 2290 1,
280 2225 313 2274 45
331 2223 495 2272 notavimus.

273 2287 319 2342 snt
337 2284 450 2354 κνάφου
468 2287 565 2358 iinon]
579 2291 611 2341 In
627 2290 703 2348 libris
718 2291 781 2340 olim

239 2363 320 2416 editis
345 2367 372 2412 et
400 2361 509 2426 scriptis
538 2361 660 2410 omnibus
692 2366 782 2410 exstet

238 2427 385 2496 κναφηΐου
403 2447 420 2482 a
442 2423 598 2495 κναφήϊον,
618 2445 688 2494 qnae
702 2431 781 2492 suile-

238 2505 277 2554 nis
301 2507 344 2552 est
365 2501 481 2564 officina,
512 2502 589 2550 cuins
617 2499 661 2549 hie
690 2499 781 2550 nullus

239 2577 313 2626 certe
330 2571 422 2630 locus;
441 2571 495 2622 vid.
520 2571 568 2630 IV,
595 2569 636 2620 14.
667 2569 781 2620 Uudee

238 2643 318 2694 lexic.
343 2639 475 2691 Herodot.
502 2644 530 2690 et
547 2639 665 2704 Hesych.
693 2655 780 2690 corre-

239 2717 336 2764 xerunt
355 2711 406 2760 viri
432 2711 503 2760 docti
523 2701 636 2772 κνάφου
661 2725 677 2759 u
699 2701 781 2758 κυά-

239 2797 318 2846 φος,
343 2795 409 2846 quo,
435 2779 594 2830 docentibus
617 2779 683 2844 ipsis
708 2784 781 2830 vete-

239 2869 297 2906 rum
321 2850 520 2916 grammaticis,
543 2849 702 2913 designetur
721 2866 780 2900 eur·

240 2927 303 2975 dum
326 2939 347 2974 s.
370 2925 458 2984 spina,
482 2936 536 2984 qua
562 2919 676 2970 fullones
699 2921 781 2970 vesti-

240 2997 331 3045 mentu
349 2991 444 3042 radere
461 2989 561 3050 solent3
575 2993 714 3054 praeterea
728 3000 782 3041 tor-

240 3065 313 3114 menti
320 3078 341 3112 s.
353 3063 516 3124 carnificinae
531 3076 610 3126 ρεοαο
624 3059 708 3110 clavis
720 3077 782 3111 aeu-

239 3133 343 3196 lelsque
368 3132 505 3195 oppletum
529 3129 565 3180 ad
589 3129 700 3178 miseros
723 3147 782 3181 cru-

241 3201 378 3253 delissime
396 3199 558 3250 enecandos.
582 3199 658 3250 Haec
675 3200 782 3250 Wesen-

239 3271 354 3336 lingius‚
379 3269 461 3320 ducta
489 3269 659 3334 potissimum
681 3285 714 3320 ex
737 3271 781 3332 iis,

242 3357 311 3408 quae
329 3339 482 3406 Hesychius
507 3355 530 3391 s.
554 3357 580 3389 v.
605 3344 632 3390 et
654 3341 782 3391 Timaeus

242 3415 269 3464 in
282 3411 374 3462 Lexie.
390 3411 498 3462 Platon.
509 3427 535 3475 ρ.
550 3409 599 3460 100
614 3409 656 3461 οδ.
674 3409 781 3461 Ruhnk.

242 3481 420 3534 tradiderunt.
439 3481 517 3546 Apud
530 3480 666 3531 (laisiord.
685 3481 784 3530 Peroe·

241 3553 338 3617 miogr.
357 3552 403 3603 Gr.
425 3567 452 3616 p.
469 3551 502 3600 00
521 3565 536 3600 e
563 3549 614 3600 cod
633 3549 783 3601 Bodleiano

242 3622 413 3688 proverbium
437 3621 488 3671 hoe
518 3623 618 3670 exstet:
644 3613 690 3669 ἐπὶ
717 3611 784 3670 κνά-

242 3707 301 3756 φου
327 3686 428 3740 ϊλκων·
456 3687 651 3752 διαφθείρων·
675 3681 706 3738 τὸ
730 3682 784 3755 γάρ

241 3753 382 3824 πρότερον
399 3751 429 3808 ol
446 3761 565 3822 κναφεῖς
579 3754 720 3807 ἀκανθῶν
731 3773 784 3808 σω-

242 3823 294 3892 ρὸν
313 3826 520 3892 συστρέψαντες
536 3818 572 3877 τὰ
588 3818 684 3890 ίμάτια
704 3822 784 3877 ἔννα-

243 3912 314 3960 φον·
335 3888 441 3960 ἐλέγετο
459 3894 490 3946 δὲ
514 3885 529 3946 δ
549 3887 639 3960 σωρὸς
657 3890 783 3962 κυάφος·

242 3955 277 4016 orl
292 3965 415 4027 Κροῖσος
432 3964 489 4014 τοῖν
500 3957 613 4030 ἐχθρῶν
632 3959 723 4028 dicive
736 3961 786 4026 τὰς

242 4029 347 4100 σάρκας
365 4031 412 4084 καὶ
431 4024 521 4092 οὕτως
539 4033 714 4100 διέφθειρεν.

420 4205 486 4258 Car.
505 4206 607 4258 XCIII.

278 4301 419 4390 Θοίφματφ
438 4305 470 4388 d}
492 4325 532 4428 γη
550 4305 642 4371 Λυδίη
665 4299 692 4364 ἒς
720 4322 784 4374 συγ-

244 4394 357 4446 γραφην
373 4394 407 4430 ου
426 4377 499 4444 stulu
530 4393 571 4442 χει
590 4393 615 4428 κ.
635 4393 658 4428 τ.
678 4377 712 4446 L]
727 4380 745 4431 i.
759 4395 783 4430 s.

833 2153 929 2201 doctus
948 2153 975 2200 in
991 2152 1049 2201 The
1066 2152 1191 2203 elassieal
1202 2156 1316 2204 Journal
1335 2171 1375 2204 nr.

832 2222 931 2271 XLIV.
950 2237 977 2285 p.
998 2223 1057 2283 375,
1077 2222 1149 2272 haud
1167 2225 1223 2272 scio
1249 2241 1284 2273 an
1302 2241 1377 2288 prue-

832 2291 983 2340 termittere
995 2296 1124 2354 praestet.
1136 2323 1171 2331 —
1180 2285 1228 2341 υίά
1240 2307 1267 2341 τε
1277 2295 1377 2343 Noster

833 2361 902 2410 dixit
929 2361 1040 2410 Homeri
1066 2361 1101 2410 ad
1128 2375 1206 2409 usum
1235 2376 1264 2410 se
1290 2363 1376 2425 sppli-

834 2445 912 2490 cans;
934 2429 970 2479 ei.
989 2429 1032 2479 Ili.
1052 2430 1113 2488 VII,
1134 2427 1194 2479 208.
1211 2431 1374 2491 XVH,1:‘›7.

832 2499 931 2564 Odyss.
965 2499 1032 2560 VII,
1066 2499 1126 2550 100.
1162 2497 1213 2557 XI,
1243 2498 1307 2559 530,
1342 2515 1375 2548 ne

832 2569 919 2634 plura.
942 2568 1021 2630 Quod
1039 2569 1073 2619 ad
1091 2573 1276 2632 argumentum
1295 2568 1374 2618 huius

832 2639 885 2689 loci
912 2640 1026 2698 attinet,
1052 2639 1206 2703 suspicetur
1224 2637 1375 2688 Creonerus

833 2707 981 2772 (Fregmm.
1002 2708 1066 2758 hist.
1091 2725 1117 2773 p.
1142 2708 1214 2772 170),
1240 2708 1283 2758 his
1308 2709 1375 2773 ipsis

832 2779 922 2829 vorbis
937 2779 1105 2829 Herodotum
1126 2783 1239 2839 „notare
1257 2778 1377 2830 voluisse

832 2840 965 2912 άκρισίαν
988 2849 1091 2898 Xanthi
1114 2847 1294 2911 similiumque
1312 2850 1378 2899 scri·

832 2923 955 2984 ptorum‚
975 2919 1021 2982 qui
1043 2920 1071 2968 in
1096 2918 1176 2967 rebus
1198 2919 1293 2981 patriis
1316 2935 1378 2968 nar-

833 2988 925 3038 randis
944 2987 1097 3038 febularnm
1109 2987 1226 3038 ludibria
1240 3004 1378 3054 aucupan-

831 3064 872 3109 tes
903 3058 1071 3122 popularium
1099 3063 1202 3108 mentes
1236 3059 1379 3109 advertere

832 3129 974 3179 studerent
996 3133 1023 3177 et
1047 3127 1171 3178 miranda
1200 3131 1313 3192 quaevis
1343 3130 1378 3180 sd

832 3213 908 3248 suam
922 3199 975 3262 ipsi
992 3199 1108 3262 patriam
1123 3199 1290 3249 traherent.“
1309 3199 1378 3250 Con-

833 3269 955 3318 iunctum
975 3267 1028 3318 boc
1046 3273 1088 3319 est
1108 3283 1168 3318 cum
1189 3283 1222 3317 ea
1240 3269 1376 3332 opinione,

834 3354 888 3404 qua
910 3337 1013 3388 Xanthi
1037 3338 1121 3388 libros
1144 3353 1232 3388 rerum
1263 3339 1377 3403 Lydios-

833 3423 892 3458 rum
900 3408 1040 3458 Herodoto
1053 3409 1212 3458 obversatos
1225 3423 1284 3458 esse
1297 3409 1376 3458 adeo-

834 3494 886 3543 que
904 3477 1039 3528 scribendi
1057 3494 1150 3528 ansam
1170 3478 1325 3542 praebuisse
1345 3494 1378 3528 ex

834 3547 936 3612 Ephori
946 3548 1102 3598 testimonio
1115 3548 1186 3610 apud
1200 3548 1298 3598 Athen.
1311 3549 1376 3598 XII.

835 3633 862 3682 p.
890 3619 940 3668 515
964 3619 996 3667 E.
1028 3617 1169 3668 contendit
1197 3617 1267 3667 idem
1297 3618 1379 3668 Creu-

836 3703 922 3747 nerus‚
941 3702 1020 3751 quem
1038 3688 1094 3738 vid.
1118 3687 1145 3736 in
1163 3687 1267 3736 Hister.
1289 3689 1379 3738 Kunst

836 3757 862 3807 d.
888 3757 995 3807 Grieeh.
1020 3773 1046 3822 ρ.
1071 3756 1122 3807 287
1145 3773 1220 3822 seqq.
1247 3757 1289 3807 ed.
1313 3763 1377 3807 tert.

835 3827 922 3877 Aliter
939 3827 1027 3876 visum
1052 3831 1093 3876 cst
1116 3826 1287 3876 Dahlmanno
1311 3829 1379 3891 (Ho-

835 3897 922 3947 rodot.
942 3913 967 3960 p.
988 3897 1063 3958 122),
1083 3897 1137 3962 qni,
1161 3912 1230 3960 quae
1252 3897 1279 3948 h.
1303 3897 1321 3946 l.
1342 3897 1379 3948 le-

836 3970 945 4028 guntur,
965 3967 1127 4016 documento
1147 3981 1206 4016 esse
1225 3967 1273 4026 ait,
1292 3968 1379 4016 Hero-

835 4035 898 4084 doto
916 4051 1026 4098 prorsus
1044 4037 1197 4101 incognitos
1216 4037 1301 4086 fuisse
1313 4053 1380 4099 qua·

835 4109 896 4154 tuor
920 4105 1022 4155 Xanthi
1043 4105 1126 4157 libros
1150 4121 1237 4155 rerum
1261 4105 1380 4170 Lydios-

835 4189 892 4223 rum
911 4175 1028 4239 indeque
1046 4177 1128 4226 etiam
1146 4175 1281 4226 mirabilia
1296 4191 1380 4240 quee-

835 4259 886 4308 quc
911 4245 937 4292 in
953 4245 1067 4306 'Lydiae
1096 4249 1195 4295 natura
1224 4261 1240 4294 a
1267 4246 1378 4296 Xantho

835 4319 961 4363 errarrnta
977 4314 1052 4362 illum
1070 4315 1165 4376 fugere
1182 4315 1318 4364 debuisse.
1337 4316 1378 4367 Ac

834 4383 931 4432 desunt
950 4383 1071 4449 proiecto
1091 4384 1146 4434 ulle
1157 4389 1232 4435 certa
1247 4386 1379 4450 vestigia,
