3020 4930
253 269 314 332 836
665 266 935 331 EXOURSUS
958 269 991 327 II

618 690 935 768 EXOURSUS
974 691 1014 766 Π

485 859 1146 943 annna0u0n1,m

743 1061 909 1070 ———

646 1195 689 1252 ne
709 1194 839 1267 sepulcro
861 1191 987 1266 Alyattes.

337 1377 396 1412 „-
419 1346 586 1399 Franciscns
608 1347 808 1416 inghiramius,
832 1347 876 1398 vir
898 1346 932 1399 de
952 1349 1187 1399 monumentorum
1208 1343 1386 1414 antiquorum

253 1430 411 1501 cognitione
428 1431 635 1501 meritissimus,
663 1434 691 1485 in
708 1431 880 1485 Monumenti
894 1430 1026 1484 Etruscbi
1047 1429 1119 1483 serie
1135 1429 1182 1483 lV.
1205 1447 1232 1499 p.
1251 1431 1300 1488 167
1322 1447 1385 1500 seq.

252 1515 563 1587 postqusmPorsennae
580 1518 655 1586 regis
672 1517 922 1587 scpulcroClusino
938 1515 1008 1586 (vid.
1022 1515 1110 1568 Varro
1124 1515 1197 1585 apud
1209 1513 1279 1566 Plin.
1295 1515 1331 1566 Η.
1347 1516 1384 1568 Ν.

252 1599 376 1654 XXXVI.
397 1617 456 1672 cap.
474 1601 522 1669 13)
546 1610 574 1655 et
590 1603 618 1654 in
634 1603 700 1656 Asia
721 1608 749 1654 et
766 1603 795 1655 in
810 1601 890 1654 Italia
911 1600 1062 1653 consimilia
1082 1601 1134 1652 alia
1155 1600 1244 1652 fuisse
1264 1599 1385 1666 dixerat,

252 1686 292 1738 ita
312 1687 419 1756 pergit:
441 1687 543 1755 „‚‚Dcl
563 1688 623 1757 pari
638 1687 683 1740 nel
696 1703 779 1756 paese
800 1685 921 1752 diuidi,
944 1686 1063 1738 secondo
1088 1686 1136 1738 che
1150 1685 1274 1738 Erodoto
1291 1701 1385 1751 narra,

251 1771 271 1822 il
297 1771 434 1825 mausoleo
456 1771 585 1825 d'Aliatte
614 1771 768 1824 consistere
790 1773 818 1826 ia
836 1790 894 1826 uas
912 1773 974 1825 bora
995 1773 1195 1842 quadrilungo,
1222 1775 1386 1822 sostenente

254 1875 363 1910 enorme
382 1856 485 1910 tumulo
503 1857 532 1908 di
548 1863 622 1912 terra
644 1859 716 1913 dallo
728 1861 827 1929 ¹lr'garn
847 1859 876 1910 di
896 1875 933 1912 un
953 1873 1034 1924 cono,
1061 1855 1132 1909 sulla
1155 1856 1199 1908 cui
1220 1861 1385 1908 tronoatura

254 1957 338 1994 erano
353 1943 453 2010 cinqne
467 1944 570 2012 grande⁸
588 1943 677 2008 stalli,
700 1959 773 1994 come
789 1942 828 2009 gli
850 1940 980 1994 obelischi
996 1941 1067 1993 della
1085 1941 1174 1994 tomba
1189 1940 1357 1992 Chiusinaf·
1367 1943 1385 1970 “

253 2026 326 2079 Tam
341 2027 467 2079 amandat
483 2025 601 2080 lectores
622 2044 689 2079 snos
712 2027 746 2079 ad
761 2045 816 2079 ser.
831 2025 915 2078 Vltae
929 2026 1049 2079 tabulam
1064 2027 1096 2078 F.
1112 2031 1144 2094 63
1168 2041 1223 2094 qua
1241 2025 1268 2077 in
1290 2023 1386 2076 tabula

253 2111 347 2164 icones
369 2110 505 2164 exhibitae
527 2118 594 2164 arant
611 2130 671 2164 cum
693 2111 868 2182 reliquiarum
888 2111 993 2180 aliquot
1014 2111 1144 2180 antiquae
1165 2109 1301 2175 fabricae,
1327 2117 1385 2160 tum

254 2213 318 2262 eae,
336 2213 406 2266 quae
420 2196 575 2248 inserviant
587 2197 759 2249 illustrandis
775 2195 1009 2265 descriptionibus
1027 2201 1150 2248 veterum
1164 2195 1338 2264 scriptorum,
1356 2195 1384 2246 in

256 2280 298 2332 his
314 2298 386 2333 num.
403 2285 420 2339 6
435 2285 463 2333 et
477 2285 496 2341 8
508 2281 589 2334 huius
605 2282 695 2352 ipsius
710 2281 873 2334 monumenti
889 2278 1078 2352 („Prospetto
1092 2279 1222 2350 ipotetico
1237 2279 1308 2332 della
1328 2279 1385 2331 ele-

256 2365 369 2417 vozione
385 2381 457 2417 num.
471 2370 488 2424 6
502 2385 517 2418 e
532 2366 626 2435 planta
640 2371 738 2442 nunes
755 2366 798 2419 del
816 2364 940 2435 sepolcru
957 2364 984 2416 di
1000 2365 1100 2417 Aliatte
1116 2365 1224 2418 esistito
1240 2364 1284 2416 nel
1299 2381 1385 2433 paese

255 2449 289 2500 de
303 2449 366 2501 Lidi
386 2467 401 2500 e
417 2450 548 2502 descritto
563 2452 598 2504 da
612 2451 786 2520 Erodoto“)‚
808 2451 882 2522 quod
899 2467 959 2503 cum
978 2449 1115 2502 mausoleo
1132 2449 1292 2503 Porsennae
1312 2467 1384 2502 corn-

255 2538 335 2602 parat
351 2533 543 2600 lngbiramius.
581 2537 620 2588 Ac
635 2537 669 2588 de
686 2536 751 2602 boc,
772 2536 820 2605 qui
835 2535 991 2587 accuratius
1011 2553 1178 2603 cognoscere
1194 2533 1275 2601 velit,
1300 2535 1325 2586 ei
1345 2535 1384 2586 le-

255 2617 361 2685 gendae
379 2625 445 2670 sunt
466 2621 704 2674 commentationes
721 2619 809 2672 Orioli
831 2619 892 2671 ltali
913 2625 941 2671 et
960 2619 1142 2682 Quatremtre
1163 2619 1197 2672 de
1218 2619 1341 2687 Quincyi
1355 2617 1385 2684 ἵ)

256 2701 392 2773 huiusque
409 2703 529 2771 collegae
542 2705 631 2758 Raonl
645 2704 778 2758 Rocbette
798 2704 840 2776 (in
856 2703 1006 2756 Achilleide
1018 2723 1046 2774 p.
1062 2707 1096 2764 97
1110 2705 1217 2775 seqq.)=
1238 2704 1272 2755 de
1288 2703 1383 2770 Alyat-

257 2787 293 2840 tis
310 2795 482 2841 monumento
497 2790 588 2842 mirari
604 2791 717 2858 subeat,
738 2789 786 2859 qui
801 2789 985 2857 lnghiramins
1001 2789 1117 2842 Graecis
1132 2788 1266 2841 Herodoti
1288 2788 1384 2840 verbis

255 2871 316 2939 illa,
342 2889 412 2942 qnae
426 2873 628 2941 insignioribus
642 2872 846 2928 characteribus
863 2873 1058 2940 indicarimus,
1085 2873 1178 2926 Italiae
1195 2872 1313 2925 adiicere
1332 2891 1383 2942 po-

254 2957 341 3009 tuerit
364 2964 392 3010 et
414 2959 547 3028 quomodo
569 2961 648 3012 etiam
675 2957 837 3012 Minutolius
858 2959 917 3011 loco
945 2959 973 3010 in
1004 2963 1099 3011 annot.
1127 2957 1237 3010 laudato
1266 2959 1385 3025 liguram

257 3041 377 3108 Alyattei
398 3043 519 3112 sepulcri
539 3045 601 3097 coni
622 3045 739 3114 speciem
760 3044 890 3097 habuisse
906 3043 997 3096 dicere
1012 3043 1149 3113 potnerit3
1172 3041 1386 3112 laudandusque

255 3125 383 3178 videatur
397 3127 503 3196 zoega,
531 3130 578 3198 qui
593 3129 653 3181 loco
668 3129 767 3181 ibidem
783 3129 866 3181 citato
887 3129 916 3180 in
932 3129 973 3181 his
988 3145 1020 3181 se
1043 3127 1223 3180 continuerit:
1253 3167 1298 3193 ,‚‚‚
1306 3127 1387 3180 Vidit

255 3209 415 3262 Herodotus
425 3211 543 3280 Alyattis
553 3215 624 3281 Lydi
638 3213 793 3284 sepulcrum
806 3213 927 3266 maximis
942 3229 1012 3283 quae
1026 3219 1094 3266 tunc
1108 3214 1253 3266 exstabant
1266 3212 1386 3265 molibus

256 3296 470 3361 accensendum,
493 3297 567 3368 quod
587 3298 628 3351 sic
649 3297 781 3352 describit
801 3301 906 3351 etc.““
936 3297 992 3350 Sed
1011 3303 1099 3351 umen
1122 3298 1146 3350 si
1166 3315 1182 3349 a
1199 3297 1291 3350 verbis
1313 3297 1386 3367 ipsis

256 3378 390 3433 Herodoti
411 3381 590 3436 discedimusr
612 3379 654 3424 -'
669 3385 756 3456 σῆμα,
777 3378 860 3454 corici
878 3381 979 3454 κρηπὶς
992 3380 1041 3454 μέν
1064 3377 1119 3438 ἐστι
1138 3385 1227 3437 λίθων
1247 3377 1387 3454 μεγάλων,

325 3593 352 3662 *)
373 3595 443 3664 [Vid.
462 3598 638 3661 Quatremere
656 3601 688 3653 do
707 3601 829 3666 Quincy:
847 3601 1021 3654 Monuments
1039 3605 1066 3652 et
1085 3615 1219 3666 ouvrages
1243 3600 1317 3650 d'art
1335 3616 1384 3650 an-

257 3663 348 3730 tiques
372 3666 500 3717 restitnds
519 3669 628 3735 d'apries
646 3669 685 3722 lea
704 3670 887 3735 descriptione
910 3672 957 3723 des
975 3671 1111 3723 deriuains
1130 3671 1213 3721 Grccs
1236 3676 1264 3720 ot
1282 3671 1384 3720 Latina

257 3743 285 3788 et
303 3735 501 3802 accompagnds
519 3738 551 3787 de
570 3739 721 3791 dissertatt.
740 3739 910 3806 archdologg.
930 3742 1008 3792 Paris
1022 3741 1095 3793 1829.
1116 3741 1178 3790 'r.1.
1197 3739 1384 3804 plat—160,

257 3806 305 3854 ubi
322 3807 477 3858 Porsennae
494 3806 646 3872 sepulcrum
664 3811 809 3861 restituere
829 3815 856 3861 et
876 3825 946 3876 qnae
963 3811 1069 3862 Plinius
1087 3827 1122 3860 en
1139 3811 1262 3860 Varrone
1279 3809 1313 3859 de
1331 3807 1385 3858 hoc

257 3880 430 3926 monumento
448 3877 573 3940 tradidit,
592 3879 728 3944 explicare
745 3885 860 3931 conatus
879 3887 930 3942 est,
948 3881 984 3931 ad
1001 3879 1122 3946 Alyattis
1144 3878 1298 3943 sepulerum
1316 3895 1385 3943 quo-

258 3961 308 4009 que
326 3946 476 4011 respiciens
493 3963 520 4010 p.
540 3948 598 3999 151.
634 3951 781 4002 Praeterea
798 3949 870 4001 conf.
890 3949 1031 4002 Thiersoh.
1051 3952 1080 4000 in
1097 3949 1327 4000 commentatione
1347 3948 1385 3998 ad

257 4015 281 4072 Ι,
301 4013 334 4064 93
349 4015 478 4079 laudata,
498 4016 526 4066 iu
544 4033 598 4082 qua
617 4034 643 4083 p.
657 4020 708 4071 413
726 4036 801 4085 seqq.
821 4019 882 4070 coll.
894 4021 946 4072 433
961 4036 1036 4086 seqq.
1057 4021 1291 4085 comparationem
1309 4018 1384 4068 inter

257 4087 400 4148 utrumque
419 4091 635 4150 monumentum,
661 4089 781 4154 Alyaltis
806 4106 838 4140 ac
856 4090 1027 4152 Porsennae,
1055 4090 1184 4140 instituit.
1221 4090 1288 4138 Post
1306 4086 1385 4138 illum

258 4151 365 4201 Gallum
382 4155 471 4205 virum
488 4155 598 4206 doctum
616 4159 644 4207 In
661 4157 712 4209 hoc
731 4159 853 4224 sepulcro
872 4161 1043 4210 restituendo
1061 4163 1186 4211 versatus
1205 4163 1247 4210 est
1266 4157 1329 4208 Dux
1349 4157 1384 4206 de

256 4220 367 4286 Lnynes
385 4224 485 4274 Annali
502 4225 562 4276 dell·
580 4228 671 4278 Iustit.
690 4229 808 4279 arolreol.
825 4231 857 4280 T.
865 4231 887 4280 I.
907 4234 964 4281 tar,
984 4230 1052 4279 XIII
1067 4233 1094 4279 et
1113 4230 1144 4278 T.
1154 4230 1176 4279 I.
1195 4244 1222 4293 p.
1241 4226 1385 4279 304-309

257 4305 290 4424 po
306 4289 438 4412 lgqniqqq
457 4293 563 4430 OaaBrriqa
588 4298 733 4350 Architett.
762 4300 839 4351 Grec.
864 4299 896 4351 T.
922 4301 960 4350 11.
988 4297 1099 4350 CLXIX
1128 4299 1161 4348 T.
1180 4297 1203 4347 1.
1230 4299 1307 4348 Part.
1329 4297 1386 4348 III.

277 4395 284 4409 .
357 4387 388 4394 —
444 4399 450 4412 .
512 4381 534 4418 r,
