3088 4944
239 305 301 370 336
669 309 939 373 HERODO'PI

237 479 393 572 ἀρχαῖον,
413 487 473 552 τοῦ
491 489 642 552 Μυσοῖσι
658 483 721 571 μὲν
734 486 790 553 καὶ
807 491 952 555 Λυδοῖσι
971 483 1121 574 μέτεστι,
1144 480 1189 566 ὥς
1210 483 1371 574 κασιγνή-

237 609 323 655 τοισι
343 582 436 656 ἐοῦσι
456 601 542 656 τοῖσι
561 593 683 677 Καρσί.
728 586 788 658 τὸν
805 587 869 680 γὰρ
887 587 1005 660 Λυδὸν
1028 586 1162 659 καὶτὸν
1176 587 1302 658 Μυσὸν
1316 591 1371 658 λέ-

237 711 336 776 γουσι
357 689 444 760 εἶναι
458 688 570 780 Καρὸς
588 687 785 780 ἀδελφεούς.
818 691 965 764 τούτοισι
985 693 1048 782 μὲν
1069 691 1112 784 δὴ
1125 697 1272 782 μέτεστι·
1299 689 1372 761 ὅσοι

21 807 23 904 p
238 794 296 880 δὲ,
320 793 431 876 ἐόντες
453 791 558 864 ἄλλον
581 799 717 882 ἔθνεος,“
740 793 948 885 ὁμόγλωσσοι
969 813 1054 867 τοῖσι
1074 799 1185 890 Καρσὶ
1209 798 1372 884 ἐγένοντο,

172 895 384 974 172ιούιοισι
400 899 437 969 dl
455 895 496 968 οὐ
509 899 600 987 μέτα.
637 903 684 968 Οἱ
699 901 737 970 δὲ
749 900 894 971 Καύνιοι
909 897 1129 990 αὐτόχθονες,
1144 904 1276 973 δοκέειν
1290 901 1373 989 ἐμοὶ,

237 1092 347 1152 iniectos
361 1115 422 1152 cnm
430 1107 545 1154 recentt.
554 1102 712 1169 scripsimus
723 1105 780 1152 turn
831 1095 888 1166 est,
912 1119 947 1154 ne
966 1104 1019 1155 duo
1043 1104 1145 1171 templa
1168 1102 1374 1170 uniusquidem

238 1170 362 1222 binorum
392 1170 521 1223 librorum
551 1189 585 1224 ex
613 1173 778 1224 auctoritate
831 1173 876 1223 dei
893 1173 941 1224 red
959 1175 1043 1225 variis
1059 1175 1265 1241 cognominibus
1285 1173 1375 1224 ornati

237 1249 295 1320 tum
312 1241 455 1292 Strabonis
473 1257 488 1292 e
503 1242 573 1294 loco.
610 1243 699 1309 Vulgo
716 1241 780 1291 Mv-
831 1243 1042 1309 confundamus,
1061 1250 1168 1307 tamen,
1188 1245 1213 1295 si
1230 1243 1314 1294 altius
1334 1244 1374 1292 in-

236 1309 400 1361 7ασσοισι.
419 1312 452 1362 In
462 1313 685 1378 inscriptionibus
698 1313 780 1363 Grae·
831 1313 938 1378 quirere
956 1313 1033 1378 velis,
1051 1315 1099 1364 vix
1115 1315 1228 1366 notione
1240 1329 1273 1364 ac
1290 1313 1373 1378 signi·

237 1381 276 1431 eis
299 1381 391 1448 (Corp.
416 1381 503 1434 Inscr.
532 1383 580 1434 Gr.
609 1383 642 1433 Τ.
666 1383 705 1434 11.
736 1397 777 1432 nr.
830 1381 956 1434 ficatione
989 1383 1103 1436 multum
1129 1385 1201 1434 inter
1228 1388 1373 1447 utrumque

237 1451 316 1502 2691.
339 1468 363 1506 c.
389 1456 417 1502 et
438 1451 517 1517 2701)
541 1467 601 1502 curn
625 1451 780 1517 simplici's
829 1451 923 1502 Iovem
943 1455 1076 1505 intererit.
1118 1455 1242 1519 Namque
1263 1455 1372 1502 constat

238 1521 369 1586 scripturn
380 1521 523 1586 reperitur.
546 1521 625 1572 (loni.
638 1526 778 1587 praeterea
830 1521 913 1572 Cares
936 1529 967 1573 ut
994 1523 1151 1575 bellicosam
1174 1527 1283 1589 gentem
1307 1521 1371 1572 deos
1417 1533 1420 1539 ·

237 1591 362 1643 Holsten.
383 1591 418 1641 ad
436 1590 529 1656 Steph.
546 1592 661 1657 Byzant.
680 1607 707 1656 p.
727 1592 779 1642 214
830 1594 1024 1658 quoquearmis
1035 1592 1275 1657 indutos,militeri
1288 1590 1372 1642 ierme

238 1661 394 1712 etBredov.
414 1677 440 1726 p.
453 1661 498 1714 07.
534 1661 576 1712 De
589 1661 708 1729 Mylasis,
728 1660 778 1711 Ce-
830 1662 920 1725 specie
946 1667 975 1713 et
997 1665 1135 1729 cogitasse
1162 1667 1190 1714 et
1217 1675 1372 1727 repraesen-

236 1730 294 1782 riae
316 1731 383 1782 urbe
407 1731 474 1780 satis
500 1731 591 1796 ampla
612 1736 643 1782 ut
670 1729 778 1782 videtur
831 1735 920 1794 tesse3
949 1733 990 1782 ita
1011 1739 1042 1784 ut
1061 1735 1158 1784 lovem
1181 1731 1264 1783 Cares
1290 1729 1373 1780 simili

237 1807 401 1867 ornateque,
426 1801 481 1852 vid.
505 1801 633 1852 Strabon.
658 1801 732 1852 xiv.
750 1816 777 1866 p.
831 1801 927 1866 modo,
946 1818 999 1868 quo
1014 1803 1108 1854 Iovem
1125 1793 1271 1867 στράτιον,
1290 1801 1372 1851 armis

236 1870 297 1924 658.
324 1888 350 1937 p.
373 1869 425 1922 073
449 1887 507 1937 seq.
551 1870 681 1937 Reliquos
706 1875 779 1922 vete-
828 1870 1004 1935 instructum,
1032 1877 1251 1939 repraesentasse
1277 1875 1305 1921 et
1328 1885 1373 1921 co-

236 1955 296 1992 rum
319 1941 395 1992 locos
418 1955 504 2007 aeque
533 1956 567 1992 ec
591 1941 779 2004 recentiorum,

237 2011 284 2075 qui
302 2011 351 2062 has
370 2012 492 2076 regiones
515 2011 659 2062 inviserint
680 2025 713 2061 ac
735 2010 779 2060 de-

236 2081 402 2146 scripserint,
412 2081 674 2146 praebeti'orbiger:
686 2079 779 2130 Hand-

236 2149 308 2200 buch
320 2149 347 2200 d.
361 2149 408 2198 ult.
422 2150 520 2216 Geogr.
535 2149 575 2202 11.
589 2166 615 2216 p.
629 2148 690 2200 232.
707 2149 777 2200 Add.

237 2217 317 2284 Corp.
334 2219 476 2284 Inscripti.
496 2219 609 2272 Graece.
628 2220 660 2272 T.
677 2218 716 2270 11.
735 2234 777 2270 nr.

236 2287 303 2338 2001
323 2303 399 2353 seqq.

271 2357 350 2409 Nunc
368 2357 439 2407 idem
456 2372 554 2407 nomen
569 2357 625 2408 iere
642 2359 778 2407 retentum

236 2441 297 2478 esse
325 2427 440 2477 Meloeso
466 2441 488 2476 s.
512 2425 630 2478 Melarra
658 2425 776 2476 tradunt.

236 2497 350 2547 Rossius
367 2493 537 2560 (Kleinasien
551 2494 778 2547 u.Deutscblend

238 2581 265 2630 p.
290 2567 339 2617 112
367 2581 424 2630 seq.
449 2564 512 2616 coll.
541 2565 601 2632 127)
626 2580 643 2616 a
665 2565 777 2617 Graecis

236 2651 309 2687 nuuc
325 2635 419 2686 vocari
431 2625 558 2691 Melsedc
573 2634 677 2698 scribit,
695 2639 777 2685 tenue

236 2720 269 2757 ac
288 2705 342 2757 vile
360 2705 500 2770 oppidum,
520 2703 566 2753 vix
583 2705 684 2755 veteris
702 2705 777 2754 urbis

235 2773 440 2841 amplitudinem
451 2773 603 2826 declarans.
635 2773 704 2825 Add.
717 2773 778 2824 Fel-

234 2845 302 2898 lows
316 2845 383 2896 Asia
394 2845 459 2895 min.
477 2859 503 2909 p.
520 2843 581 2894 259.
601 2843 686 2909 Lycia
703 2859 729 2908 p.
742 2843 776 2894 07

235 2931 294 2982 seq.
306 2913 488 2965 chihatchei
502 2913 531 2962 in
545 2913 661 2964 Journal
675 2913 778 2964 Asiati·

235 3001 288 3052 que
305 2985 380 3036 Serie
389 2985 423 3036 V.
440 2983 473 3034 T.
492 2983 541 3037 IV.
556 2999 583 3048 p.
598 2983 629 3033 71
647 2998 716 3048 seq.,
730 2983 778 3048 qui

236 3054 328 3120 oppidi
347 3055 442 3105 domus
461 3053 623 3118 antiquioris
641 3053 716 3102 urbis
736 3067 778 3103 re-

233 3124 333 3190 liquias
349 3129 393 3175 set
403 3121 501 3173 multas
514 3121 656 3173 ostendere
668 3123 776 3174 usserit.

235 3195 268 3244 In
293 3192 344 3243 hec
371 3193 436 3243 urbe
464 3191 594 3257 templum
623 3193 676 3242 init
702 3192 777 3242 Iovis

233 3263 317 3324 Curii,
334 3277 413 3328 quem
428 3261 632 3328 euudcmatque
645 3262 777 3313 Stretium

233 3329 390 3398 (στράτιον)
398 3330 523 3396 perhibet
530 3331 659 3382 Aelianus
672 3331 775 3383 deNat.

235 3401 364 3453 Animall.
382 3400 446 3464 xli,
463 3400 507 3453 30.
543 3401 656 3452 Rectius
677 3401 776 3454 Strabo

233 3473 305 3524 inter
334 3476 478 3536 utrumque
506 3470 664 3537 distinguit,
699 3471 778 3520 veria

233 3544 375 3608 utriusque
390 3541 433 3591 dei
447 3540 548 3606 templa
564 3531 776 3591 commemorans

234 3617 263 3662 et
288 3627 349 3663 cum
371 3609 512 3661 Herodoto
537 3609 645 3676 egregie
669 3609 777 3674 conspi-

233 3695 311 3744 rans,
335 3680 383 3732 lib.
402 3679 476 3731 XIV.
502 3695 530 3744 p.
554 3678 606 3729 010
629 3677 692 3729 (lae.
716 3679 776 3730 sive

233 3766 261 3814 p.
284 3749 336 3800 073
354 3750 386 3800 C.
410 3749 461 3802 074
482 3748 515 3799 Α.
552 3748 678 3813 Namque
702 3748 776 3813 Iupi-

234 3825 275 3868 ter
294 3810 423 3880 στράτιος
441 3818 561 3883 pertinet
571 3817 606 3867 ad
619 3817 775 3879 Labranda,

234 3887 280 3952 qui
299 3893 341 3937 est
364 3887 441 3938 vicus
465 3900 549 3951 prope
570 3883 693 3951 Mylasa:
719 3887 774 3936 vid.

234 3955 306 4004 inira
323 3959 393 4006 nott.
412 3955 448 4006 ad
466 3955 499 4018 V,
522 3953 580 4006 119.
616 3955 691 4005 Iovis
702 3955 776 4005 Curii

235 4021 363 4087 templum
374 4023 542 4087 Mylasorum
553 4024 581 4073 in
593 4024 659 4075 urbe
676 4024 775 4076 Strabo

236 4091 253 4142 l.
270 4091 289 4142 l.
297 4091 393 4141 scribit
403 4084 504 4141 κοινὸν
514 4083 651 4142 ἁπάντων
663 4091 779 4158 Καρῶν,

237 4147 271 4208 orl
288 4157 396 4224 μέτεστι
415 4156 463 4209 sul
471 4157 579 4219 Λυδοῖς
597 4157 645 4211 sul
662 4161 779 4219 Μυσοῖς

236 4218 275 4286 ὡς
292 4219 441 4290 ἀδελφοῖςς
465 4229 501 4280 ei.
527 4228 594 4279 Otto
617 4229 698 4281 Iahn:
728 4231 780 4280 Ar-

236 4295 377 4362 chaeolog.
386 4297 517 4347 Auislitze
529 4313 556 4362 p.
565 4301 599 4348 42
612 4313 669 4364 seq.
681 4299 780 4360 Quam-

830 1939 915 1991 luisse
944 1942 1113 1995 crediderim.
1162 1941 1241 1992 Geni.
1269 1939 1372 1991 Soldan

829 2008 848 2060 l.
869 2009 887 2060 l.
912 2027 939 2076 p.
965 2013 1024 2062 112.
1061 2013 1177 2064 Emeric.
1201 2009 1306 2061 David:
1329 2010 1372 2060 Iu·

830 2079 901 2144 piter
918 2085 971 2132 etc.
988 2082 1026 2132 11.
1037 2097 1063 2147 p.
1078 2083 1129 2134 457
1147 2097 1203 2146 seq.
1241 2081 1371 2131 Crenrer:

830 2149 949 2213 symbol.
970 2151 1009 2201 11.
1023 2167 1051 2216 p.
1066 2151 1126 2203 500.
1164 2151 1218 2202 111.
1235 2167 1263 2216 p.
1279 2149 1314 2201 08
1329 2147 1370 2198 ed.

830 2221 893 2269 tert.
907 2219 1031 2270 Streber:
1050 2220 1184 2271 Abhandl.
1199 2220 1226 2271 d.
1241 2219 1370 2270 Miiuehn.

830 2287 920 2340 Akad.
940 2288 966 2338 d.
986 2289 1030 2340 W.
1051 2287 1125 2352 (hiet.
1143 2289 1210 2355 phil.
1230 2288 1283 2353 Ol.)
1300 2289 1323 2338 1.
1343 2302 1370 2352 p.

829 2355 890 2407 238.
926 2357 997 2407 Addi
1014 2373 1120 2422 quoque
1132 2358 1234 2423 poterit
1249 2355 1371 2407 Uscbold

829 2423 938 2490 (Gereb.
964 2426 990 2478 d.
1012 2427 1124 2479 Troian.
1146 2427 1243 2490 Kriegs
1268 2441 1295 2490 p.
1320 2423 1371 2474 160

829 2509 886 2561 seq.
914 2497 962 2546 177
987 2493 1070 2561 seq),
1094 2497 1141 2561 qui
1171 2495 1242 2545 huuc
1270 2494 1369 2544 Carum

827 2564 935 2628 Iovem,
963 2579 1043 2630 quem
1067 2579 1085 2614 a
1110 2565 1275 2616 Graecorum
1302 2563 1370 2613 love

829 2635 973 2697 discernit,
1001 2632 1104 2684 nullum
1126 2633 1208 2684 aliurn
1227 2647 1288 2684 esse
1310 2630 1370 2681 vult

828 2705 881 2754 nisi
898 2705 1127 2770 Agamemnonem
1145 2703 1257 2754 Homeri
1275 2701 1371 2753 carmi-

828 2774 908 2825 nibus
928 2773 1102 2827 celebratum.

863 2902 1102 2978 desumpsissent
1116 2903 1194 2961 ἐοῦσι
1208 2912 1282 2961 τοῖσι
1295 2909 1371 2974 Καρ-

829 2980 867 3046 el]
888 2981 967 3034 Coni.
990 2982 1150 3033 Strabonem
1169 2981 1242 3032 XIV.
1262 2995 1290 3046 p.
1308 2979 1370 3029 070.

828 3083 864 3092 -
880 3052 932 3102 His
949 3052 1040 3102 verbis
1054 3057 1081 3102 et
1095 3051 1271 3118 sequentibus
1290 3049 1314 3099 si
1331 3049 1371 3098 ni-

827 3120 865 3172 hil
875 3121 959 3184 aliud,
974 3127 1047 3172 certo
1059 3136 1227 3172 communem
1239 3120 1370 3185 originem
1411 3172 1415 3180 ¹

829 3197 911 3257 atque
929 3191 1041 3256 stirpem
1060 3192 1174 3242 istarum
1191 3190 1312 3260 geptium
1328 3203 1370 3238 sa-

827 3262 864 3312 tis
889 3259 1023 3312 declarari
1046 3267 1138 3326 putem
1164 3261 1211 3324 (cl.
1235 3258 1332 3309 Heeclr
1349 3255 1369 3308 l.

830 3330 848 3383 l.
867 3345 894 3395 p.
914 3331 962 3383 301
982 3330 1060 3397 seq.);
1079 3346 1165 3396 quare
1181 3331 1210 3379 iu
1227 3329 1313 3394 Lydis
1331 3331 1371 3376 at-

828 3415 881 3466 que
898 3400 995 3465 Mysiis
1022 3400 1133 3451 colonos
1160 3399 1258 3449 Carum
1289 3409 1370 3461 quae-

828 3475 906 3532 runt,
933 3469 1003 3519 hauc
1025 3470 1113 3536 ipsam
1135 3469 1170 3519 ob
1193 3479 1303 3518 causam
1327 3479 1370 3512 sa-

828 3543 1116 3659 titttliiit‘t.
1130 3531 1369 3665 tullissit:

827 3677 879 3729 389
903 3691 961 3742 seq.
1005 3677 1081 3739 Quae
1101 3676 1125 3726 si
1151 3687 1217 3724 vera
1240 3673 1296 3720 sint
1319 3675 1368 3720 aut

828 3750 901 3798 certe
918 3747 976 3797 veri
995 3746 1113 3810 speeiem
1135 3741 1270 3808 quandam
1292 3753 1368 3804 prae-

827 3817 925 3877 beant,
960 3813 1136 3879 intelligitur,
1170 3826 1218 3861 cur
1250 3808 1368 3874 reliquos

826 3883 1009 3949 alienigenos,
1038 3881 1161 3948 quamvis
1184 3878 1297 3930 eundem
1320 3877 1370 3927 lin-

827 3967 909 4019 guam
927 3953 1053 4014 edentes,
1077 3948 1248 4001 excluserint.
1284 3947 1370 3998 Perti-

827 4021 920 4072 nuisse
937 4021 1007 4072 enim
1031 4019 1078 4070 isti
1095 4018 1223 4068 ridentur
1245 4017 1281 4068 ud
1299 4015 1368 4066 alies

829 4095 924 4156 gentes
944 4089 1099 4156 indigenas,
1118 4093 1182 4138 ente
1199 4085 1306 4137 illorum
1324 4101 1368 4135 co-

828 4159 952 4210 lonorum
967 4158 1114 4209 adveutum
1131 4157 1201 4207 hanc
1214 4161 1314 4206 terram
1330 4159 1370 4204 te-

829 4232 939 4290 nentes,
963 4243 1026 4278 mox
1043 4241 1107 4278 vero
1130 4240 1273 4291 oppresses
1291 4240 1308 4274 a
1326 4239 1370 4273 co-

828 4296 899 4348 lonis
924 4296 1088 4358 victoribus,
1117 4311 1230 4362 quorum
1250 4293 1293 4346 vel
1320 4291 1369 4342 lin·

236 4381 317 4434 quam
339 4366 424 4432 igitur
447 4365 492 4418 hic
513 4367 645 4433 distingui
667 4381 780 4420 necesse
830 4381 911 4434 gnam
928 4371 960 4418 ut
977 4365 1045 4418 victi
1061 4365 1237 4420 adsciverint.
