3020 4930
262 271 323 336 862
642 277 912 342 EXCURSUS
935 280 1015 342 VIII

260 451 305 522 plo
327 449 497 520 propositum
518 466 581 502 ease
599 450 694 502 refert.
727 451 782 504 Sed
797 451 908 522 quando
927 451 1077 520 religionen
1099 451 1228 521 dicimus,
1249 451 1330 523 plora
1344 472 1387 507 co-

260 535 344 603 gitnri
364 539 498 604 possunt,
519 551 590 604 quae
606 535 692 604 probe
707 535 904 604 distinguendo
921 543 997 588 aunt.
1028 537 1097 588 Nam
1114 537 1228 606 primum
1252 539 1343 608 potuit
1359 539 1384 591 in

260 637 343 673 cauea
363 620 451 672 luisse
472 619 642 687 migrationio
666 620 815 673 animarum
840 629 893 674 tam
922 622 1019 674 elficax
1043 621 1176 674 doctrina.
1220 623 1312 692 Atque
1337 625 1386 676 boc

259 705 349 774 ipeum
364 709 489 772 arguunt
509 703 661 756 Herodotei
682 704 734 758 loci
757 706 794 773 ll,
813 711 864 765 123
888 713 971 776 etque
986 705 1102 760 Diodori
1117 707 1139 774 1,
1154 711 1187 766 91
1209 725 1269 760 cum
1291 717 1385 761 nostro

260 789 319 844 loco
340 789 446 856 colleti;
470 787 596 842 videlicet
610 791 737 858 quoniam
752 809 786 844 ex
800 790 875 858 vulgi
892 791 1020 860 opinione
1039 791 1127 844 anima
1145 792 1268 844 defuncti
1293 795 1326 844 ab
1344 793 1385 846 in·

259 874 332 929 lelici
348 876 414 928 orbe
427 873 599 942 migrationis
615 874 719 930 diutine
735 876 905 928 retineretur
919 875 992 928 circe
1010 875 1147 944 integrum
1162 877 1280 930 cadaver
1300 877 1384 930 liben-
1406 875 1408 882 ’

259 966 302 1013 ter
324 960 404 1030 quasi
424 976 602 1011 commorans.
642 961 731 1012 Cuiun
756 960 796 1014 rei
816 967 890 1012 recte
911 961 1052 1012 admonuit
1072 961 1152 1014 etiam
1168 962 1321 1030 tantumn,
1343 963 1385 1014 vir

259 1046 375 1111 doctus,
397 1045 425 1096 in
446 1043 570 1096 Histoire
591 1045 624 1096 de
645 1044 920 1098 l'unatomietom.1.
943 1063 971 1114 p.
987 1049 1013 1104 9.
1052 1045 1130 1098 Alius
1150 1064 1251 1099 morae
1270 1047 1385 1099 mentio·

259 1148 320 1182 nem
337 1129 427 1181 inlicit
446 1128 510 1180 Tib.
531 1129 757 1183 Hemeterlrueiue
777 1130 811 1182 nd
832 1130 949 1182 lanciani
969 1131 1099 1198 Necyom.
1116 1131 1169 1184 ΙΙΙ.
1191 1150 1219 1200 p.
1237 1136 1290 1192 366
1312 1133 1383 1200 Rip,

260 1231 319 1268 cum
334 1213 415 1266 dicit:
430 1219 482 1280 „ut
497 1231 531 1266 ne
543 1221 609 1281 poet
624 1214 725 1266 obitum
741 1215 849 1285 quidem
864 1213 1064 1266 carissimorum
1079 1215 1223 1284 pignorum
1236 1223 1383 1285 conspecto

258 1301 466 1370 privarentur.“
506 1298 544 1350 Et
558 1315 655 1368 reapse
674 1299 726 1351 buc
747 1317 799 1352 noe
821 1307 933 1352 revocat
952 1301 1013 1368 ipee
1028 1299 1187 1353 Herodotus
1204 1302 1241 1368 ΙΙ,
1258 1305 1307 1368 78,
1331 1318 1385 1370 quo

260 1385 318 1437 loco
337 1385 470 1436 cadavere
483 1383 511 1436 in
527 1383 599 1434 urcio
614 1383 723 1452 pieturd
745 1384 887 1437 exornatis
901 1384 936 1436 ud
951 1385 1148 1453 Aegyptiorum
1164 1385 1293 1438 convivia
1308 1386 1385 1437 adbi-

259 1471 316 1522 bite
337 1475 439 1522 narrat.
475 1467 600 1520 Pertinet
620 1469 686 1520 haec
703 1487 748 1522 reo
770 1469 805 1521 ed
821 1486 899 1522 oacra
921 1477 1042 1522 veterum
1062 1470 1223 1540 populorum
1238 1470 1384 1540 gentilitia.

259 1555 298 1607 Ac
313 1571 392 1624 quam
407 1553 460 1607 vim
473 1553 592 1605 habeant
606 1553 698 1606 cultus
708 1555 898 1606 defunctorum
914 1555 987 1625 apud
997 1554 1104 1622 priecoe
1119 1555 1246 1625 populoe,
1267 1556 1386 1608 orientis

257 1640 385 1706 maxime,
403 1637 547 1707 sepultura
560 1637 588 1690 in
605 1638 719 1692 oedibus
734 1639 777 1692 vel
791 1639 819 1692 in
835 1640 937 1692 vicinia
952 1639 1073 1706 aedium,
1093 1639 1209 1693 inferiae
1223 1641 1304 1692 etatis
1319 1649 1386 1692 tem-

257 1725 372 1794 poribus
394 1729 535 1794 peractee,
563 1723 625 1776 inre
645 1723 783 1790 Manium,
811 1724 898 1792 igitur
919 1725 1095 1776 haecomnia
1116 1742 1196 1794 quern
1222 1733 1386 1795 potestatem

259 1811 376 1863 habeant
404 1810 432 1861 in
460 1808 620 1861 familiarum
648 1825 742 1876 encra,
768 1810 813 1861 ine
841 1810 1006 1876 gentilitium
1031 1809 1153 1879 adeoque
1182 1811 1386 1878 bereditarium,

258 1895 379 1948 breviter
400 1895 451 1946 aed
470 1894 548 1946 docte
570 1895 741 1946 adumbravit
762 1894 921 1946 Bunneniue
950 1895 983 1946 de
1012 1893 1073 1946 iure
1096 1895 1211 1948 beredit.
1234 1895 1387 1948 Athenien·

258 1982 328 2034 aium
352 1998 380 2049 p.
399 1985 458 2038 199.
489 1977 577 2041 Quem
595 1979 622 2031 in
645 1997 699 2032 rem
721 1979 801 2048 plura
821 1979 949 2031 dicentur
969 1979 1042 2031 infru
1066 1979 1100 2032 ud
1122 1979 1255 2033 Herodot.
1278 1980 1327 2046 Vl,
1352 1985 1389 2039 66

258 2083 336 2135 seqq.
359 2063 419 2116 coll.
440 2065 469 2132 Ι,
487 2066 519 2122 67
533 2081 592 2134 eeq.
633 2065 716 2117 Nunc
738 2065 788 2116 hoc
811 2079 894 2116 unum
917 2064 1054 2132 adiiciam,
1077 2064 1140 2117 binc
1158 2065 1274 2132 intelligi
1290 2083 1388 2134 poene,

258 2167 329 2220 quae
355 2149 578 2222 peregrinaturos
602 2156 809 2202 commemorant
829 2147 862 2200 de
887 2148 1042 2217 sepulchria
1062 2149 1096 2200 ad
1116 2151 1223 2202 moenia
1250 2150 1388 2220 ipraeque

257 2237 339 2288 aeder
358 2236 526 2287 Graecorum
541 2234 662 2302 urbium,
678 2236 859 2302 Athenarum,
876 2234 1016 2301 Corinthi,
1037 2233 1249 2303 Syracurarum,
1271 2235 1388 2286 eliorum

258 2321 391 2390 repertie;
415 2319 488 2372 unde
503 2335 569 2371 vase
590 2319 636 2372 illa
657 2327 794 2372 eruuntur
808 2319 975 2388 picturarum
994 2318 1026 2371 nd
1045 2319 1192 2388 religionen
1213 2320 1389 2389 antiquiorea

256 2405 453 2474 pertinentium
473 2403 575 2471 largam
592 2421 706 2458 messem
729 2404 914 2456 exhibentia.“
949 2403 1083 2474 Equidem
1104 2405 1130 2456 ln.
1149 2403 1168 2457 l.
1191 2405 1315 2458 adiiciam
1336 2423 1388 2457 no·

256 2490 328 2542 mina
345 2505 454 2558 eorum,
481 2489 529 2557 qui
545 2495 608 2541 ante
623 2491 790 2542 Creuzerum
806 2490 839 2541 de
854 2489 1015 2542 cadaverum
1036 2489 1254 2542 medicandorum
1276 2491 1389 2542 ratione

257 2579 446 2644 exposuerunt
459 2573 642 2641 peculiaribus
658 2592 690 2628 ex
708 2581 786 2644 parte
804 2574 1016 2643 scriptionibus:
1038 2577 1146 2642 Coylue:
1160 2575 1216 2628 Dea
1232 2576 1389 2627 embaume-

255 2665 343 2712 menta
359 2659 407 2711 dee
422 2659 525 2727 Egypt.
540 2659 670 2730 (Histoir.
687 2659 720 2711 de
735 2658 830 2710 l'acad.
851 2659 878 2710 d.
896 2659 980 2712 inecr.
1002 2665 1023 2710 t.
1037 2657 1154 2726 lllllll).
1185 2661 1307 2714 Rouelle:
1329 2661 1389 2712 Sur

255 2744 295 2796 les
310 2745 536 2796 embeumemente
551 2749 602 2795 etc.
619 2744 749 2814 (Histoir.
768 2744 801 2796 de
817 2743 912 2796 l’ecad.
923 2745 973 2796 dee
988 2743 1089 2796 eclenc.
1105 2743 1194 2796 Porio.
1205 2747 1282 2804 1750.
1294 2763 1323 2814 p.
1333 2751 1389 2802 123

256 2830 360 2899 seqq).
399 2831 577 2882 Blumenboclr
598 2829 740 2898 (Gdtting.
758 2828 865 2896 Magno.
883 2829 905 2880 Ι.
930 2828 1060 2896 Beitrige
1075 2843 1125 2880 zur
1141 2829 1328 2898 Neturgeeclr.
1346 2829 1387 2896 1).

254 2916 343 2983 Heyne
356 2912 499 2985 (Spicileg.
512 2913 616 2982 antiqq.
630 2913 751 2965 mumiur.
768 2913 811 2983 (in
819 2914 980 2966 Commentt.
994 2929 1052 2980 reg.
1065 2913 1163 2964 acient.
1176 2915 1253 2966 Gott.
1265 2913 1320 2966 vol.
1329 2913 1388 2964 ΙΙΙ.

255 3017 281 3068 p.
291 3003 411 3068 69eeqq.
427 3015 472 3049 en.
491 2997 581 3062 1780).
601 2999 719 3052 timelio:
734 2997 923 3066 experimentt.
943 2997 1066 3050 nonnull.
1082 3015 1142 3050 cum
1158 2998 1264 3052 mumlia
1279 2997 1387 3050 inetitt.

254 3083 334 3154 (ibid.
358 3081 490 3149 vol.1V).
521 3085 627 3149 Syloeel.
649 3086 681 3137 de
701 3085 768 3151 Scep
789 3083 822 3134 ad
844 3081 1024 3135 Abd-Allatil
1040 3081 1118 3134 relat.
1143 3082 1176 3136 de
1191 3081 1263 3150 lug.
1285 3101 1313 3152 p.
1331 3086 1391 3142 268

255 3185 333 3237 seqq.
361 3169 455 3239 Zoega
473 3166 506 3219 de
523 3162 602 3218 obell.
618 3173 686 3220 sect.
701 3167 749 3220 lv,
765 3185 824 3238 cap.
835 3175 859 3226 1.
877 3169 970 3236 linger.
985 3171 1013 3220 et
1025 3169 1141 3222 lomord.
1156 3166 1332 3236 inDeecript.
1351 3166 1389 3220 de

255 3250 328 3319 l'Eg.
345 3250 458 3322 Antiqq.
475 3251 529 3304 vol.
546 3252 558 3302 l
575 3257 603 3304 et
614 3250 651 3302 ΙΙ.
688 3251 748 3304 lua
762 3251 855 3305 laudnt
870 3253 953 3304 Beck.
972 3249 1138 3320 Weltgeeoh.
1155 3253 1168 3303 Ι
1189 3270 1216 3321 p.
1233 3255 1284 3312 767
1302 3270 1388 3322 seqq.

254 3335 325 3388 Add.
342 3338 462 3391 Heleoni:
479 3336 593 3404 Voyage
608 3353 641 3388 en
655 3335 766 3406 Egypte
779 3337 897 3408 (truduit
909 3354 959 3406 par
973 3337 1111 3406 Depping.
1125 3336 1214 3390 Pario.
1224 3337 1306 3404 1621)
1320 3343 1343 3389 t.
1362 3337 1388 3389 1.

254 3437 282 3488 p.
297 3425 457 3482 ‘265-279.
492 3422 629 3476 Minutolt’:
650 3421 809 3489 Nachtrige
825 3439 858 3474 zu
874 3439 897 3474 e.
916 3421 1019 3475 Reioen
1036 3427 1088 3473 etc.
1103 3440 1131 3491 p.
1149 3427 1199 3480 190
1213 3439 1291 3492 seqq.
1325 3422 1389 3485 Qui

254 3507 407 3559 recentiore
423 3513 512 3560 eetete
528 3506 561 3559 de
575 3505 682 3558 mumiie
697 3513 899 3576 exposuerunt,
925 3523 1017 3560 eorum
1033 3505 1118 3560 libros
1132 3506 1251 3559 indicavi
1273 3507 1301 3558 in
1318 3515 1391 3559 nota

254 3591 287 3644 ed
303 3591 340 3658 ΙΙ,
356 3594 390 3649 85
403 3587 442 3658 Ι).

339 3675 422 3738 Quod
437 3693 502 3730 vero
518 3677 552 3728 ad
567 3692 664 3728 caueae
681 3661 796 3742 attinet,
818 3691 889 3744 quae
905 3675 1058 3746 Aegyptios
1080 3675 1202 3728 adhunc
1224 3692 1322 3728 morem
1339 3693 1390 3728 ca—
1481 3701 1486 3720 ·

254 3761 355 3814 devere
369 3765 537 3814 mortuorum
554 3759 699 3812 condiendi
715 3760 894 3826 adduxerint,
919 3760 1026 3814 exstitit
1043 3777 1132 3830 nuper
1145 3759 1294 3828 Roeellini,
1321 3760 1389 3812 nto-

254 3861 328 3899 nam.
352 3846 425 3898 civil.
442 3846 493 3898 ΙΙΙ.
516 3863 543 3915 p.
555 3849 607 3904 999
623 3862 701 3914 reqq.
721 3849 774 3903 304
789 3863 867 3914 seqq.
890 3848 960 3916 (quo
982 3845 1034 3896 iam
1051 3845 1094 3897 uei
1111 3861 1205 3898 eumue
1226 3845 1254 3896 in
1272 3853 1328 3897 not.
1350 3846 1390 3898 ad

253 3929 357 3983 Herod.
373 3931 410 3996 ll,
429 3929 509 3998 123),
534 3931 582 3999 qui
597 3930 666 3982 beno
681 3930 805 3998 corporis
821 3928 930 3982 humani
946 3929 1132 3995 condituram,
1154 3947 1234 3999 qnam
1250 3927 1390 3999 Aegyptii

253 4021 451 4082 exercuerunt,
474 4013 621 4084 quidquem
644 4031 784 4066 commune
806 4013 936 4067 babuieae
951 4021 1034 4082 neget
1048 4030 1107 4066 cum
1121 4013 1247 4066 doctrina
1268 4013 1303 4066 de
1321 4015 1390 4066 ani·
1484 4007 1485 4012 ¹

252 4113 354 4151 morum
369 4099 545 4168 migratione:
567 4115 655 4168 neque
672 4115 738 4150 eune
756 4103 858 4150 tantem
874 4115 966 4152 curam
986 4099 1014 4150 in
1030 4099 1211 4152 cadaveribus
1226 4097 1391 4152 condiendo
1483 4101 1485 4134 l

252 4184 397 4236 aervandie
421 4185 455 4237 eb
470 4183 615 4254 Aegyptiis
630 4199 688 4235 eam
705 4183 739 4235 ob
755 4199 864 4235 caurum
884 4184 1000 4252 positam
1017 4201 1080 4236 eaeo
1097 4187 1192 4252 putat,
1214 4189 1245 4235 ut
1265 4183 1391 4236 enimam

320 4358 346 4426 ¹¹¹)
361 4361 439 4414 Oout‘.
453 4365 536 4415 etiem
547 4363 737 4416 Dictiouncire
751 4365 784 4416 de
796 4364 924 4418 Seleucea
938 4363 1084 4417 medicalea
1099 4365 1132 4416 Τ.
1143 4365 1192 4415 XI.
1203 4365 1288 4430 poor
1301 4378 1390 4432 seqq.
