2980 4932
532 279 705 342 0L10.1.
728 293 838 349 asaa
917 280 921 288 ’

1212 284 1249 344 61

120 453 311 542 ριανδννοὶ,
336 452 506 542 Χάλυβες,
533 455 775 544 Παφλαγόνες,
802 454 944 548 Θρήικες
962 461 998 526 οἱ
1015 463 1122 528 Θυνοί
1137 483 1173 525 ιε
1195 459 1251 529 καὶ
1320 524 1325 533 ,

119 558 276 643 Βιθυνοὶ,
292 561 419 648 Κᾶρες,
432 555 561 644 Ἴωνες,
577 564 742 650 Δωριέες,
757 563 910 648 Αἰολέες,
925 557 1124 649 Πάμφυλοι·
1151 588 1247 630 κατε·
1260 571 1301 633 29

119 662 335 750 σιραμμένοιν
360 661 397 730 δὲ
421 659 566 748 τούτων,
595 665 651 732 καὶ
671 668 987 756 προσεπικτωμένου
1009 670 1159 754 Κροίσου
1179 673 1250 732 Λυ-

120 770 219 850 δοῖσι,
240 760 455 836 ἀπικνέονται
479 762 513 846 ἐς
526 763 654 858 Σάρδις
671 765 878 858 ἀκμαζούσας
900 767 1034 863 πλούτῳ
1051 765 1146 840 ἄλλοι
1168 794 1205 836 τε
1222 771 1257 838 οἱ

118 933 271 997 Bithyniam
300 933 371 984 inter
400 939 481 1000 atque
509 933 661 1002 Paphlago

120 1003 203 1067 niam,
228 1001 404 1070 Thracesque
431 1010 459 1054 et
483 1006 536 1069 ipsi
558 1007 662 1071 origine

120 1072 202 1122 iuisae
221 1072 357 1124 dieantur.
379 1073 458 1124 Cous.
484 1075 574 1125 Strab.
594 1075 660 1126 Xll.

119 1159 143 1207 p.
162 1143 213 1193 542
237 1157 260 1192 s.
284 1143 335 1194 ala
358 1143 387 1194 Ο.
425 1143 479 1194 Alii
498 1161 545 1195 eos
571 1146 662 1195 alla

119 1211 250 1276 riandyno
274 1212 331 1262 sive
357 1212 494 1264 Cimmerii
517 1215 576 1265 sive
598 1215 662 1266 Phi-

120 1282 161 1331 nei
192 1280 249 1330 filio
283 1282 411 1334 oriundos
441 1284 567 1346 tradunt;
604 1284 659 1336 vid.

15 1354 19 1365 ·
121 1351 207 1402 aanor.
233 1351 269 1401 ιι
291 1353 380 1418 spon.
410 1354 497 1405 nme.
529 1355 568 1418 11,
601 1357 661 1406 ιιι.

123 1421 179 1474 140.
198 1421 280 1486 Apud
297 1423 464 1474 Herodotum
483 1439 575 1475 eornm
589 1441 681 1475 men·-

121 1493 157 1542 tio
177 1490 208 1540 nt
231 1491 304 1542 inira
328 1493 383 1557 ΙΙΙ,
413 1493 448 1545 90
476 1499 503 1546 et
524 1496 590 1557 Vll,
617 1497 659 1547 72.

121 1563 233 1613 Postera
252 1565 343 1612 antem
361 1568 451 1614 aetate
471 1563 532 1615 illos
557 1565 592 1615 ab
607 1565 661 1616 He-

121 1631 247 1682 racleotis
275 1632 325 1682 snb
352 1633 446 1698 iugum
476 1635 573 1685 missos
595 1633 663 1700 legi-

122 1717 191 1762 mus;
211 1701 315 1767 dequo
334 1703 382 1754 Gr.
403 1704 508 1754 confert
530 1703 660 1754 Posiden.

123 1787 163 1837 ap.
182 1770 282 1823 Athen.
306 1773 353 1824 VI.
384 1789 411 1836 p.
435 1772 486 1824 263
509 1773 665 1840 (Posidonii

123 1841 197 1906 reliq.
216 1841 259 1892 ed.
278 1841 355 1891 Bake
366 1857 394 1906 p.
408 1842 483 1906 176).
502 1842 593 1893 Strab.
611 1841 631 1894 1.
644 1842 663 1894 l.

122 1929 147 1978 p.
172 1909 233 1962 817.
265 1911 336 1962 ΔιΙιΙ.
362 1911 472 1964 Ruhnk.
497 1911 531 1962 ad
561 1913 666 1963 Timaei

122 1985 185 2034 Lex.
220 2017 227 2032 .
244 1981 304 2032 214.
321 1982 382 2033 Ast.
398 1981 516 2032 adPlat.
535 1981 569 2032 de
579 1983 665 2048 Legg.

123 2070 139 2118 p
156 2120 293 2188 Chalybes,
319 2119 366 2185 qui
384 2119 509 2186 deinceps
528 2120 666 2170 nominan-

123 2197 176 2253 tur,
188 2191 273 2256 probe
289 2189 325 2239 ab
337 2189 379 2238 his
392 2190 586 2256 distinguendi,
598 2205 666 2256 qnos

123 2261 204 2326 vulgo
241 2259 392 2310 Chaldaeos
427 2261 582 2325 nominant,
612 2275 668 2310 ma-

123 2346 204 2398 gnam
240 2329 315 2379 illam
349 2329 456 2394 quidem
495 2330 667 2396 antiquitatis

123 2405 244 2468 gentem,
272 2399 350 2449 euius
378 2401 454 2452 sedes
482 2401 555 2454 ultra
574 2400 668 2466 Halyn

123 2474 242 2522 inerunt.
263 2468 346 2520 Plura
368 2470 401 2520 de
418 2471 460 2520 his
483 2469 667 2521 Hitter.1lrd·

122 2539 214 2592 kunde
230 2533 269 2589 ΙΙ.
288 2554 314 2602 p.
327 2537 378 2590 787
391 2556 451 2606 sqq.
468 2541 573 2591 Hoeok.
586 2541 669 2591 Creta

123 2613 147 2662 1.
166 2627 192 2676 p.
215 2608 266 2660 ’2111
284 2623 344 2673 sqq.
365 2609 416 2670 Qui
435 2625 499 2660 vero
519 2611 558 2660 eis
576 2610 668 2674 Halyn

123 2683 141 2732 Ι.
161 2697 185 2731 e.
205 2677 372 2730 occidentem
391 2694 484 2730 versus
504 2681 538 2730 ab
557 2679 608 2730 hoe
621 2679 669 2728 fln-

123 2751 196 2802 mine
217 2747 383 2798 habitabant
399 2749 547 2814 Chalybes,
575 2747 669 2814 quales

122 2821 167 2872 hie
186 2817 303 2882 intelligi
321 2833 431 2876 neeesse
454 2825 508 2883 est,
534 2835 579 2870 eos
599 2818 671 2870 aolo-

123 2907 174 2940 nos
194 2889 279 2939 inisse
297 2888 441 2940 verisimile
459 2895 500 2940 est
517 2889 589 2940 illins
601 2888 670 2940 Cha·

124 2961 221 3025 lybum
247 2957 350 3023 gentis,
384 2975 453 3024 qnae
481 2959 554 3010 ultra
592 2959 671 3024 ,alyn

124 3044 228 3094 magna
246 3034 273 3078 et
291 3032 401 3079 extensa
413 3031 440 3079 in
450 3031 553 3080 montib
596 3030 671 3080 eirea

123 3103 246 3150 Araxem
264 3097 341 3148 sedes
358 3099 483 3164 primitus
500 3099 631 3152 habuerat
644 3103 671 3148 ot

122 3169 243 3220 ulterius
266 3169 334 3218 adeo
361 3183 425 3219 ruas
450 3169 526 3220 sedes
545 3170 671 3222 extende-

124 3245 178 3290 rat.
202 3240 290 3301 Quam
309 3239 421 3290 eandem
439 3253 456 3288 a
474 3240 590 3304 Seymno
603 3240 670 3290 Chio

124 3308 261 3374 appellari
274 3313 372 3373 putant
391 3311 498 3373 gentem
520 3309 547 3356 in
571 3309 669 3372 fragm.

125 3395 168 3429 vs.
196 3378 242 3428 181
269 3393 325 3443 seq.
353 3379 396 3429 nb
419 3377 494 3426 hisce
520 3391 584 3426 vero
607 3391 672 3425 non-

124 3449 194 3498 nihil
227 3447 337 3511 diversi,
364 3461 528 3513 quamquam
554 3445 673 3494 eiusdem

124 3518 201 3568 hand
220 3518 278 3568 seio
302 3533 337 3567 an
360 3517 472 3582 stirpis,
497 3514 622 3564 videntur
645 3513 673 3574 ii,

125 3603 242 3653 quorum
261 3586 411 3651 Xenophon
435 3585 556 3636 meminit
574 3584 603 3632 in
621 3583 674 3633 Ex-

124 3658 213 3722 pedit.
232 3656 298 3722 Cyri
317 3655 351 3720 V,
370 3658 395 3719 5,
418 3657 439 3707 l.
465 3655 525 3722 (nbi
550 3654 604 3705 vid.
628 3653 674 3702 do·

126 3731 206 3786 etisa.
226 3727 414 3792 Kruegernm).
451 3727 488 3776 Hi
502 3725 572 3776 anim
589 3723 675 3774 orien-

712 938 781 987 aatis
799 943 861 988 sunt
873 937 941 990 uoti.
962 939 1117 1004 Sequuntur
1132 935 1252 999 thraces,
1320 936 1347 997 ¹,

712 1007 839 1058 bifariam
870 1004 965 1071 divisi,
989 1009 1047 1057 nnn
1079 1005 1172 1072 Thyni,
1197 1011 1254 1055 tum

713 1077 823 1143 Bithyni.
842 1077 1035 1142 Intelliguntur
1051 1077 1122 1126 enim
1139 1076 1255 1126 Asiatici

713 1145 843 1208 Thraces,
867 1147 962 1212 quiin
984 1148 1094 1212 Europa
1124 1145 1186 1195 olim
1210 1147 1255 1194 lra-

713 1215 847 1278 bitantes‚
880 1216 942 1266 inde
977 1215 1084 1265 sedibus
1120 1215 1193 1280 pulsi
1226 1216 1256 1264 in

712 1287 808 1337 Asiam
824 1287 954 1337 minorem
968 1279 1193 1350 commigrabant,
1210 1300 1257 1335 ao—

713 1371 828 1422 menqne
846 1356 1073 1422 Strymoniorum‚
1098 1369 1150 1420 quo
1165 1353 1258 1404 adhue

712 1427 756 1476 usi
769 1431 855 1490 erant,
868 1425 1073 1479 commutabant
1091 1439 1151 1474 oum
1164 1423 1258 1488 Bithy-

712 1511 808 1548 norum
830 1497 1019 1563 appellatione.
1058 1495 1131 1545 Hino
1144 1494 1258 1560 aliquo-

712 1567 764 1618 ties
784 1569 902 1618 occurrit
927 1565 1196 1635 Thr-adamantias,
1222 1561 1258 1616 all

713 1653 793 1702 quam
817 1643 844 1688 et
870 1637 982 1701 Bithyni
1011 1639 1038 1684 et
1064 1631 1153 1700 Thyni
1175 1634 1257 1700 perti-

713 1713 788 1757 nent.
819 1709 888 1758 Sunt
909 1707 968 1756 hini
990 1703 1179 1768 Xenophontio
1203 1703 1257 1752 1οοί

716 1777 825 1826 elassioi
849 1779 877 1825 in
905 1774 1027 1828 mnan
1049 1773 1103 1834 Vl,
1127 1777 1159 1836 4,
1188 1777 1205 1824 ⁸2
1230 1777 1258 1822 et

715 1845 781 1908 Vll,
801 1847 825 1896 2.
851 1849 876 1908 ᾖ.
898 1846 941 1894 22.
962 1843 1023 1910 (ubi
1047 1843 1150 1892 eonsnl.
1175 1843 1259 1892 Κικιν-

717 1913 835 1980 gemm),
865 1912 963 1979 quibus
986 1911 1137 1974 iungendos
1161 1912 1258 1962 Strabo

716 1984 796 2034 XIII.
820 2000 847 2048 p.
874 1981 922 2035 all
951 1995 1007 2046 aeq.
1032 1996 1058 2045 p.
1089 1979 1147 2032 816,
1166 1982 1197 2030 Β.
1227 1981 1257 2031 O.

718 2060 745 2104 et
762 2054 864 2104 Herod.
883 2051 949 2115 VII,
968 2053 1010 2102 75.
1029 2051 1070 2100 De
1087 2051 1197 2116 reliquis
1214 2064 1260 2114 po·

716 2125 797 2190 pulis,
816 2138 884 2190 qnos
905 2122 949 2171 hio
972 2137 988 2170 a
1012 2120 1111 2172 Croeso
1131 2121 1260 2172 srrbaotes

717 2195 840 2260 legimus,
858 2194 904 2244 vix
922 2191 1091 2244 monendum.

896 2367 962 2420 Cae.
981 2367 1082 2418 XXIX.

718 2498 721 2506 ·
752 2470 1002 2536 κατεστραμμένων
1017 2466 1049 2522 al
1061 2461 1180 2536 τούτων]
1195 2469 1261 2519 Ora·

717 2542 771 2603 tio,
795 2538 916 2606 pluribus
941 2542 1032 2592 verbis
1055 2539 1203 2592 interiectis
1226 2537 1260 2601 ab

718 2615 830 2662 anctore
857 2611 1023 2677 interrupta,
1052 2609 1098 2660 hio
1126 2609 1261 2674 prioribus

719 2681 809 2731 verbis
826 2681 948 2746 repetitis
967 2682 1021 2732 iam
1033 2675 1211 2739 restauratni,
1229 2681 1261 2727 ut

720 2750 840 2816 legitime
862 2750 1001 2814 procedat,
1026 2751 1132 2800 adiecta
1161 2747 1261 2799 voeula

721 2815 761 2884 di,
780 2819 813 2870 de
830 2822 908 2870 euius
929 2820 956 2870 vi
973 2821 1002 2870 in
1018 2820 1119 2870 talibus
1137 2819 1262 2882 exposuit

720 2892 849 2956 Hartung
871 2890 958 2941 Lehre
980 2889 1006 2940 d.
1030 2889 1076 2940 Gr.
1106 2888 1211 2940 Partik.
1237 2887 1261 2938 1.

721 2977 738 3026 p
756 3019 836 3078 citios
853 3044 883 3080 ιε
901 3023 932 3080 οἰ
948 3019 1075 3085 πάντες
1092 3017 1122 3076 ἐκ
1140 3023 1191 3090 τῆς
1203 3015 1263 3072 ‘nt-

720 3092 807 3157 Ιιέδος
838 3094 980 3167 σοφισταὶ]
1009 3097 1112 3150 Eadem
1142 3095 1198 3146 fere
1227 3093 1262 3143 le-

721 3173 822 3236 guntur
839 3170 868 3219 in
886 3186 980 3222 reeens
997 3169 1112 3221 deteotis
1131 3167 1265 3232 fragmen·

720 3241 757 3289 tis
775 3239 889 3290 Diodori
914 3240 1011 3302 Siculi3
1035 3239 1090 3291 vid.
1115 3239 1183 3304 Ang.
1207 3233 1264 3288 Mal

721 3309 793 3358 Nor.
822 3309 935 3372 Seriptt.
962 3309 1075 3360 Colleet.
1105 3309 1145 3360 11.
1173 3323 1199 3372 p.
1222 3306 1263 3355 14.
1345 3342 1346 3345 ι

722 3377 756 3428 23
780 3391 855 3441 seqq.
881 3379 914 3426 ln
935 3379 1069 3428 Herodoti
1089 3378 1180 3427 verbis
1202 3373 1266 3425 Val-

723 3445 869 3494 ckenarius
887 3447 978 3508 aptius
995 3447 1051 3510 legi
1076 3451 1169 3511 putat:
1188 3434 1266 3494 ἄλλοι

724 3526 752 3562 τι
771 3501 963 3574 ἐπιφανέος
983 3529 1010 3564 κ.
1029 3531 1053 3564 ι.
1072 3515 1096 3562 1..
1132 3513 1186 3564 Sed
1202 3510 1266 3560 libri
1320 3527 1322 3532 ’

724 3597 779 3632 non
797 3581 929 3632 addicant
942 3583 1132 3644 emendationi,
1150 3596 1203 3646 qna
1216 3577 1268 3628 nti-

725 3667 777 3719 que
794 3651 968 3718 snpersedere
983 3666 1135 3719 possumus.
1154 3649 1268 3700 Videtur

725 3724 805 3784 enim,
821 3729 852 3776 nt
870 3725 938 3775 bene
954 3728 1046 3775 monet
1061 3719 1268 3785 Wessellngins,

75 3793 84 3808 “
124 3803 184 3848 tem
203 3811 299 3847 versus
321 3813 337 3846 a
364 3795 473 3846 flumine
494 3796 583 3862 Halye
601 3793 675 3844 habi·
725 3793 882 3844 Herodotus
906 3793 980 3858 illos,
1004 3794 1050 3860 qni
1072 3808 1126 3843 nno
1148 3799 1269 3856 tempore

127 3869 230 3918 tabant
251 3867 329 3918 iuxta
350 3867 530 3931 Mosynaecos
549 3871 576 3918 et
594 3864 675 3914 Tiba·
726 3868 753 3912 et
771 3862 858 3916 habiti
877 3869 903 3914 et
921 3866 1014 3916 vocati
1036 3864 1170 3929 Sapientes
1193 3865 1267 3923 sunt,

126 3953 212 3988 renos
243 3937 271 3986 in
297 3936 434 3988 montibus
457 3937 546 3988 Ponto
568 3934 675 3986 Euxiuo
727 3931 856 3984 indicare.
877 3935 1018 4002 Sapientes
1041 3940 1131 3986 autern
1149 3933 1270 3984 Herodo-

128 4007 267 4058 finitimis.
300 4006 353 4056 Sed
381 4006 413 4056 de
441 4005 573 4057 Herodoti
597 4008 677 4070 gente
727 4009 772 4053 tue
802 4006 913 4054 vocavit
942 3998 1091 4070 σοφισιὸἱς,
1120 4003 1269 4056 honorifico

126 4077 290 4128 testimonia
300 4075 587 4136 desuntacenratiora;
603 4073 675 4124 coni.
729 4082 787 4124 ncne
805 4075 934 4138 temporis
951 4075 1040 4135 titulo,
1055 4093 1108 4140 qno
1127 4075 1209 4125 etiarn
1217 4075 1269 4138 Py-

127 4149 231 4202 }titter.
252 4145 271 4196 l.
291 4144 352 4210 l.p.
372 4145 431 4196 1111.
451 4146 556 4197 Hoeelr.
576 4145 593 4195 1.
614 4145 631 4197 l.
649 4161 675 4208 p.
728 4143 871 4208 thagoram
905 4145 972 4212 (IV,
1004 4144 1049 4211 95)
1079 4144 1200 4212 aliosque
1228 4157 1271 4192 aa·

127 4218 192 4271 301.
213 4218 274 4268 302.
297 4219 325 4266 et
346 4216 500 4268 Aineworth
519 4214 631 4266 Travals
649 4215 677 4263 in
729 4215 848 4278 pientiae
872 4216 945 4266 fama
972 4230 1017 4279 per
1045 4215 1187 4265 Graeciam
1211 4213 1271 4263 illu-

128 4289 180 4338 the
197 4287 278 4340 traek
300 4289 351 4336 eto.
371 4303 397 4350 p.
426 4287 474 4338 183
498 4303 572 4352 seqq.
609 4285 677 4336 (lha-
730 4289 798 4334 atres
819 4285 870 4348 (11,
894 4283 941 4349 49)
966 4285 1081 4335 amavit.
1118 4285 1175 4336 Neo
1193 4282 1272 4331 aliter

128 4359 229 4424 lybum
244 4356 339 4408 affines
357 4361 421 4407 sunt
433 4357 618 4422 Papllnponea
633 4355 680 4422 qui
730 4355 778 4405 alil
795 4361 931 4418 auctores,
950 4357 980 4403 nt
998 4353 1066 4402 idem
1087 4357 1177 4401 mouet
1197 4349 1273 4400 Wes-
