3086 4952
234 260 297 324 260
668 257 939 320 HERODOTI

236 431 358 516 πτύξας
372 429 409 502 τὰ
423 439 556 521 βιβλίον
570 435 625 502 καλ
641 429 892 522 ἐπιλεγόμενος,
914 437 979 519 ἔφη
991 427 1174 516 Ἀστνάγεά
1192 456 1251 518 μιν
1265 449 1366 516 στρα·

235 535 338 626 τηγόν
352 540 511 626 Περσέων
525 534 783 620 ἀποδεικνύναι,
799 541 894 620 Νῦν,
909 539 973 622 ἔφη
988 561 1023 603 τε
1037 534 1164 619 λέγων,
1184 523 1209 601 oi
1227 535 1367 621 Πέρσαι,

237 639 453 730 προαγορεύω
468 635 566 729 ὑμῖν,
588 656 743 732 παρεῖναι
758 643 899 709 ἕκαστον
914 643 1031 725 ἔχοντα
1046 639 1225 726 δρέπανον.
1255 640 1367 725 Κῦρος

237 745 299 835 μὲν
321 749 425 814 ταῦτα
444 743 681 834 προηγόρευσε.
709 741 802 814 ’Ἐστι
825 742 863 812 dl
874 742 1035 830 Περσέων
1055 737 1160 827 σνχνά
1176 741 1292 826 γε’νεα·
1312 739 1368 806 καὶ

237 847 278 918 rol
299 847 361 936 plu
381 845 494 918 αὐτῶν
514 844 531 918 ὁ
551 853 665 937 Κῦρος
688 846 867 934 συνάλισε,
902 845 958 914 καὶ
981 841 1138 914 ἀνέπεισε
1164 840 1367 912 ἀπίστασθαι

238 949 304 1022 ἀπὸ
317 950 462 1041 Μήδων.
492 957 561 1022 ἔστι
575 953 613 1022 dl
629 953 726 1039 τάδε,
749 949 782 1034 ἐξ
796 940 844 1020 ὦν
860 939 961 1020 ὧλλοι
975 947 1097 1028 πάντες
1110 943 1265 1037 ἀρτέαται
1276 948 1366 1036 Πέρ-

238 1119 301 1170 cula
329 1131 358 1168 τε
386 1120 414 1168 in
441 1120 532 1170 verbis
554 1115 609 1186 ἔφη
637 1135 665 1170 τε
690 1115 778 1185 λέγων
827 1135 886 1168 rum
910 1116 1024 1183 singulis
1046 1113 1147 1182 singuli
1170 1119 1300 1181 praesunt
1323 1113 1370 1164 du-

238 1205 299 1240 cum
328 1204 457 1254 quorsum
479 1191 629 1255 pertineat,
662 1189 778 1255 intelligi
829 1203 887 1252 ees,
907 1193 964 1237 tum
976 1187 1053 1238 sedes
1066 1187 1134 1236 fixas
1152 1191 1239 1247 tenet,
1258 1189 1315 1235 tum
1330 1189 1370 1234 ta-

238 1263 367 1326 neqneat‚
392 1259 432 1310 ita
448 1262 635 1326 transponitur
653 1260 687 1310 ab
705 1260 777 1311 Eltz.

239 1330 267 1378 in
286 1331 399 1391 Quaest.
417 1331 538 1380 Herodd.
557 1348 582 1396 p.
598 1331 640 1392 ll,
658 1335 689 1380 ut
706 1330 779 1396 lega-

239 1405 284 1448 tur
301 1396 357 1447 νῦν
371 1413 417 1462 τε,
437 1394 492 1463 ἔφη
511 1395 599 1464 λέγων
616 1415 675 1449 ιι.τ.
687 1399 720 1463 λ.,
740 1399 779 1448 id-

240 1483 300 1534 que,
320 1469 454 1532 probante
465 1469 582 1520 Bredov.
601 1485 627 1534 p.
646 1470 689 1531 85,
708 1485 780 1520 rece·

239 1539 280 1603 pit
296 1537 419 1588 Dietseh.
450 1539 486 1588 ut
500 1539 546 1588 iun
567 1540 622 1589 itur
639 1555 686 1603 per
699 1555 781 1590 vocu-

239 1608 294 1657 lam
317 1605 348 1660 ἷε
372 1614 515 1673 utrumque
552 1624 608 1673 φη,
637 1609 710 1673 quod
729 1609 782 1658 hoc

240 1677 301 1728 loco
320 1681 360 1729 ita
396 1679 496 1730 ositum
513 1680 678 1741 invenimus,
697 1682 728 1728 ut
746 1679 781 1728 ad

191 1799 195 1805 ,
240 1747 354 1799 alterum
377 1695 447 1812 ἀφη,
470 1750 598 1814 quoniam
615 1749 702 1814 Cyrus
723 1749 782 1812 ipse

239 1818 353 1883 loquens
376 1819 525 1882 inducitur,
550 1819 667 1869 addatur
685 1814 781 1883 λέγων.

241 1889 335 1954 Neque
353 1888 406 1939 huc
419 1889 556 1952 pertinent
572 1889 626 1938 loci
643 1889 677 1939 ab
690 1888 781 1938 Elinia

241 1959 342 2023 prolati
364 1959 393 2022 I,
415 1957 458 2010 37.
477 1959 536 2009 ill.
562 1957 621 2009 120.
644 1958 701 2020 111,
723 1957 782 2022 156,

243 2043 356 2092 quorum
373 2029 443 2078 ratio
462 2043 572 2093 prorsus
591 2029 647 2078 ulia
666 2033 717 2078 eet.

267 2087 346 2146 ’Ἐστι
366 2091 397 2144 dt
416 2093 547 2160 Περσέων
568 2089 657 2161 συχνὰ
674 2093 781 2162 γένεα]

242 2165 406 2216 Niebuhrius
432 2166 460 2214 in
478 2166 551 2216 Hist.
568 2166 683 2217 Roman.
709 2168 731 2216 1.
755 2182 782 2230 p.

243 2234 294 2285 308
307 2235 349 2284 ed.
367 2234 476 2284 secund.
489 2234 532 2284 hic
542 2244 639 2299 pentem
649 2238 712 2301 poni
724 2235 784 2285 vult

242 2319 291 2368 pro
312 2303 394 2362 tribu:
417 2319 471 2369 qua
493 2304 600 2369 quidem
623 2322 691 2356 voce
714 2305 783 2355 alias

243 2373 360 2423 reddunt
370 2373 533 2424 Graecorum
549 2367 692 2440 φρήτρην,
710 2376 783 2440 quod

243 2442 324 2508 paulo
342 2447 404 2507 post
415 2443 566 2494 invenimus
582 2449 710 2510 tanquam
724 2461 783 2510 par-

242 2517 297 2560 tem
317 2513 397 2563 tribue
414 2529 436 2566 s.
453 2517 545 2578 pectis.
580 2515 688 2565 Etenim
711 2515 783 2579 apud

244 2581 363 2632 Graecos
387 2598 454 2633 voce
477 2582 601 2648 φρατριά
623 2600 644 2634 ε.
670 2579 783 2648 φρήτρη

245 2650 399 2701 declaratur
411 2652 566 2703 coniunctio
579 2653 695 2718 plurium
708 2655 784 2704 fami·

243 2719 340 2770 liarum
353 2736 375 2772 s.
387 2721 526 2782 domuum3
546 2739 560 2772 e
576 2723 696 2789 pluribus
706 2725 785 2789 phra-

245 2789 304 2838 triis
315 2791 422 2840 exsistit
432 2792 518 2842 tribus
531 2790 649 2858 (γένος);
662 2794 784 2859 pluribus

244 2859 368 2910 tribubus
393 2862 567 2913 constituitur
590 2864 650 2928 ipsa
675 2879 741 2928 gens
761 2879 782 2912 s.

244 2928 360 2994 populus
381 2928 428 2992 (cf.
451 2931 482 2982 C.
509 2933 540 2982 F.
568 2934 707 2983 Hermann
737 2934 782 2984 Gr.

246 2999 450 3050 Staatsalterth.
469 3004 494 3064 §-
508 3004 533 3064 5,
552 3018 586 3052 ne
603 3001 702 3067 plura).
730 3003 785 3052 Ita·

247 3084 297 3133 que
321 3085 354 3118 ex
374 3069 508 3120 Herodoti
530 3077 619 3122 mente
642 3075 786 3123 Persarum

247 3153 313 3202 gens
336 3143 445 3188 constat
467 3154 482 3187 e
504 3139 624 3204 pluribus
651 3142 785 3205 tribubus,

248 3221 316 3271 quas
329 3207 398 3256 dixit
408 3203 502 3270 γίνεαι
524 3225 593 3273 quae
604 3211 711 3277 singula
723 3227 785 3262 con-

247 3280 324 3326 stant
339 3275 459 3340 pluribus
479 3279 588 3328 familiis
611 3296 634 3331 s.
652 3283 785 3345 domibus,

248 3361 316 3410 quas
334 3345 443 3395 vocavit
461 3339 597 3410 φρήτρας.
634 3351 701 3401 Indo
721 3367 784 3402 vero

248 3415 316 3465 satis
334 3415 525 3480 intelligimus,
543 3417 642 3468 Persas
662 3421 785 3485 primitus

248 3485 334 3535 luisse
351 3483 495 3534 nomadum
514 3491 620 3550 gentem
636 3494 663 3538 et
679 3491 786 3554 quidem

247 3570 373 3619 magnam
383 3559 487 3619 partem
496 3561 601 3606 montes
610 3557 771 3610 incolentem
780 3579 787 3622 ς

249 3625 333 3674 icisse
350 3623 411 3674 illos
423 3639 472 3688 pro
487 3639 561 3674 more
577 3626 729 3678 istiusmodi
741 3646 788 3679 na-

248 3694 353 3744 tionum
377 3693 480 3743 divisos
504 3710 553 3758 per
572 3695 660 3758 plures
683 3702 787 3761 gentes,

250 3778 318 3826 quas
345 3763 424 3813 nobis
449 3763 538 3813 dicere
566 3763 644 3814 licet:
672 3765 786 3832 serame,

251 3831 369 3894 Hordea,
395 3831 516 3882 diversas
532 3833 603 3883 inter
621 3849 651 3884 se
670 3840 727 3886 tum
743 3835 790 3886 ho-

249 3915 315 3950 nore
331 3905 358 3951 et
376 3901 463 3964 gradu
480 3906 538 3952 turn
553 3904 628 3954 vitae
642 3905 727 3968 ipsius
745 3921 789 3971 ge-

250 3983 314 4018 nere
330 3969 473 4034 victusque
491 3973 606 4023 ratione.
642 3974 731 4040 Atque
750 3991 790 4026 re·

250 4038 385 4088 cautiores
402 4038 483 4090 huius
500 4046 588 4092 terrae
606 4045 790 4109 peregrinato-

249 4121 293 4156 res
303 4106 436 4173 hodieque
446 4109 539 4161 eadem
552 4113 608 4163 iere
623 4119 789 4178 repererunt,

251 4191 320 4242 quae
339 4181 393 4227 tarn
412 4178 496 4229 multo
511 4185 574 4230 ante
594 4183 724 4234 retulerat
737 4185 791 4234 He-

250 4245 372 4298 rodotus.
408 4247 528 4300 Maxima
545 4251 616 4302 enim
639 4253 789 4304 incolarum

250 4329 327 4380 pars,
350 4323 514 4384 pergentes
539 4317 700 4386 dispertita,
725 4337 788 4388 qua-

829 1257 983 1308 bernaeulis
995 1273 1059 1321 usa,
1078 1257 1139 1307 loca
1156 1255 1299 1307 habitandi
1315 1271 1370 1305 cre-

828 1330 877 1380 bro
899 1333 1062 1390 commutat,
1085 1327 1125 1377 ita
1143 1331 1174 1377 ut
1191 1325 1370 1392 agricolarum

830 1413 956 1448 numerus
975 1398 1087 1448 interior
1106 1399 1142 1446 sit
1159 1396 1303 1447 nomadum
1323 1409 1371 1444 nu·

830 1484 918 1529 mer03
933 1483 1047 1533 quorum
1060 1468 1132 1518 vitae
1146 1467 1237 1532 generi
1249 1467 1310 1530 ipsa
1320 1470 1370 1514 ter·

831 1553 878 1588 rac
899 1538 1003 1588 indoles
1031 1553 1063 1587 ac
1082 1543 1181 1587 natura
1202 1535 1315 1586 multum
1333 1535 1372 1584 la-

831 1613 886 1659 vet.
924 1607 967 1657 Tu
985 1607 1058 1658 conl.
1076 1607 1191 1657 eundem
1210 1607 1371 1656 Heerenium

831 1677 850 1728 l.
868 1677 887 1727 l.
907 1693 970 1743 pag.
985 1677 1035 1728 396
1052 1693 1125 1743 seq,
1148 1677 1194 1742 qui
1218 1677 1289 1727 idem
1307 1676 1372 1726 bina

831 1747 894 1797 inde
913 1747 1062 1809 concludit,
1091 1763 1141 1797 nec
1158 1747 1236 1796 nobis
1255 1747 1289 1796 ad
1313 1745 1371 1794 uni-

831 1832 939 1867 versam
959 1816 1092 1867 Herodoti
1115 1815 1149 1866 de
1166 1816 1258 1866 Persis
1281 1830 1372 1864 narra-

832 1889 948 1949 tionem,
967 1901 1037 1954 quae
1050 1886 1101 1937 hoc
1118 1886 1204 1951 primo
1222 1885 1290 1936 libro
1311 1900 1372 1935 con-

831 1958 946 2020 tinetur,
975 1955 1178 2022 intelligendam
1205 1955 1373 2021 praetermit-

832 2029 925 2078 tenda.
959 2027 1051 2091 Negat
1074 2026 1145 2076 enim
1162 2027 1306 2077 Persarum
1326 2041 1372 2074 na-

832 2098 934 2146 tionem
951 2097 1004 2146 sibi
1016 2094 1156 2161 aequalem
1165 2097 1278 2162 parique
1294 2095 1372 2145 modo

834 2167 968 2218 excultam
982 2166 1079 2227 fuisse;
1097 2168 1226 2217 eumelus
1239 2181 1302 2232 pars
1314 2170 1374 2215 tan-

833 2243 891 2287 tum
915 2237 950 2286 ad
973 2235 1182 2286 dominationem
1210 2235 1374 2301 reliquorum

834 2307 915 2357 Asine
933 2305 1092 2370 populorum
1115 2307 1267 2370 pervenerit
1289 2309 1316 2353 et
1339 2304 1373 2353 ab

833 2377 867 2426 iis
886 2377 965 2441 ipsis,
986 2391 1053 2439 quos
1071 2375 1174 2424 vicerat
1184 2375 1374 2437 subiectosque

834 2446 936 2508 tenuit,
956 2445 1053 2494 cultior
1070 2443 1177 2494 reddita
1194 2444 1290 2504 inerit,
1313 2441 1373 2490 reli·

835 2517 894 2581 quis
915 2515 943 2563 in
959 2514 1052 2564 eodem
1065 2517 1152 2574 statu,
1172 2527 1224 2576 quo
1238 2516 1302 2560 ante
1317 2511 1374 2560 iue-

834 2589 909 2646 rant,
926 2583 1146 2648 permanentibus
1159 2584 1297 2648 vitamque
1314 2581 1375 2630 bur-

834 2655 928 2704 baram
947 2653 1003 2702 iore
1017 2652 1171 2718 agentibus.
1207 2651 1329 2701 Alterum
1344 2649 1376 2699 il-

834 2723 880 2774 lud
899 2723 975 2787 ponit
992 2723 1034 2771 vir
1051 2721 1162 2785 doctus,
1186 2722 1259 2787 apud
1276 2723 1375 2772 Persas

835 2793 960 2858 primitus
980 2793 1071 2842 omnia
1084 2792 1249 2856 pertinuisse
1263 2791 1298 2841 ad
1312 2807 1376 2856 gou-

834 2868 876 2913 tes
888 2877 1033 2926 earumque
1052 2863 1179 2912 instituta
1192 2858 1307 2926 (Stamm
1320 2860 1376 2910 und

836 2933 1130 2997 Siammverfassung),
1160 2947 1193 2982 ex
1216 2933 1314 2997 quibus
1337 2931 1377 2980 roi

836 3003 960 3068 publicae
984 3001 1049 3052 ordo
1069 3007 1152 3068 atque
1173 3002 1278 3067 imperii
1305 3001 1375 3050 ratio

835 3073 936 3123 sensim
954 3072 1108 3137 sensimque
1126 3073 1290 3138 provenerit.
1322 3072 1377 3121 No-

835 3147 892 3194 stra
910 3146 1000 3192 aetate
1019 3142 1120 3192 similes
1138 3141 1210 3208 apud
1222 3143 1320 3192 Persas
1338 3141 1377 3190 iu-

835 3213 981 3264 veniuntur
1004 3213 1091 3264 tribus
1109 3229 1131 3262 s.
1152 3217 1260 3278 gentes,
1285 3215 1315 3261 ut
1338 3225 1377 3260 re·

836 3284 970 3334 cautiores
997 3281 1091 3333 harum
1124 3298 1212 3333 rerum
1241 3285 1378 3332 testantur

836 3354 993 3419 scriptores.
1031 3353 1223 3403 Giliammer.
1244 3352 1273 3400 in
1287 3350 1377 3400 Wien.
1450 3359 1456 3372 ·

836 3423 951 3476 Jahrbb.
959 3423 1038 3473 VIII.
1047 3423 1130 3488 pule
1141 3437 1217 3488 seqq.
1229 3421 1281 3474 395
1291 3435 1378 3484 seqq,

837 3494 883 3559 qui
901 3494 936 3544 ab
953 3492 1094 3543 Herodoto
1110 3493 1192 3542 decem
1211 3495 1317 3541 tantum
1332 3489 1379 3538 tri·

836 3564 887 3613 bus
906 3568 1077 3613 enumeratas
1096 3577 1156 3612 esse
1172 3561 1299 3624 miratur,
1318 3574 1378 3610 cum

837 3633 965 3682 duodecim
988 3637 1118 3684 memoret
1135 3631 1284 3696 Xenophon
1310 3630 1379 3694 ipse·

838 3717 890 3766 que
917 3701 1072 3752 Herodotus
1104 3701 1172 3752 alias
1201 3701 1380 3751 duodenarium

837 3786 977 3820 numerum
1001 3772 1081 3822 valde
1108 3775 1189 3822 amet.
1230 3769 1379 3833 Pleraeque

838 3844 929 3890 autem
945 3840 1015 3890 istas
1028 3845 1123 3906 gentes
1135 3841 1206 3890 idem
1222 3840 1265 3890 vir
1282 3840 1379 3889 doetus

840 3909 916 3958 addit
930 3910 1077 3961 etiamnum
1092 3911 1120 3960 in
1130 3911 1274 3960 Persarum
1285 3909 1381 3973 lingua

840 3979 953 4042 agnosci
974 3980 1139 4042 nominibus,
1159 3995 1220 4030 cum
1234 3979 1381 4030 Achaeme·

839 4047 919 4096 uidae
937 4049 993 4098 sint
1013 4050 1149 4115 Adrcbem,
1174 4050 1228 4100 Dai
1247 4049 1382 4103 Βελίτταν,

839 4115 928 4167 Mardi
942 4117 1023 4168 Merd
1049 4119 1082 4185 (i.
1106 4135 1130 4170 e.
1155 4117 1224 4184 uir),
1254 4117 1383 4170 Germani

841 4185 947 4243 Germa,
968 4187 1088 4254 Sugartii
1106 4187 1226 4252 Salpina
1245 4185 1384 4251 Moraphii

840 4255 921 4305 Mem
940 4263 993 4307 etc.

872 4315 1048 4390 ἀρτέαται]
1069 4325 1088 4378 i.
1101 4338 1124 4377 e.
1141 4323 1261 4389 pendeat.
1284 4323 1383 4375 Ionum
