2980 4932
564 269 692 332 OLIO.
716 273 742 332 Ι.
767 282 810 336 30.
1211 273 1251 334 63

114 444 166 512 τοί
181 440 246 529 γὰρ
261 439 324 514 οὐκ
340 437 455 514 οἷοίτε
469 434 555 534 ἦσαν
569 439 651 516 αὐτὰ
671 449 806 532 ποιῆσαι
822 439 1011 531 Ἀθηναῖοι·
1038 438 1180 536 ὁρκίοισι
1194 443 1258 534 γὰρ

113 544 289 636 μεγάλοισι
307 553 517 636 κατείχοντο,
543 550 624 617 δέκα
646 553 721 616 ἔτεα
740 545 924 642 χρήσεσθαι
941 546 1091 638 νόμοισι,
1120 547 1197 635 τοὺς
1215 546 1258 618 ἅν

114 669 176 739 σφι
198 648 322 720 Σόλων
340 655 454 741 θῆται.
497 648 620 720 Αὐτῶν
645 647 687 740 δὴ
714 641 762 722 civ
786 649 915 722 τούτων
941 654 1079 742 καὶτῆς
1108 660 1255 743 θεωρίης
1264 667 1304 730 30

114 851 256 902 Demosth.
279 852 389 918 Leptin.
414 868 442 917 p.
465 852 579 925 uqixvl
602 869 633 906 se
652 889 660 906 .
714 850 760 915 ξιν
777 843 866 903 αὐτοῦ
885 848 1106 906 derodendum
1121 845 1258 920 τοΐτχοό-

73 935 78 942 ’
115 923 397 975 Add.Westerrnann.
410 916 519 972 adl’lul
588 918 630 974 ‚V
714 937 748 974 νο
812 914 850 980 ὡς
886 919 1088 990 πεπλασμένην
1128 918 1258 989 ἐλέγχειν.

116 992 210 1042 Solen.
225 993 268 1043 15.
284 1008 311 1057 p.
323 992 408 1044 320
435 992 533 1052 ,iuncti
571 990 664 1056 ιοθὴ-
711 985 718 1005 ’
805 988 838 1043 δὲ
859 986 946 1057 λόγον
968 989 1089 1055 ἔνδοξον
1112 984 1187 1046 οότιο
1212 987 1259 1044 κοιλ

116 1077 162 1112 ται
182 1062 277 1112 addita
295 1062 416 1112 voculo·
438 1077 454 1110 ν
476 1063 545 1112 satis
570 1063 665 1131 opinor
715 1053 871 1119 τοσούτους
899 1053 990 1128 sudoro
1009 1079 1043 1120 ας
1074 1059 1175 1129 ἔχοντα
1200 1060 1258 1128 sul,

117 1137 211 1182 tuetur
237 1132 361 1183 futurum
388 1124 562 1198 χρήσεσθαι,
594 1131 667 1197 quod
717 1123 846 1196 ὃμεῐζόν
863 1121 934 1195 ἔστι,
951 1079 1097 1196 auduom
1112 1131 1151 1201 τῷ
1163 1126 1259 1184 Σόλοι·

118 1201 268 1254 antecedit.
410 1199 413 1207 '
718 1215 768 1258 νος
785 1194 855 1265 ἤθει
875 1196 922 1249 sul
944 1201 995 1266 τῆς
1015 1193 1124 1288 §sivos
1144 1203 1261 1280 pessulos!

716 1261 866 1339 qooodvqc
889 1264 938 1320 καλ
966 1285 1071 1336 coprus
1094 1261 1193 1338 ἄξιον,
1225 1286 1260 1320 oo

275 1361 278 1366 ’
308 1375 374 1426 ⁰⁰·
394 1373 479 1427 xxr:
521 1394 538 1424 ··
714 1355 770 1460 tl.
791 1333 1099 1474 lliiirllllltiil.
1115 1343 1262 1476 'titii

153 1472 254 1530 Αότιὸν
277 1471 314 1546 δὴ
340 1465 382 1530 τόν
404 1472 514 1529 τούτων
536 1454 597 1530 sul·
613 1473 664 1543 τῆς
713 1480 773 1546 ctos
792 1477 983 1561 διορθοῦντες
998 1469 1064 1546 ἄχρι
1078 1447 1204 1548 adnepos
1217 1473 1262 1536 τίς

118 1548 248 1614 θεωρίης
265 1539 426 1615 ἐκδημήσας
443 1540 459 1598 d
476 1539 577 1600 Σόλων
592 1546 663 1598 else·
714 1541 802 1600 sicto
824 1551 923 1608 αυτοῖς
949 1542 1182 1616 ὄμολογοόμενον
1210 1542 1261 1602 du'-

118 1635 169 1671 ιιεν
192 1609 221 1676 ἐς
238 1616 384 1684 Αἴγυπτον
403 1613 521 1668 ἀπίκετο
540 1633 567 1668 a.
584 1634 608 1670 τ.
625 1616 663 1683 λ.]
715 1627 823 1672 sessus
834 1618 1008 1686 καταστῆσαι
1024 1614 1074 1679 τὰς
1088 1615 1260 1686 ἀντιλογίας.

119 1692 197 1741 Haec
210 1689 308 1752 ruba,
327 1704 444 1759 quornm
460 1703 569 1740 sensum
585 1703 664 1738 nemo
717 1693 777 1753 Quo
797 1690 858 1740 loco
875 1690 1098 1742 iureLarcherus
1118 1693 1214 1744 nititur
1232 1691 1261 1739 in

9 1789 10 1798 ι
120 1775 175 1810 non
191 1763 335 1810 assecutus
354 1765 409 1822 est,
428 1759 515 1808 maius
526 1759 665 1824 negotium
716 1762 767 1823 iis,
796 1775 865 1824 quae
888 1760 974 1810 multe
996 1765 1054 1810 turn
1082 1763 1110 1810 in
1137 1766 1203 1810 neta
1226 1757 1262 1810 ad

120 1829 264 1891 exhibent,
293 1834 445 1894 temporum
467 1828 600 1878 rationem
624 1843 666 1878 ac·
716 1829 851 1880 Herodoti
872 1827 961 1880 locum
990 1830 1023 1878 de
1045 1835 1197 1894 temporum
1219 1844 1262 1878 rs·

120 1899 243 1950 curatius
259 1899 284 1950 si
299 1913 504 1964 persequamur.
532 1897 611 1948 Unde
628 1898 667 1948 la-
717 1899 793 1950 tione
810 1897 933 1960 disserit,
958 1903 1017 1948 tum
1034 1899 1062 1948 in
1081 1897 1263 1964 chronologia

120 1975 196 2020 ctum
213 1973 270 2032 est,
295 1974 326 2020 ut
350 1967 487 2022 nonnullis
511 1971 599 2018 totum
616 1967 668 2018 hoc
718 1967 853 2018 Herodot.
881 1982 942 2032 cap.
965 1967 1031 2019 VII.
1058 1983 1086 2033 p.
1112 1968 1163 2020 205
1186 1983 1261 2033 seqq.

120 2039 286 2105 colloquium
295 2036 403 2090 Solonis
414 2053 475 2088 cum
482 2038 582 2090 Croeso
593 2053 668 2103 pror·
718 2037 802 2090 Ponit
819 2039 910 2088 autern
930 2036 1040 2088 Solonis
1064 2037 1264 2104 legislationem

120 2123 169 2160 ans
188 2109 282 2160 lictum
304 2109 456 2172 videretur,
480 2109 579 2174 quippe
602 2113 668 2159 tem·
719 2123 792 2158 anno
808 2106 861 2159 564
876 2123 901 2158 a.
915 2107 1263 2176 Chr.n.s.Olymp.XLVI,

120 2195 218 2246 porum
236 2179 343 2230 ratione
351 2179 530 2244 refragante,
549 2195 610 2230 oum
621 2179 669 2229 So·
717 2179 750 2240 33
770 2177 878 2230 Solonis
897 2178 1092 2243 profectionem
1111 2179 1146 2229 sd
1163 2177 1263 2232 Sardes

122 2251 213 2302 lenem
226 2247 335 2314 Olymp.
353 2249 452 2312 XLVI,
471 2249 487 2300 3
505 2265 527 2300 s.
540 2249 592 2300 594
605 2253 669 2299 ante
719 2249 772 2300 570
784 2263 809 2298 e.
819 2247 944 2299 chene.
957 2247 1171 2315 Olymp.LIl,3;
1192 2263 1263 2300 mor-

122 2319 188 2370 (lhr.
209 2333 236 2368 n.
252 2319 464 2370 Atheniensibus
480 2317 555 2384 leges
573 2319 670 2370 tulisse
720 2323 775 2368 tem
787 2318 903 2384 denique
911 2317 962 2371 559
973 2334 999 2370 a.
1008 2319 1105 2370 Ohrm.
1118 2336 1141 2372 s.
1154 2319 1261 2386 Olymp.

122 2393 233 2440 ceustet
256 2389 424 2454 eundemque
448 2381 602 2451 tyrannidis
625 2389 670 2438 Pi·
720 2389 778 2452 LV,
792 2390 818 2451 2,
833 2403 893 2440 cum
903 2390 1065 2440 Pisistratus
1077 2391 1182 2456 aliquot
1199 2393 1264 2440 ante

122 2461 272 2510 sistrsteae
303 2475 375 2509 anno
410 2458 530 2509 secundo
559 2459 669 2521 obiisse,
721 2459 808 2522 annis,
819 2459 867 2510 561
881 2475 906 2509 a.
916 2459 1157 2527 Chr.n.s.Olymp.
1166 2459 1264 2522 L1v‚3

122 2531 141 2580 i.
153 2545 177 2579 e.
189 2528 394 2593 Olymp.LV,·2
413 2543 436 2578 s.
449 2527 501 2579 559
516 2545 542 2578 a.
555 2528 617 2580 Chr.
630 2545 668 2592 n.,
719 2529 842 2580 Athenas
865 2544 1000 2596 occupare
1022 2532 1168 2596 coepisset.
1208 2528 1264 2580 Ubi

123 2614 178 2664 qno
197 2603 319 2662 tempore
337 2599 469 2661 Croesus,
495 2598 543 2664 qui
560 2597 671 2664 Alyatte
720 2597 893 2664 potissimum
914 2599 1055 2650 Plutarchi
1083 2600 1143 2652 loco
1166 2601 1263 2660 utitur,

123 2671 232 2718 mortue
259 2666 322 2732 (566
338 2684 364 2720 a.
383 2668 445 2719 Chr.
466 2667 506 2732 n.)
533 2669 671 2733 Lydorum
721 2669 787 2719 ibid.
812 2668 841 2718 in
860 2667 907 2720 lin.
930 2685 990 2735 cap.
1011 2669 1044 2722 32
1068 2671 1208 2723 ePhania
1224 2685 1265 2720 re-

9 2777 11 2798 ,
122 2744 239 2802 regnum
257 2739 392 2804 suscepit,
421 2737 531 2788 vixdum
557 2753 671 2804 regnare
721 2739 844 2801 terentis,
852 2738 978 2790 Solonem
991 2739 1263 2806 obiisseHegestrato

123 2811 255 2872 coeperet
282 2823 370 2872 neque
392 2807 519 2858 Solonem
547 2809 671 2874 excipere
721 2809 860 2859 archonte.
899 2809 975 2870 Quae
1000 2807 1108 2874 quidem
1133 2810 1263 2862 siccatis

57 2911 64 2926 .
123 2881 250 2943 poterat,
274 2877 334 2942 qui,
352 2893 435 2944 quum
451 2878 613 2930 Pisistratus
630 2893 671 2929 re-
721 2879 773 2928 sibi
798 2880 964 2930 conveniunt
991 2878 1127 2944 vulgoque
1155 2883 1265 2943 recepta

123 2946 336 3011 rumpotinetum
358 2947 421 3013 (566
438 2963 464 2998 a.
483 2947 546 3000 Chr.
565 2949 616 3016 n.),
635 2947 669 2998 ab
720 2949 886 3011 retentatur,
906 2963 1068 3015 quamquam
1087 2949 1203 3000 maiores
1221 2963 1266 2998 ex·
1298 2981 1313 3008 ,

123 3017 271 3066 itineribus
289 3017 344 3068 ianr
365 3019 394 3068 in
417 3018 534 3082 patriam
551 3019 671 3070 redierat
721 3019 845 3070 oriuntur
858 3017 1035 3070 difficultates
1048 3017 1265 3084 chronologicae,

124 3085 669 3155 testePlutarchoinSolon.Vit.cep.29.
721 3090 745 3138 si
765 3089 872 3152 Croesi,
898 3105 1015 3156 quocum
1032 3087 1096 3140 Solo
1120 3093 1162 3140 est
1184 3087 1265 3142 collo·

124 3157 243 3220 Propter
262 3156 313 3208 has
331 3155 507 3208 difficultates
531 3159 671 3210 chronolo-
721 3163 814 3222 cutus,
833 3163 955 3225 tempora
969 3175 1115 3225 eorumque
1131 3161 1264 3212 rationem

125 3225 670 3294 gicasGrauertOEeAesopep.44seqq.)
720 3227 881 3294 perpendas.
916 3230 950 3280 In
972 3245 1043 3296 quae
1066 3235 1129 3295 post
1146 3231 1264 3282 Lurchc-

126 3296 210 3362 plane
224 3296 283 3346 lieri
299 3297 422 3362 potuisse
437 3303 531 3363 negat,
548 3304 580 3348 ut
591 3299 672 3348 Croe·
721 3313 780 3348 rum
795 3299 907 3364 eiusque
925 3299 1110 3351 adversarium
1122 3301 1265 3352 Volneium

126 3381 188 3417 snm
206 3365 337 3418 Sardibus
354 3367 418 3419 Solo
437 3369 607 3418 convenerit:
626 3367 673 3432 qui
723 3366 897 3432 (chronolog.
917 3367 1077 3420 d‘lldrodot.
1101 3386 1128 3434 p.
1151 3372 1186 3422 54
1203 3385 1264 3434 sqq.
1374 3373 1375 3376 ’

126 3437 152 3486 si
171 3451 267 3486 revera
283 3437 398 3488 Athenis
415 3436 554 3501 proiectus
574 3435 673 3486 Sardes
722 3435 786 3486 coll.
797 3452 824 3500 p.
838 3435 873 3486 30
890 3434 965 3501 sqq.)
986 3437 1143 3502 diligentius
1154 3439 1266 3502 inquisi-

128 3505 249 3568 vencrit,
271 3505 300 3555 id
317 3508 346 3556 in
363 3522 397 3558 ea
415 3511 539 3570 tempore
554 3505 674 3554 incidere
724 3505 848 3554 vitloan.
860 3505 959 3554 Matth.
972 3506 1128 3556 Schultaius
1139 3507 1168 3556 iu
1177 3507 1268 3569 Appe-

128 3575 237 3638 dehere,
244 3577 341 3640 quihus
350 3591 463 3643 regnum
472 3579 566 3624 tenere
572 3575 672 3624 Croeso
724 3577 788 3624 ratu
799 3573 834 3622 ad
844 3572 945 3624 annsll.
957 3575 1060 3624 critice.
1081 3589 1146 3624 rerr.
1155 3577 1267 3626 Graece.

128 3660 177 3710 per
200 3649 319 3696 aetatem
342 3646 416 3696 haud
439 3644 558 3695 licuerit.
599 3643 674 3694 Solo·
725 3642 816 3694 Kiliae
827 3641 895 3694 1826
906 3657 932 3706 p.
948 3643 980 3695 16
998 3657 1075 3707 seqq.
1098 3648 1125 3693 et
1137 3643 1215 3708 Spec.
1230 3643 1268 3694 11.

128 3729 205 3777 nem,
225 3720 349 3780 gemente
368 3717 418 3766 sub
433 3713 573 3765 Pisistrati
591 3713 675 3764 dorni·
725 3727 752 3779 p.
774 3711 815 3762 10.
836 3711 982 3776 Volneius,
1009 3715 1041 3761 ut
1063 3726 1193 3764 summam
1217 3713 1270 3766 eal·

127 3785 242 3834 natione
260 3786 373 3836 civitate
389 3785 497 3847 Attica,
515 3784 545 3834 in
560 3783 674 3848 Lydiam
725 3787 780 3834 tom
799 3781 993 3848 disputationis
1011 3781 1045 3832 ab
1062 3781 1109 3833 illo
1126 3783 1269 3836 institutae

128 3855 283 3918 proiectum
301 3871 362 3905 esse
379 3853 521 3905 contendit
539 3854 674 3904 Meursius
724 3853 885 3912 referamus,
898 3852 1005 3904 Solonis
1014 3851 1211 3918 legislationem
1221 3854 1268 3921 pd-

129 3924 158 3972 in
177 3923 269 3974 Solon.
284 3925 332 3988 28,
351 3939 405 3974 non
422 3923 587 3989 reprobante
599 3925 676 3974 Wes-
726 3923 848 3973 uitauno
866 3921 918 3974 594
930 3939 955 3974 a.
967 3922 1076 3988 Chr.n.,
1094 3924 1193 3976 itinera
1207 3927 1267 3990 573,

129 3991 248 4058 selingio
263 3993 298 4044 ad
313 3993 340 4045 h.
353 3994 388 4055 l.;
408 3993 532 4060 quamvis
549 3993 602 4044 hoc
620 3992 676 4044 ool·
727 3993 964 4044 commorationem
986 3993 1058 4060 apud
1077 3993 1206 4048 Croesum
1230 3998 1269 4048 in-

128 4061 251 4127 loqnium
270 4067 334 4112 ante
346 4063 486 4114 Pisistrati
506 4063 676 4128 tyrannidem
727 4061 815 4128 deque
840 4063 957 4114 reditum
981 4065 1044 4126 563,
1072 4071 1185 4118 mortem
1205 4067 1267 4128 5593

129 4131 256 4182 habiturn
284 4147 345 4182 esse
374 4132 422 4182 alii
448 4132 577 4184 clament.
624 4132 677 4184 Sed
726 4131 901 4185 Pisistratum
926 4151 990 4184 vero
1016 4135 1131 4200 primum
1149 4135 1270 4188 Athenas

130 4199 275 4252 audiamus
291 4201 468 4254 Plutarchum
485 4203 515 4253 iu
533 4203 592 4254 vita
603 4201 679 4254 Solo·
728 4208 906 4268 occupantem
923 4204 1039 4256 collocat
1055 4204 1107 4256 566
1123 4221 1149 4256 e.
1164 4206 1227 4256 Chr.
1242 4223 1268 4256 n.

129 4271 174 4320 nis
193 4285 219 4320 c.
237 4271 271 4350 23
296 4269 332 4388 SI.
349 4287 377 4338 p.
397 4271 431 4323 63
448 4272 483 4338 Β)
502 4273 543 4323 ita
561 4271 680 4324 scriben-
729 4271 898 4335 Schultaius,
918 4275 965 4340 qui
974 4274 1101 4325 Solonem
1119 4274 1178 4324 vult
1196 4273 1270 4338 leges

130 4342 200 4390 tent
226 4352 279 4402 την
316 4330 423 4404 inodo
440 4340 570 4406 Κροῖσον
587 4335 680 4391 ἔντον-
728 4341 939 4395 Atheniensibus
952 4341 1060 4394 dedisse
1070 4341 1154 4394 sess.
1163 4339 1270 4400 Chnn..
