3008 4924
497 235 747 298 EUTERPE.
771 235 813 295 II.
837 243 897 298 133.
921 243 981 298 134.
1242 233 1299 294 731

167 407 220 479 ού.
272 415 385 480 Ταῦτα
405 409 596 481 ἀκούσαντα
618 407 679 480 τόν
698 415 918 500 Μυκερίνου,
943 406 988 490 ὦς
1010 412 1304 500 κατακεκριμένων

168 512 234 603 ἤδη
250 519 286 582 oi
299 514 446 600 τούτων,
469 513 576 603 λύχνα
591 513 819 603 ποιησάμενον
832 511 956 600 πολλά,
981 508 1067 594 ὅκως
1080 521 1208 600 γίνοιτο
1229 511 1302 598 νύξ,

168 615 344 699 ἀνάψαντα
358 615 461 705 αὐτά,
491 625 604 688 πίνειν
627 646 662 688 τε
683 617 739 686 καὶ
756 615 956 703 εὐπαθέειν,
979 616 1057 687 οὔτε
1079 611 1202 708 ἡμέρης
1224 615 1302 688 ούτε

65 745 75 765 ·
167 719 290 801 νυκτὸς
303 719 457 809 ἀνιέντα,
482 729 514 802 ἐς
527 750 563 790 τε
578 719 618 791 rol
632 726 709 792 ἕλεα
723 722 779 790 καὶ
796 720 837 791 τά
858 720 961 792 άλσεα
981 720 1222 810 πλανώμενον,
1246 724 1302 791 καὶ

167 829 224 894 ’ίνα
238 825 449 896 πυνθάνοιτο
460 826 547 896 εἶναι
562 824 765 916 ἐνηβητήρια
780 825 1035 915 ἐπιτηδεότατα.
1050 829 1155 895 ταῦτα
1169 825 1207 895 δέ
1222 828 1300 914 ἐμη-

168 934 307 1017 χανᾶτο,
321 931 436 1000 θέλων
448 929 486 998 τό
500 930 662 1020 μαντήϊον
676 928 889 1019 ψευδόμενον
903 927 1080 1014 ἀποδέξαι,
1096 933 1154 998 ἵνα
1167 933 1201 999 ολ
1210 927 1300 998 ovd·
1385 1009 1392 1018 ,

170 1038 251 1102 δεκα
273 1037 348 1102 ἔτεα
374 1030 449 1104 ἀντὶ
470 1037 503 1118 ἓξ
530 1037 631 1104 ἐτέων
654 1036 810 1122 γένηται,
841 1040 879 1103 αἱ
904 1032 1024 1113 νύκτες
1044 1029 1164 1122 ἡμέραι
1185 1032 1300 1103 ποιεύ-

170 1163 423 1329 μενοΙΙιυραμίδα
443 1242 480 1311 δὲ
495 1243 550 1310 καὶ
564 1231 660 1320 οὗτος
673 1235 853 1309 ἀπελίπετο
872 1235 998 1309 πολλὸν
1011 1237 1140 1307 ἐλάσσω
1159 1243 1220 1307 τού
1236 1264 1299 1306 πα-
1311 1240 1370 1302 134

168 1341 261 1433 πρὸς,
290 1353 395 1413 εἴκοσι
417 1351 533 1415 ποδῶν
553 1346 784 1414 καταδέουσαν
802 1347 914 1412 κοῖλον
933 1345 1075 1412 ἕκαστον
1095 1348 1199 1431 τριῶν
1221 1343 1300 1410 πλέ-

204 1541 291 1596 aul*
275 1562 324 1596 ινα
345 1529 526 1596 πυνθάνοιτο
549 1541 623 1598 εἶναι
646 1539 708 1612 ἐνη-

169 1607 290 1695 βητήρια
306 1605 556 1684 έπιτηδειότατα]ἰ.
573 1634 596 1668 e.
609 1621 634 1668 in
646 1634 709 1684 qna-

168 1681 263 1750 eor'rque
277 1693 354 1750 porte
374 1689 484 1752 repienia
505 1703 618 1740 secessus
636 1689 709 1738 intel

168 1757 258 1819 operer
274 1771 329 1806 esee
346 1757 544 1820 inconditorum,
563 1758 709 1822 interprete

169 1823 366 1887 ValckenariO,
391 1827 436 1890 qui
454 1831 516 1890 post
534 1795 633 1875 εἶναι’
625 1825 709 1877 inseri

170 1895 229 1944 vult
247 1891 298 1957 γῆς
316 1893 388 1957 (cum
411 1892 460 1944 ἵνα
482 1895 661 1961 iungendum,
680 1899 711 1946 ut

169 1963 192 2026 Ῑ,
206 1963 249 2014 98.
260 1961 321 2016 213.
334 1965 371 2025 ΙΙ,
386 1965 436 2015 112
444 1967 519 2028 etc),
531 1965 602 2030 quod
613 1965 711 2016 deinde

171 2049 204 2084 cx
222 2033 333 2098 Gregor.
356 2033 478 2085 Corinth.
502 2035 535 2084 de
560 2034 625 2086 dial.
648 2035 709 2086 lon.

169 2103 192 2166 5.
214 2105 247 2154 oo
260 2109 421 2168 receperunt
437 2103 710 2169 Schweighaeuserus

171 2177 198 2224 et
220 2173 401 2224 Gaieiordius.
437 2174 570 2238 Equidem
593 2190 610 2224 a
633 2174 710 2224 libris

170 2243 280 2324 scriptis
312 2247 386 2293 stare
409 2242 492 2294 malui
522 2243 593 2294 hanc
616 2260 710 2294 vocem

169 2313 278 2362 minime
301 2313 483 2364 necessariam
511 2314 710 2392 ignorantibus.

169 2381 238 2433 Item
254 2382 419 2435 Valckenar.
438 2373 610 2464 ἐνηβητήρια
631 2385 712 2434 inter-

169 2457 343 2530 prelatum,
346 2453 417 2532 ,lpca
445 2469 518 2516 προς
542 2447 640 2504 ἄνεσιν
664 2447 711 2503 καλ

168 2491 343 2572 ἀπόλαυσιν
345 2509 377 2572 εὖ
397 2517 577 2588 nepvuo'rnf‘
602 2525 638 2574 H.
657 2525 712 2574 Vd-

761 1551 830 1596 nott.
849 1547 885 1598 Et
899 1546 1055 1612 obloquitur
1070 1559 1177 1610 quoque
1188 1541 1301 1607 Geialer,

762 1633 840 1684 quem
858 1617 896 1668 ibi
913 1618 966 1667 iam
984 1615 1133 1678 attulimus,
1151 1631 1213 1682 pag.
1232 1614 1276 1665 27.

914 1805 981 1856 Cur.
1001 1803 1147 1855 CXXXIV.

796 1903 902 1962 πολλὸν
930 1900 1035 1958 ἐλάσσω
1063 1905 1115 1958 τοῦ
1137 1899 1257 1973 πατρὸς]
1281 1907 1300 1959 i.

761 1999 785 2034 e.
803 1984 876 2032 υιιιΙιο
900 1984 1015 2032 minorem
1037 1978 1169 2044 pyramide
1187 1996 1204 2028 u
1225 1987 1302 2042 patre

761 2050 895 2117 (Oheope)
908 2057 1048 2100 exstructa.
1073 2049 1115 2098 De
1129 2047 1180 2098 hoc
1196 2047 1302 2098 dicendi

761 2137 860 2186 genere
888 2125 994 2184 practer
1023 2117 1156 2168 Matthiae
1180 2119 1226 2167 Gr.
1254 2119 1301 2170 Gr.

762 2191 786 2254 5.
807 2193 859 2242 454
876 2189 949 2240 conl.
975 2204 1044 2254 quae
1066 2185 1162 2238 attulit
1183 2185 1302 2239 Ullriclr:

761 2261 928 2324 Beitritgen.
944 2257 1117 2324 Thucydides
1129 2256 1166 2306 Il
1181 2273 1243 2322 pag.
1260 2259 1302 2312 15.

763 2333 828 2382 Mox
846 2330 973 2380 revocavi
992 2345 1006 2379 e
1023 2327 1160 2394 plerisque
1170 2327 1248 2378 codd.
1265 2324 1303 2378 εί-

764 2413 827 2450 κοσι
851 2415 899 2464 pro
921 2389 1037 2460 ἐείκοσι,
1067 2397 1139 2463 quod
1164 2397 1302 2450 Gaisiord.

764 2471 888 2532 dederat;
908 2467 1072 2532 ο1.ΙΙ,.Ι2Ι
1092 2467 1152 2518 init.

798 2555 888 2607 risone
911 2552 1012 2605 ποδῶν
1032 2552 1228 2604 καταδέουσαν
1250 2551 1305 2604 κιό-

168 2591 251 2642 leeius
282 2593 404 2657 exponit.
440 2609 544 2644 amoeno
571 2595 712 2645 diversorio

170 2670 336 2712 cirecestrae.
377 2662 553 2714 Grammatici
576 2663 712 2728 explicant

170 2721 391 2794 ἐνευωχητήριας
414 2733 470 2782 vid.
491 2733 580 2784 Gloss.
599 2733 711 2795 Herod„

171 2799 286 2862 Suidaa,
307 2801 427 2850 Zonaras
452 2818 475 2852 s.
495 2819 521 2852 v.
547 2800 608 2852 coll.
627 2803 709 2868 Greg.

171 2836 293 2918 Corinth.
318 2869 351 2920 dc
376 2867 440 2919 dial.
461 2871 521 2920 lon.
541 2873 566 2932 5.
587 2869 631 2922 65.
651 2871 710 2922 130.

171 2936 275 2990 delion.
300 2938 334 2988 N.
357 2939 391 2988 A.
411 2939 460 3002 XI,
480 2939 522 3000 10,
545 2939 592 2988 ubi
609 2939 712 2990 Jacobs

171 3005 239 3054 elios
254 3021 362 3071 quoque
379 3006 453 3058 locos
466 3007 567 3058 attulit.
605 3009 712 3060 Wesse-

171 3074 272 3140 lingine
286 3092 345 3126 cum
357 3075 431 3126 hisce
447 3077 588 3128 contendit
604 3081 659 3128 loca
672 3095 712 3130 υο-

171 3147 297 3208 Ιυρεατία,
318 3161 386 3211 quae
408 3146 479 3210 apud
498 3145 609 3198 Sallust.
630 3147 712 3200 Catil.

173 3216 202 3265 ll
223 3215 412 3278 inveniuntur,
435 3216 525 3267 Plaut.
548 3217 633 3269 Poen.
657 3218 713 3282 ΙΙΙ,

171 3285 197 3348 2,
215 3285 257 3348 25,
275 3283 340 3335 alia.

205 3379 238 3435 αλ
254 3378 354 3444 νύκτες
377 3377 478 3452 ἡμέραι
496 3379 673 3455 ποιεύμεναι]
694 3391 711 3440 i.

171 3473 195 3507 e.
213 3458 313 3522 ηαααιὶο
329 3465 414 3507 noctes
431 3460 456 3507 in
471 3459 525 3508 dier
538 3467 713 3510 eonem-teren-

171 3535 226 3587 tur3
253 3527 301 3576 ubi
329 3531 483 3578 structurae
506 3543 592 3590 genus
622 3530 714 3580 obser·

172 3596 304 3659 randum,
334 3611 387 3661 quo
418 3597 615 3647 nominativum
651 3598 711 3650 loco

171 3667 284 3730 genitivi
301 3666 401 3718 Noster
419 3665 463 3716 hic
479 3667 585 3732 posuit,
603 3682 711 3718 sensnm

171 3737 259 3802 magis
278 3737 426 3801 respiciens
451 3735 564 3786 ethaeo
590 3738 650 3802 ipsa
669 3755 712 3789 eo·
766 3741 841 3791 1817.
860 3755 925 3804 pag.
944 3739 978 3790 50
1002 3753 1060 3801 seq.
1086 3742 1114 3788 et
1135 3737 1305 3788 Becherchos

171 3807 232 3856 dem
250 3821 316 3856 casn
334 3805 570 3868 antecedentibus,
590 3807 625 3857 ad
643 3823 713 3872 quse
764 3811 863 3860 surles
877 3809 1012 3872 ircgmcns
1030 3805 1152 3858 d'Hdron
1166 3823 1230 3873 pag.
1247 3809 1305 3870 184,

171 3877 320 3941 pertinent,
346 3876 507 3936 εδυεοίευτ·
532 3845 604 3928 colii.
624 3877 713 3927 Kneh-
764 3887 821 3930 turn
841 3879 875 3929 ob
897 3877 1012 3928 Diodori
1036 3876 1171 3956 locuml,
1195 3879 1229 3928 64
1248 3845 1306 3938 (ubl

172 3946 275 3997 neriir.
284 3946 330 3996 Gr.
344 3945 370 4007 5.
381 3945 441 4006 678,
459 3949 512 3995 let
524 3945 581 3997 Jnl
592 3946 711 3998 Geialer.
762 3949 893 4014 legimns.
911 3945 962 4025 τῆς
979 3938 1079 4024 μὲν
1048 3961 1101 4026 γαρ
1119 3941 1258 4012 βάσεως
1243 3939 1306 3998 εκά-

172 4015 213 4065 De
232 4015 345 4066 Graece.
369 4016 514 4065 nominatt.
534 4015 664 4066 absolntt.
683 4032 711 4080 p.
764 4031 835 4081 erqo
848 4008 972 4077 πλευραν
982 4027 1159 4079 υπεστησατο
1171 4016 1307 4080 πλέθρων

172 4085 214 4134 2ο.
251 4085 345 4150 Neque
362 4085 416 4135 alio
431 4085 510 4135 niodo
524 4089 713 4136 accusativum
763 4085 862 4151 τριῶν)
883 4091 939 4136 turn
958 4084 993 4136 ob
1011 4087 1204 4147 grammaticas
1222 4087 1306 4137 ratio-

171 4151 294 4202 κοῖλον·
287 4169 316 4203 rn
339 4169 397 4218 aeq.
421 4169 483 4218 cap.
512 4154 712 4219 explicaverim,
764 4171 826 4217 nes,
859 4170 929 4220 quae
954 4152 1062 4204 minime
1084 4171 1143 4205 eam
1165 4159 1307 4219 patientur

172 4221 208 4270 ad
237 4237 315 4286 quern
342 4223 476 4273 Matthiae
505 4224 626 4288 suppleri
654 4223 713 4274 vult
765 4225 885 4304 ellipsin.
919 4242 936 4274 ιι
965 4219 1066 4273 ποδῶν
1100 4221 1305 4306 καταδέουσαν,

171 4282 302 4354 ἔχουσαν,
320 4292 405 4355 ntll,
422 4292 466 4356 41,
484 4293 638 4343 ubitamen
655 4293 712 4344 rid.
764 4285 1307 4359 ὧςμὴελναιτριύνκλέθρωνκατα

764 2627 814 2677 λον
824 2622 942 2677 ἕκαστον
954 2621 1041 2688 τριῶν
1052 2621 1194 2690 πλέθρων]
1205 2623 1304 2675 Deleri

763 2713 823 2747 cum
843 2694 994 2759 Schweigh.
1016 2709 1121 2744 comma
1138 2699 1201 2758 post
1218 2707 1303 2742 κατα-

763 2765 899 2828 δέουσαν,
920 2763 1010 2815 necin
1027 2763 1137 2828 reliquis
1156 2764 1303 2827 quidquam

763 2835 921 2885 mutandum
951 2833 1059 2893 censui,
1089 2847 1150 2882 cum
1177 2832 1221 2881 hic
1247 2831 1303 2880 fere

761 2904 816 2955 loci
833 2905 959 2954 rideatur
974 2915 1034 2952 esse
1052 2915 1161 2951 sensus:
1182 2902 1305 2964 ,reliquit

762 2979 835 3025 etiam
854 2969 1035 3038 (Mycerinus)
1054 2971 1210 3035 pyramidem
1230 2971 1304 3018 multo

763 3048 878 3095 minorem
900 3058 945 3104 eo,
975 3057 1048 3106 quom
1071 3047 1149 3104 pater·
1171 3039 1302 3103 (Oheops;

763 3113 820 3164 vid.
836 3112 875 3173 ΙΙ,
896 3111 945 3162 124
963 3109 1051 3176 seqq.)
1069 3115 1246 3172 enslruoeerut,
1264 3110 1305 3158 cui

762 3183 848 3248 eiplutr'
857 3182 935 3244 pedes
948 3183 973 3229 in
985 3195 1081 3245 quoque
1092 3182 1175 3230 iacere
1186 3180 1303 3242 deuant,

764 3268 812 3319 quo
826 3254 904 3301 minas
923 3249 1059 3314 (qnodque
1077 3248 1161 3314 latus)
1180 3256 1304 3300 trecentos

761 3322 840 3386 pedes
850 3321 1017 3372 continrrcl.“
1053 3320 1110 3370 Neo
1119 3319 1200 3370 aliter
1215 3319 1304 3370 locum

764 3391 899 3442 intellexit
922 3391 1014 3454 Zoega
1031 3389 1066 3440 ds
1090 3388 1218 3440 obelisco.
1237 3403 1302 3454 pag.

763 3461 815 3515 389
830 3467 887 3512 not.
903 3461 945 3520 22,
964 3459 1011 3508 ubi
1029 3459 1070 3509 sic
1089 3459 1219 3508 reddidit:
1245 3473 1305 3522 ραυ-

762 3538 800 3583 υἰε
817 3534 900 3582 lutere
916 3531 1003 3594 oipinti
1018 3529 1125 3592 nedibus
1140 3536 1306 3579 trecentorum

761 3602 852 3665 pedam
866 3615 983 3650 mensura
994 3599 1138 3650 breuiorem.
1175 3597 1306 3663 Obloqni·

764 3678 808 3721 tur
826 3671 963 3720 Letronne
983 3669 1012 3718 in
1032 3669 1149 3719 Journal
1172 3668 1220 3717 des
1238 3670 1302 3720 Sar.
