3064 4940
621 312 747 376 GLIO.
770 315 794 373 I.
816 325 860 378 56.

194 953 272 1040 ,τοὺς
290 949 327 1010 dv
339 951 482 1044 Ἑλλήνων
501 955 714 1020 δυνατωτάτους

170 1020 271 1088 ἔοντας
289 1044 496 1095 προσκτήσαιτο
516 1031 630 1098 φίλους]
649 1033 715 1083 Par·

170 1100 282 1152 ticulam
298 1091 349 1163 dv,
369 1102 397 1150 in
416 1117 469 1152 nno
489 1102 557 1152 libro
576 1105 713 1166 omissam,

171 1172 234 1221 eiici
255 1171 314 1221 vult
338 1171 452 1222 Werfer.
478 1173 506 1221 in
531 1175 605 1224 Actt.
636 1173 712 1238 phill.

170 1242 295 1292 Monacc.
314 1241 338 1292 1.
357 1257 383 1306 p.
406 1243 466 1304 257,
490 1258 550 1292 curn
575 1243 713 1308 nequead

170 1301 269 1368 ἐόντας
288 1327 373 1376 neque
384 1313 419 1362 ad
433 1304 641 1376 προσκτήσαιτο
653 1329 713 1378 par-

169 1381 255 1430 ticula
271 1381 413 1446 potentiali
431 1382 467 1430 sit
480 1397 557 1447 opus.
586 1383 639 1433 Sed
656 1383 713 1433 iure

169 1451 332 1516 particulam
352 1453 470 1502 retinent
490 1452 586 1518 reliqui
605 1453 666 1502 libri
685 1460 713 1503 ot

170 1521 267 1585 scripti
283 1526 310 1570 et
329 1522 403 1573 editi.
455 1541 457 1545 ’

205 1585 340 1654 ἱστορέων
358 1587 389 1641 di
411 1577 521 1654 edernae
540 1588 712 1656 Λακεδαιμο-

170 1658 252 1717 νίους
270 1675 294 1709 κ.
313 1675 336 1710 τ,
355 1659 391 1726 1.]
411 1661 539 1725 Sequitur
549 1661 593 1710 hic
607 1661 713 1725 longior

170 1730 318 1794 digressio,
349 1747 402 1780 nou
423 1730 471 1780 illa
493 1729 600 1795 quidem
625 1723 714 1779 triens

170 1801 206 1849 ab
217 1799 335 1849 universi
347 1801 435 1865 operis
446 1800 570 1862 consilio,
584 1800 631 1849 sed
645 1799 713 1848 alius

170 1871 228 1920 fere
245 1870 349 1934 generis
369 1875 451 1934 atque
470 1885 515 1932 eu,
538 1884 618 1933 quam
633 1883 715 1933 supra

171 1942 194 2000 1,
214 1939 248 1989 23
268 1955 342 2005 seqq.
362 1939 514 1990 narrationi
531 1939 631 1989 Noster
647 1939 716 1988 inse-

170 2015 270 2060 ruerat.
302 2009 368 2060 Cum
388 2011 458 2060 enim
473 2008 524 2058 hoc
542 2009 594 2058 sibi
607 2009 715 2058 omniuo

169 2079 339 2145 propositam
350 2079 460 2141 babeat,
474 2085 505 2128 ut
515 2079 659 2128 Persarum
673 2093 715 2127 res

170 2164 282 2200 eversas
310 2149 482 2214 Graecosque
511 2149 585 2212 ipsos
612 2163 715 2198 stimma

170 2235 231 2270 curm
252 2219 332 2268 laude
349 2220 378 2268 in
389 2220 543 2269 libertatem
561 2219 715 2269 vindicatos

170 2289 312 2351 ostendat,
336 2303 511 2354 quaecunque
536 2289 591 2338 alia
612 2287 662 2338 lroc
687 2289 715 2336 iu

170 2375 253 2424 opere
271 2365 430 2422 narrantur,
450 2375 482 2409 ea
501 2359 570 2409 hunc
587 2374 667 2409 urnam
681 2359 714 2408 ob

170 2445 282 2480 causam
295 2431 400 2479 narrari
413 2429 551 2490 videntur,
565 2429 637 2494 quod
651 2429 716 2478 scri-

172 2500 258 2565 ptoris
284 2499 426 2549 consilium
450 2499 582 2549 adiuvant
610 2498 715 2548 melius·

172 2585 225 2635 que
241 2567 390 2620 declarant.
428 2571 499 2619 Hinc
519 2569 561 2618 vel
578 2585 624 2628 ca,
646 2583 716 2634 quae

172 2640 209 2689 ad
224 2639 443 2704 antiquissimum
456 2639 586 2690 Graeciae
604 2643 713 2697 statum,

172 2709 447 2760 Lacedaemoniorum
468 2713 549 2773 atque
572 2707 715 2759 Athenian-

173 2781 252 2840 sium,
273 2793 341 2844 quae
355 2779 490 2844 principes
502 2779 558 2828 lere
573 2783 637 2828 tuuc
649 2783 715 2826 tem·

172 2849 246 2914 poris
264 2849 291 2896 in
310 2849 425 2899 Graecia
449 2848 558 2898 luerunt
576 2849 712 2905 civitates,

172 2919 393 2983 cognoscendum
415 2917 521 2980 valent,
546 2918 584 2968 ita
603 2933 714 2967 narran-

171 2995 231 3049 tur,
258 2993 288 3036 ut
306 3003 361 3037 non
379 2989 411 3037 de
431 2988 578 3049 industria,
602 2988 650 3037 sed
669 2987 714 3036 ob-

171 3059 231 3108 lata
250 3059 405 3119 occasione,
422 3057 468 3107 ubi
486 3057 540 3107 tale
558 3057 622 3122 quid
637 3058 714 3106 omit-

173 3127 318 3178 tereneias
337 3127 422 3176 videri
441 3133 534 3190 queat,
554 3127 713 3177 referantur.

172 3199 267 3262 Neque
281 3198 376 3258 etiam,
396 3211 465 3261 quae
482 3198 622 3261 utriusque
635 3197 715 3246 huius

173 3267 295 3319 civitatis
323 3266 405 3316 luerit
428 3266 548 3315 conditio
569 3282 655 3330 usque
682 3266 716 3314 ad

173 3338 284 3387 Persica
305 3335 389 3396 bella,
415 3336 543 3384 continuo
561 3333 605 3384 hic
624 3334 717 3383 adiici·

175 3413 233 3468 tur,
259 3407 383 3456 nimirum
407 3409 469 3467 post
493 3404 519 3465 I,
539 3403 586 3465 ou,
613 3403 659 3452 ubi
682 3403 717 3452 ad

174 3475 330 3542 primarium
347 3473 513 3525 narrationis
531 3476 717 3537 argumentum

174 3563 190 3595 a
222 3545 389 3611 digressione
418 3541 488 3592 redit
525 3547 635 3603 auctor,
672 3540 718 3590 sed

174 3615 259 3666 multo
283 3616 367 3676 inira,
399 3613 633 3678 alia-opportuna
657 3625 718 3660 uar-

174 3685 253 3736 randi
271 3686 414 3736 occasione
435 3682 528 3733 oblata
551 3684 584 3746 V,
603 3681 716 3732 :ts-55.

174 3757 216 3805 De
238 3755 335 3823 quibus
360 3753 572 3819 digressionibus
592 3752 715 3803 Creuzer.

175 3825 243 3874 dixit
267 3826 294 3873 in
317 3824 400 3873 libro:
435 3823 486 3873 Die
510 3823 603 3872 histor.
629 3822 718 3871 Kunst

175 3895 222 3944 der
245 3893 351 3944 Griecb.
377 3909 403 3957 p.
428 3893 477 3942 142
501 3909 574 3958 seqq.
599 3890 649 3942 273
673 3891 715 3940 ed.

176 3981 215 4030 pr.
238 3980 262 4028 p.
284 3963 331 4014 111
352 3961 379 4012 ff.
400 3963 450 4011 ²12
468 3962 509 4011 ed.
530 3977 583 4012 sec.

212 4035 354 4092 Caeterum
369 4032 548 4096 praetermitti
564 4047 616 4080 uon
629 4030 718 4090 debet,

177 4104 260 4154 verba
275 4101 366 4151 Nostri
380 4096 468 4148 ταῦτα
480 4093 532 4164 γὰρ
545 4087 582 4164 ἦν
600 4093 633 4148 τὰ
648 4113 717 4164 προ-

177 4165 327 4236 κεκριμένα
344 4160 426 4219 idaea
447 4170 587 4234 usquead
607 4185 665 4234 cap.
685 4168 718 4218 us

178 4243 237 4293 init.
258 4239 347 4290 omnia
365 4237 511 4289 desiderari
534 4241 561 4288 in
581 4237 720 4289 Sancrotti

177 4313 247 4362 libro
269 4313 296 4358 et
320 4309 346 4356 in
366 4307 427 4356 aliis
450 4309 625 4373 quibusdam,
649 4307 720 4356 unde

178 4383 246 4430 baec
265 4379 356 4427 omnia
373 4392 427 4426 non
444 4378 478 4428 ab
487 4378 621 4428 Herodoti
640 4391 721 4426 manu

222 4479 388 4522 HERODO'P.
414 4479 435 4518 1.

1249 315 1307 377 113

1131 482 1242 510 tter

170 488 229 571 τῆς
244 481 356 572 ἀρχῆς.
398 482 669 556 Maritimam
691 485 862 576 ἐφρόντιζε
884 490 1060 577 ἱστορέων,
1082 515 1159 567 τους
1176 515 1219 556 αν
1241 497 1305 558 Εἱ-

171 585 285 674 λήνων
310 587 563 666 δυνατωτάτους
587 586 700 670 ἐόντας
721 593 960 680 προσκτήσαιτο
987 599 1117 678 φίὶους.
1148 596 1307 681 ἱστορέων

172 690 209 758 dl
231 687 365 779 εὕρισκε
387 698 673 780 Λακεδαιμονίους
693 697 746 764 καὶ
774 692 971 784 Ἀθηναίους
991 699 1207 783 προέχοντας,
1230 693 1308 776 τούς

126 810 163 864 κδ
179 794 242 882 μὲν
257 799 317 875 τοῦ
329 800 489 884 Δωρικοῦ
510 800 640 882 γένεος,
660 796 737 877 τοὺς
751 799 787 866 δὲ
809 803 868 868 τοῦ
883 795 1041 867 Ἰωνικοῦ.
1071 805 1175 868 ταῦτα
1188 791 1309 888 γὰρῆν

765 965 899 1028 profecta,
926 965 973 1014 sed
992 980 1008 1014 a
1027 963 1145 1016 librariis
1167 966 1305 1031 adscripta

766 1049 825 1083 esse
855 1049 993 1099 perperam
1025 1035 1147 1085 nonnulli
1181 1036 1307 1085 arbitrati

766 1109 838 1154 sunt.
875 1104 928 1154 Sed
950 1104 1005 1153 alia
1023 1109 1053 1153 ut
1070 1111 1177 1154 taceam
1195 1107 1228 1155 ab
1244 1107 1305 1156 aliis

766 1174 866 1224 dudum
897 1173 1017 1238 prolata,
1045 1174 1152 1223 videtur
1177 1175 1247 1224 bunc
1271 1176 1308 1225 lo-

765 1260 826 1294 cum
837 1244 864 1292 iu
883 1259 931 1292 suro
951 1242 1105 1292 Herodotco
1122 1244 1191 1292 libro
1209 1236 1321 1308 legisse

764 1313 893 1364 Aristidis
918 1312 1079 1376 scholiasta,
1108 1329 1124 1362 a
1147 1313 1308 1364 Frommelio

766 1384 923 1450 evulgatus,
941 1397 1004 1448 pag.
1024 1382 1065 1433 33.
1096 1384 1139 1432 De
1156 1383 1309 1432 huiusmodi

765 1454 870 1504 lacunis
889 1454 918 1501 iu
936 1452 1069 1502 Herodoti
1088 1452 1168 1503 codd.
1189 1453 1224 1504 ci.
1246 1453 1309 1502 Bre-

765 1525 826 1574 dov.
847 1539 874 1587 p.
896 1521 927 1572 13
945 1537 1021 1587 seqq.
1040 1553 1075 1562 -
1094 1523 1147 1584 „In
1165 1538 1239 1588 seqq.
1260 1537 1309 1586 pro

765 1585 847 1643 ἐόντα
858 1592 1000 1644 Dobraeus
1014 1593 1132 1642 coniecit
1142 1588 1239 1656 ἔθνεα,
1253 1607 1308 1642 non

764 1662 931 1727 improbante
955 1665 1090 1722 Perseum
1123 1662 1177 1712 vid.
1209 1663 1307 1712 Tracta

765 1748 827 1798 pag.
855 1731 935 1782 260.“
965 1734 1012 1782 Gr.
1057 1731 1111 1782 Sed
1134 1733 1308 1797 refragantur

767 1801 905 1850 codices·

801 1867 889 1918 ταῦτα
912 1860 964 1932 γὰρ
989 1854 1026 1930 ήν
1043 1859 1077 1915 τὰ
1100 1863 1321 1932 προκεκριμένα

766 1930 848 1988 ἐόντα
866 1930 897 1986 τὸ
916 1929 1036 2001 ἀρχαῖον
1046 1952 1071 1984 κ.
1083 1951 1106 1985 τ.
1120 1934 1156 2001 t]
1169 1938 1188 1986 i.
1199 1952 1221 1985 e.
1242 1937 1309 1998 „tac

766 2011 828 2058 enda
843 2015 932 2072 pentes
949 2009 1083 2071 antiquitus
1092 2007 1248 2070 praecipuae
1264 2005 1309 2054 Ιιυ-

766 2073 914 2136 bebaatur,'
935 2077 1018 2126 atera
1048 2076 1194 2140 Peraspsca,
1226 2077 1309 2126 ultera

767 2145 929 2199 Helleuica.“
967 2145 1022 2195 Ubi
1048 2161 1062 2194 e
1082 2161 1157 2211 seqq.
1182 2145 1309 2212 intelligi-

766 2222 823 2280 tur,
840 2209 872 2265 τό
890 2209 942 2280 μὲν
960 2215 1093 2279 pertinere
1112 2216 1146 2265 ad
1164 2215 1309 2266 Athenien-

766 2303 822 2350 ses,
854 2301 921 2351 quos
946 2283 1105 2351 Pelasgicsc
1133 2287 1225 2351 stirpis
1248 2301 1308 2336 esse

766 2359 885 2408 auctoris
908 2355 961 2405 tert
984 2357 1132 2419 sententia,
1160 2353 1191 2405 τὸ
1217 2351 1248 2405 di
1274 2357 1308 2406 ad

766 2427 1009 2488 Lacedaemonios,
1034 2427 1093 2491 qui,
1112 2441 1172 2476 curm
1190 2427 1308 2476 Doricae

765 2499 820 2546 sint
844 2497 949 2561 stirpis,
974 2497 1011 2546 ad
1028 2495 1196 2546 Hellenicum
1223 2511 1308 2560 genus

767 2567 911 2633 pertinent.
949 2565 1029 2616 lllam
1053 2571 1158 2631 gentem
1176 2563 1308 2630 (Pelasgi-

767 2635 841 2700 cam)
860 2638 985 2700 nuspiam
1005 2637 1197 2701 commigrasse
1214 2636 1307 2696 relert,

765 2707 880 2757 alteram
900 2721 965 2754 vero
990 2703 1098 2769 (Dares)
1127 2702 1239 2754 multum
1263 2719 1309 2753 va-

766 2783 858 2842 gatam
881 2789 949 2825 esse.
999 2775 1050 2823 Est
1078 2775 1146 2824 haec
1176 2775 1309 2825 Herodoti

766 2845 912 2908 sententia,
925 2844 978 2894 nisi
989 2859 1074 2908 prava
1085 2844 1309 2907 interpretatione

767 2917 928 2966 senteutiam
959 2915 1119 2979 detorquere
1147 2918 1203 2978 aut,
1221 2913 1308 2975 ipsum

766 2987 925 3050 scriptorem
948 2985 1047 3034 erroris
1077 2983 1202 3033 incusare
1231 2981 1307 3031 velis.

766 3056 909 3106 Tractavit
937 3054 1016 3104 huius
1047 3052 1146 3117 capitis
1170 3065 1309 3116 argumen-

766 3131 824 3175 tum
843 3131 904 3190 post
922 3124 991 3174 alios
1010 3124 1039 3173 C.
1057 3123 1089 3172 Ο.
1110 3120 1255 3171 Muellerus
1269 3120 1308 3181 (in

767 3197 844 3245 Dorr.
859 3196 881 3245 1.
896 3211 921 3258 p.
933 3195 962 3242 11
975 3191 1074 3257 seqq),
1093 3190 1158 3240 illud
1170 3195 1307 3240 statuens:

767 3279 836 3329 quae
855 3265 899 3313 hic
916 3263 1025 3327 prodita
1043 3262 1180 3326 legantur,
1200 3260 1308 3310 minima

768 3349 800 3383 ex
818 3333 939 3396 antiquis
962 3332 1083 3381 tontibus
1105 3345 1138 3378 ac
1156 3330 1309 3380 traditioni-

768 3404 819 3452 bus
837 3401 960 3462 fluxisse,
980 3415 1074 3448 verum
1101 3415 1134 3448 ex
1152 3400 1238 3463 ipsius
1256 3399 1309 3447 He·
1400 3415 1401 3418 ¹

769 3470 858 3520 rodoti
878 3469 968 3518 studio
988 3468 1179 3532 cogitandique
1203 3467 1309 3515 ratione

769 3541 840 3589 bunc
853 3539 881 3587 in
900 3537 1007 3586 medum
1028 3535 1119 3602 prodi3
1147 3537 1245 3599 quippe
1263 3535 1310 3598 qui

769 3609 885 3673 scriptor
907 3608 946 3656 sic
971 3606 1028 3655 iere
1050 3605 1141 3652 varias
1164 3603 1310 3668 antiquita-

768 3681 803 3728 tis
821 3677 983 3728 traditiones
1001 3689 1033 3723 ac
1053 3674 1178 3723 notiones
1196 3674 1224 3721 in
1240 3671 1311 3721 ordi-

768 3765 828 3800 nem
841 3748 919 3813 qnasi
936 3745 1056 3810 redigere
1069 3747 1151 3807 atque
1164 3741 1310 3793 conciliare
1394 3787 1396 3792 .

768 3821 837 3870 inter
856 3833 885 3868 se
903 3815 1045 3866 studuerit.
1076 3815 1151 3877 erae
1169 3813 1230 3863 aliis
1242 3813 1311 3864 diiu-

768 3889 885 3940 dicanda
909 3886 1046 3951 reliuquo;
1074 3884 1213 3934 Herodoto
1239 3883 1309 3934 enim

768 3959 863 4010 melius
889 3973 931 4008 ms
953 3957 1002 4006 has
1025 3969 1066 4005 res
1086 3955 1236 4019 perspicere
1263 3953 1310 4003 mi-

769 4031 840 4080 nime
858 4027 981 4094 equidem
1000 4026 1064 4076 mibi
1082 4040 1198 4086 suoram,
1221 4039 1309 4090 neque

768 4101 863 4148 intima
888 4099 945 4148 eius
964 4113 1058 4160 seusa,
1088 4095 1243 4145 reconditas
1266 4109 1310 4144 co·

769 4169 916 4233 gitationes
934 4167 1000 4216 mihi
1017 4167 1088 4215 bunc
1099 4167 1127 4226 in
1144 4165 1250 4214 modum
1262 4178 1309 4228 pa·

770 4243 826 4286 tere
844 4235 981 4286 confiteor.
1020 4235 1079 4297 Qua
1097 4250 1125 4283 re
1142 4250 1196 4283 uou
1212 4233 1311 4282 attinet

770 4307 814 4355 bic
833 4306 922 4355 dicere
940 4305 973 4354 de
995 4305 1041 4364 iis,
1066 4305 1112 4370 qni
1129 4303 1252 4352 Muellcri
1268 4317 1310 4348 rn-

771 4377 871 4425 ticncm
896 4374 1050 4440 plerumque
1078 4373 1166 4423 secuti
1187 4368 1310 4420 Herodo-
1381 4407 1392 4422 .

1079 4455 1098 4515 8
