2980 4932
231 313 271 374 νο
661 265 933 368 nnaouorr

228 482 246 554 ὁ
266 483 396 574 Γύγης,
425 479 507 552 οὐδὲ
527 485 562 550 οἱ
582 471 626 569 ἦν
646 477 821 569 ἀπαλλαγὴ
839 477 998 569 οὐδεμία,
1027 475 1111 548 ἀλλὰ
1130 475 1243 570 edesii
1264 479 1371 552 αὐτὸν

227 587 438 660 ἀπολωλέναι
456 580 477 674 ἦ
494 583 711 672 Κανδαύλεα)
735 589 844 654 εἵπετο
860 581 893 665 ἐς
912 582 972 654 τὸν
983 581 1140 672 θάλαμον
1160 590 1201 674 τῇ
1221 593 1369 673 γυναικί.

227 701 287 764 καί
300 721 359 782 μιν
379 687 510 778 ἐκείνη,
533 685 733 781 ἐγχειρίδιον
747 694 868 776 δοῦσα,
893 687 1118 779 κατακρύπτει
1137 683 1205 760 ὑπὸ
1225 687 1288 779 τὴν
1305 688 1368 759 αύ-

225 796 288 887 τιὴν
304 795 428 888 θύρην.
465 795 521 864 καὶ
532 791 620 882 ,μετὰ
638 800 760 880 ταῦτα,
780 791 1039 883 ἀναπαυομένου
1053 793 1281 880 Κανδαύλεω,
1302 789 1368 864 ἀπ-

228 901 343 982 ειοὸύς
356 927 392 970 τε
408 899 464 968 καὶ
479 894 678 978 ἀποκτείνας
692 895 812 986 αὐτὸν,
836 904 911 986 ἔσχε
928 899 985 967 καὶ
997 895 1059 986 τὴν
1072 913 1218 984 γυναῖκα
1233 900 1289 968 καὶ
1307 896 1371 987 τὴν

261 1097 322 1171 ἔσχε
345 1099 393 1154 καλ
419 1094 474 1184 τάν
497 1104 618 1168 γυναῖκα
646 1095 694 1151 καὶ
720 1091 773 1166 τὴν
825 1099 938 1152 cosmas
957 1098 992 1150 ad
1010 1114 1092 1150 carm.
1106 1100 1218 1168 Gregor.
1235 1100 1369 1153 Naeianr.

226 1121 381 1240 βασιληΐην
404 1173 514 1239 Γύγης]
543 1173 707 1238 Discrepaut
730 1185 772 1234 aa,
824 1171 853 1221 in
871 1169 967 1234 Angel.
991 1170 1057 1220 Mai.
1082 1170 1209 1238 Spicileg.
1229 1172 1306 1222 Rom
1329 1173 1368 1222 ΙΙ.

227 1260 297 1310 quae
321 1243 478 1296 Herodotus
503 1244 625 1293 narravit
649 1257 773 1307 quaeque
824 1257 852 1306 p.
870 1240 922 1292 304
939 1255 997 1305 seq
1034 1239 1077 1290 Ad
1094 1239 1225 1291 historiae
1247 1241 1328 1291 tidem
1345 1243 1370 1291 si

227 1317 362 1381 excerpsit
373 1313 502 1366 Aristidis
516 1313 707 1377 scholiastap.
724 1310 773 1362 138
824 1311 892 1362 haec
916 1325 1046 1362 revocare
1072 1310 1156 1375 velis,
1184 1311 1250 1362 mihi
1275 1313 1370 1376 utique

227 1387 269 1437 ed.
288 1384 433 1436 Frommel.
453 1383 575 1433 nonnihil
600 1383 633 1432 ab
658 1383 772 1442 aliorum
824 1380 957 1431 Herodoti
970 1381 1091 1430 narratio
1104 1380 1283 1446 praeferenda
1297 1381 1370 1432 vide-

226 1457 388 1520 scriptorum
418 1453 584 1502 narratione.
633 1451 771 1502 Plutarch.
824 1455 883 1515 tur,
901 1455 959 1501 tum
977 1451 1050 1516 quod
1067 1451 1236 1502 Herodotum
1249 1449 1370 1518 Lydicae

226 1528 352 1588 Quaestt.
363 1525 476 1576 Graece.
487 1523 571 1588 psol
584 1521 688 1587 Gygam
698 1537 773 1572 exer·
824 1521 943 1587 regionis
968 1525 995 1572 ct
1013 1521 1144 1573 historiae
1163 1522 1272 1574 omniuo
1289 1522 1370 1574 valde

226 1596 296 1646 citus
316 1611 367 1659 ope
382 1609 496 1660 regnum
512 1607 662 1657 occupasse
678 1591 771 1654 tradit,
824 1607 938 1658 gnarum
963 1591 1049 1641 fuisse
1077 1597 1183 1656 putem,
1212 1597 1270 1642 tum
1297 1593 1370 1660 quod

226 1665 298 1730 quod
308 1671 400 1716 utrum
417 1679 449 1714 ex
459 1662 583 1724 Xantho,
603 1677 638 1710 an
657 1661 772 1712 alioali-
824 1661 996 1712 orientalium
1018 1677 1162 1727 regnorum
1187 1663 1368 1713 conditionem

226 1751 279 1799 qno
293 1735 458 1800 Lydicarum
476 1749 565 1784 rerum
583 1733 714 1796 scriptore
726 1730 772 1780 ille
824 1732 1078 1798 conversionesque,
1091 1733 1185 1798 quales
1198 1733 1270 1798 apud
1283 1734 1370 1784 orien-

226 1805 362 1870 hauserit,
382 1805 435 1870 ipsi
452 1803 587 1854 Creancro
605 1801 716 1852 dubium
733 1801 771 1850 vi·
823 1801 893 1852 tales
910 1803 939 1851 in
952 1803 1097 1867 gynaeceis
1110 1803 1193 1867 fiunt,
1212 1804 1369 1868 respicienti

227 1875 305 1926 detur
330 1876 480 1941 (Fragmm.
506 1874 615 1924 historr.
646 1888 673 1937 p.
697 1871 769 1938 204).
822 1871 890 1922 haec
913 1887 994 1938 quam
1023 1873 1140 1925 maxime
1164 1873 1370 1925 accommodate

226 1945 382 1996 Excedam
398 1945 508 1996 Xantho
527 1943 705 2010 probabiliter
724 1942 771 1991 du·
823 1942 997 1993 videbuntur.
1033 1945 1070 1993 st
1093 1960 1158 1994 vero
1183 1945 1219 1994 ed
1236 1945 1369 2010 mytholo-

226 2021 365 2080 ctasuut,
386 2015 508 2080 quaeda
528 2015 605 2079 Gyge
630 2013 665 2062 ad
683 2011 773 2078 Lydo·
823 2014 1245 2079 giamquoqueantiquissimam
1264 2016 1369 2065 fabula-

226 2101 284 2134 rum
305 2101 418 2152 rcgnum
437 2089 530 2135 evecto
556 2083 693 2147 copiosius
711 2097 772 2131 nar·
823 2084 1067 2148 rumquerationes
1081 2099 1115 2134 ea
1130 2087 1279 2152 pertinere,
1299 2101 1369 2150 qnae

226 2159 287 2204 rata
312 2156 445 2206 exstant'
438 2171 466 2204 m
484 2152 591 2203 Nicolai
608 2151 772 2202 Demasceni
823 2153 917 2216 Plato,
931 2153 991 2216 alii,
1011 2153 1044 2204 de
1058 2155 1134 2220 Gyge
1147 2156 1294 2206 memoriae
1308 2171 1370 2220 pro-

226 2226 371 2290 Excerptie
385 2222 594 2289 supra(adcap.
607 2221 770 2287 8)laadatis.
824 2191 962 2286 diderrint,
983 2225 1223 2276 nomenonvidet.
1253 2226 1311 2276 Nec
1328 2231 1369 2275 ta·

226 2295 258 2345 In
278 2295 319 2344 his
339 2295 430 2360 Gyges
449 2299 475 2343 et
492 2294 551 2357 ipss
568 2292 681 2356 Dascyli
698 2291 770 2342 filias
823 2309 884 2342 men
906 2309 994 2343 meum
1017 2309 1078 2344 csse
1096 2295 1163 2345 talia
1182 2295 1318 2360 explicare
1342 2301 1369 2345 et

225 2364 395 2430 perhibetur,
416 2364 461 2428 qui
474 2362 508 2412 ad
518 2361 660 2427 Sadyattis
680 2359 771 2428 (quern
824 2364 859 2413 ad
875 2363 1007 2428 liquidum
1019 2364 1166 2428 perducere
1183 2365 1252 2416 bene
1268 2366 1368 2415 sentio.

225 2433 466 2500 procandaulein
483 2433 524 2482 his
543 2433 687 2498 Excerptis
705 2433 771 2497 poni
822 2433 898 2483 Idem
922 2433 1118 2500 quodammodo
1145 2435 1219 2485 valet
1245 2435 1278 2484 de
1299 2435 1369 2485 Can-

226 2506 281 2554 iam
293 2521 376 2570 supra
394 2502 521 2568 diximus)
535 2501 624 2552 aulam
637 2502 771 2552 adductus
823 2503 915 2566 daule,
941 2506 987 2569 qui
1001 2505 1139 2569 Lydorum
1160 2521 1283 2555 sermone
1300 2507 1369 2555 Her-

225 2575 284 2640 regi
306 2575 374 2624 adeo
394 2579 488 2639 gratus
508 2573 658 2636 exstiterit,
682 2577 713 2622 ut
736 2573 770 2622 ab
822 2573 896 2624 cules
917 2581 971 2638 est,
997 2589 1105 2639 quoque
1129 2575 1192 2626 iude
1211 2575 1246 2625 ad
1265 2576 1368 2625 solares

225 2645 277 2694 hoc
296 2645 331 2694 ad
343 2645 483 2710 Mysorum
501 2657 593 2709 regem
605 2645 769 2705 mitteretur,
822 2645 941 2694 rationes
951 2645 1132 2710 perducimur,
1148 2661 1209 2696 cum
1219 2646 1310 2711 Gyges
1321 2645 1369 2695 ille

226 2715 303 2765 cuius
326 2715 410 2764 filiam
434 2713 560 2779 Sadyatti
578 2729 705 2778 sponsam
731 2713 771 2763 ai·
822 2713 978 2777 fabulosus,
996 2715 1043 2780 qui
1057 2715 1222 2766 Candauiam
1241 2717 1369 2780 opprimit

132 2821 142 2840 .
228 2786 319 2834 ferret.
350 2785 404 2836 Sed
421 2786 526 2834 iuvenis
540 2784 771 2835 eximiaeiormae
822 2783 915 2834 annuli
924 2784 997 2833 illiu
1014 2785 1076 2834 miri
1087 2801 1150 2850 ope,
1163 2801 1218 2835 nou
1232 2785 1368 2835 minusad

229 2860 325 2919 captus
337 2855 445 2919 puellae
460 2870 550 2906 amore
562 2869 621 2905 esur
633 2856 660 2903 in
673 2855 771 2904 itinere
822 2853 1009 2905 huiuscemodi
1030 2855 1151 2905 rationes
1178 2855 1309 2906 coelestes
1328 2861 1369 2905 at-

228 2929 317 2974 tentat
333 2929 529 2990 repugnantem
548 2924 630 2990 idque
648 2929 711 2989 post
725 2924 772 2975 Sa·
823 2939 875 2989 que
885 2926 1073 2991 cosmogonias
1086 2925 1221 2990 pertinere
1233 2925 1367 2987 videatur,

228 2993 317 3059 dyatti
342 2999 526 3058 enarrantem,
558 2996 603 3060 qni
628 2995 772 3045 confestim
823 2995 869 3045 ubi
882 3009 937 3045 non
947 2996 1036 3046 minor
1044 2998 1120 3061 solis,
1137 3011 1216 3061 quam
1230 3011 1312 3062 aquae
1325 3000 1368 3045 est

228 3065 333 3130 Gygcm
351 3063 466 3115 interfici
480 3065 564 3115 iubet.
600 3067 642 3115 De
655 3065 772 3130 qquy-
822 3065 908 3115 locus.
946 3065 1000 3116 Sed
1023 3066 1090 3116 haec
1109 3070 1137 3116 et
1154 3066 1208 3116 alia
1226 3063 1368 3114 adumbra-

228 3149 275 3200 ges
300 3136 399 3185 certior
422 3136 511 3186 iactus
540 3135 646 3202 adagim
675 3133 772 3184 deiude
822 3135 863 3184 vit
878 3135 1004 3186 Creuzer.
1019 3137 1047 3186 in
1059 3136 1151 3200 epistt.
1164 3135 1316 3188 Homerico.
1333 3135 1368 3184 sd

228 3204 360 3256 seditione
375 3211 449 3256 mota
458 3206 618 3272 Sadyattcm
632 3205 772 3256 interiecit
822 3205 971 3256 Hermann.
984 3221 1012 3270 p.
1027 3205 1174 3257 los-106.
1203 3207 1260 3256 Nec
1276 3205 1369 3255 minus
1424 3223 1430 3236 ·

228 3274 373 3341 Lydosque
388 3277 511 3342 quamvis
524 3277 603 3325 initio
615 3276 770 3342 indignatos
823 3275 940 3326 iemiuae
954 3291 1060 3338 nomen,
1075 3291 1157 3341 quam
1171 3276 1279 3326 silentio
1290 3290 1369 3341 prae*

228 3343 360 3411 valdeque
388 3351 536 3396 commotos
565 3345 600 3396 ad
623 3361 686 3396 suas
712 3361 770 3411 per·
822 3347 939 3396 termisit
947 3345 1118 3410 Herodotus,
1134 3345 1169 3396 ad
1181 3343 1289 3396 fabulas
1303 3361 1369 3410 quo-

227 3412 305 3464 duxit
330 3419 421 3480 partes
446 3432 478 3467 ac
502 3415 618 3481 denique
645 3415 770 3480 Delphici
823 3415 966 3468 dammodo
984 3421 1105 3482 spectat,
1124 3415 1148 3465 si
1161 3415 1270 3479 quidem
1285 3415 1369 3481 Nyer'n

227 3483 271 3533 dei
302 3485 378 3536 iussu
404 3501 516 3552 regnum
545 3486 688 3549 assumsit,
722 3486 769 3535 Sa·
822 3501 844 3536 s.
868 3485 955 3550 Nyssa
978 3502 1011 3537 ea
1033 3487 1062 3535 in
1088 3487 1245 3537 memoriam
1267 3501 1369 3536 vocare

227 3553 330 3619 dyattis
349 3571 433 3606 uxore
454 3557 481 3605 in
504 3555 704 3606 matrimonium
722 3555 769 3605 du·
821 3557 922 3620 possit,
946 3571 1016 3621 quae
1035 3553 1117 3620 vulgo
1139 3556 1211 3621 apud
1233 3571 1283 3606 nos
1302 3571 1369 3620 quo-

227 3629 281 3674 cta.
312 3625 423 3676 Fabulis
436 3627 522 3692 magis
538 3625 770 3677 exornataPlato·
821 3641 873 3692 qne
894 3625 1039 3676 traduntur
1063 3625 1097 3676 de
1119 3625 1206 3690 Nyxis
1234 3625 1369 3690 (Wasser-

227 3695 270 3743 nis
294 3701 337 3745 est
358 3698 479 3746 narratio
498 3697 531 3746 dc
555 3697 632 3762 Gyge
656 3695 769 3759 eiusque
821 3695 931 3760 nyxen),
950 3700 998 3745 aut
1016 3695 1087 3761 quod
1102 3696 1173 3761 genii
1190 3695 1309 3760 quidam,
1321 3696 1369 3760 qui

228 3763 327 3814 annulo
346 3765 467 3830 mirifico,
485 3765 518 3815 de
536 3767 575 3816 Re
595 3763 668 3828 publ.
687 3764 724 3826 11,
743 3764 768 3814 3.
821 3770 943 3814 veterum
954 3765 1104 3816 Penatibus
1116 3765 1217 3815 similes
1232 3766 1369 3829 reperiun-

227 3848 290 3898 pag.
316 3834 367 3885 359
390 3851 412 3886 s.
438 3851 501 3902 pag.
524 3835 557 3886 37
580 3835 657 3896 Ast,
690 3847 770 3898 quam
822 3839 879 3896 tur,
896 3835 997 3895 Danis,
1024 3835 1119 3886 Suecia
1148 3835 1368 3900 Normaunisque

226 3907 268 3951 tot
285 3903 412 3970 deinceps
434 3905 618 3966 celebrarunt,
640 3903 770 3953 laudante
822 3903 948 3953 dicuntur
962 3905 1062 3956 Nissen.
1091 3903 1145 3955 seu
1158 3909 1246 3954 totum
1267 3905 1370 3954 adseri

226 3973 305 4024 Astis
329 3975 363 4024 ad
386 3974 411 4024 λι.
433 3974 451 4024 l.
472 3989 530 4038 p.
524 3971 575 4024 393
599 3971 659 4022 οολλ.
682 3975 771 4023 Xeno·
821 3973 883 4023 bam
906 3972 996 4025 locum
1020 3974 1247 4040 Hephaestionis,
1278 3973 1368 4040 qualis

226 4043 482 4110 phontcyropacd.
496 4042 597 4104 V11,2,
612 4044 654 4104 λλ,
673 4041 769 4106 quibus
821 4042 946 4110 legitur'
939 4059 967 4092 ιιι
982 4044 1080 4095 Photio
1100 4044 1141 4094 ed.
1155 4045 1232 4095 Imm.
1247 4043 1367 4094 Bclrlrer.

226 4113 275 4162 (ἰ·.
294 4113 371 4162 addit
390 4113 480 4163 Nonni
504 4115 606 4160 narrat.
626 4111 654 4160 in
672 4111 766 4162 Oreus.
820 4127 847 4196 p.
869 4113 933 4164 159.
962 4103 1060 4178 „cieri
1086 4105 1259 4163 Kasrluc'lov
1268 4104 1366 4196 γονὴ,

225 4181 330 4233 Melett.
351 4183 374 4232 1.
390 4197 417 4244 p.
431 4182 504 4230 720.
523 4185 581 4232 not
596 4179 639 4242 28,
656 4186 684 4230 et
700 4197 768 4246 quae
821 4171 858 4247 ris
879 4150 1036 4247 Ηούάοτος
1064 4174 1099 4232 ού
1127 4182 1199 4247 λέγει
1228 4171 1366 4247 τοῦνομα,

225 4249 352 4318 legrmtur
365 4250 505 4312 disputata
516 4249 766 4315 rnMenagranrsII
820 4251 852 4301 N
856 4251 935 4302 υσία
955 4249 1002 4316 (ολ.
1015 4251 1155 4305 Μασίαλι
1172 4251 1203 4318 Ι.)
1223 4243 1367 4301 ἐκαλεῖτο·

224 4336 251 4384 p.
270 4320 322 4370 299
341 4319 374 4368 de
386 4318 477 4383 Gyge
498 4320 544 4384 qui
561 4321 664 4385 primus
683 4325 767 4371 artem
819 4311 857 4386 ἣν
874 4317 922 4370 καλ
942 4317 1125 4402 discessisset
1144 4312 1370 4384 ὀξαωπεοτάτην

225 4390 340 4437 feminas
362 4388 501 4438 castrandi
518 4390 660 4441 invenerit.
697 4391 766 4442 Add.
819 4386 889 4454 φασλ
917 4387 1064 4456 γενέσθαι,
1093 4383 1145 4440 τὸν
1174 4387 1371 4455 δρακοντίτην
