3088 4944
606 279 736 343 OLIO.
759 279 786 342 1.
810 289 871 345 165.
1243 277 1306 340 323

168 455 206 525 δὲ
221 451 307 524 ἄλλα
321 451 430 522 πάντα
442 454 614 538 ἐσθέντες,
628 455 683 524 καὶ
697 450 793 523 αὐτοὶ
809 451 983 542 ἐσβάντες,
998 457 1120 524 έπλεον
1138 453 1194 524 ἐπὶ
1207 459 1304 522 Χίον.

168 556 231 646 τὴν
254 557 291 626 dt
312 560 473 643 Φωκαίην
498 551 733 645 ἐρημωθεῖσαν
750 553 887 646 ἀνδρῶν
908 561 1007 646 ἔσχον
1026 559 1062 626 ολ
1077 558 1218 648 Πέρσαι.
1261 559 1374 626 01165

169 661 357 744 Φωκαιέες,
372 660 448 728 έπεί
459 684 495 728 τε
508 679 570 746 σφι
585 667 662 730 Χλοι
679 658 737 740 τὰς
758 659 882 748 νήσους
904 657 963 740 τὰς
980 660 1170 742 Οἰνούσσας
1184 668 1303 730 καλεο-

169 765 271 852 μένας
293 759 355 832 οὐκ
374 757 555 850 ἐβούλοντο
578 759 795 852 ὠνεομένοισι
811 765 970 848 πωλέειν,
994 768 1240 853 δειμαίνοντες,
1259 761 1304 854 μὴ

169 872 208 936 αἱ
218 866 280 955 μὲν
294 861 455 956 ἐμπόριον
465 867 647 953 γένωνται,
665 861 687 955 ἡ
702 866 740 936 rt
753 862 867 936 αὐτῶν
883 871 984 955 νῆσος
996 862 1210 959 ἀποκληισθῇ
1224 866 1303 938 τού-

168 998 229 1040 τον
254 975 383 1055 εἵνεκα,
410 966 493 1058 πρὸς
514 973 618 1038 ταῦτα
643 973 679 1040 οἱ
695 970 866 1048 Φωκαιέες
887 965 1080 1040 ἐστέλλοντο
1102 966 1135 1050 ἐς
1156 969 1304 1061 Κύρνον.

171 1071 209 1143 ἐν
226 1070 292 1164 γὰρ
314 1078 355 1163 τῇ
375 1071 503 1166 Κύρνῳ
527 1082 632 1142 εἴκοσι
653 1079 742 1144 ἔτεσι
764 1071 929 1162 πρότερον
948 1071 1077 1142 τούτων
1102 1069 1139 1144 ἐκ
1159 1084 1305 1165 θεοπρο-

168 1183 250 1248 πέον
263 1173 489 1265 ἄνεστησαπο
503 1175 618 1262 πόλιν,
635 1182 675 1267 τῇ
690 1173 818 1265 οὔνομα
838 1166 1037 1266 ἦνἈλαλίη.
1062 1172 1308 1266 Ἀργανθώνιος

168 1343 203 1396 99
213 1343 286 1412 seq.)
297 1348 325 1394 et
334 1343 461 1395 Welclrer
471 1342 555 1410 (Hsll.
566 1344 634 1396 Litt.
643 1346 712 1397 Zeit.
726 1347 727 1355 ’
763 1343 856 1409 ibique
861 1342 1009 1406 Weseium,
1017 1346 1044 1394 et
1049 1343 1189 1411 Forbiger.
1196 1343 1307 1396 chdb.

171 1413 246 1466 1836.
267 1413 366 1466 Octob.
392 1429 433 1466 nr.
456 1413 513 1466 170.
537 1429 563 1480 p.
591 1415 651 1482 175)
680 1415 714 1468 de
764 1413 790 1470 d.
810 1413 858 1468 slt.
879 1411 980 1479 Geogr.
1000 1413 1039 1466 11.
1059 1429 1085 1480 p.
1103 1413 1164 1468 197.
1200 1416 1243 1466 De
1261 1429 1309 1465 nu·

169 1483 282 1549 picturis
301 1482 446 1534 mobilibus
464 1499 487 1534 s.
505 1484 539 1535 de
554 1483 657 1536 tabulis
674 1487 714 1551 pi·
763 1499 836 1534 mero
860 1481 1011 1534 insularum
1034 1483 1217 1550 disceptatur,
1247 1499 1308 1535 cnm

169 1555 220 1604 ctis
238 1553 350 1620 ligneis,
369 1554 464 1619 quales
482 1554 510 1604 in
526 1554 635 1620 templis
651 1555 714 1606 deo·
764 1553 837 1619 spud
858 1551 1026 1619 Stephanum
1045 1554 1113 1619 Byr.
1138 1571 1171 1606 ec
1190 1554 1309 1606 Plinium

168 1639 227 1674 rum
249 1625 277 1674 in
300 1623 431 1676 honorem
454 1637 604 1689 suspensae
627 1641 713 1692 seque
763 1638 818 1674 nne
835 1627 943 1674 tentum
958 1621 1038 1674 buius
1056 1624 1173 1676 nominis
1192 1621 1308 1690 sppelle-

169 1699 252 1759 etque
269 1694 323 1746 slis
343 1693 457 1744 dennis
475 1695 653 1760 reperiantur,
668 1711 713 1746 co·
763 1698 808 1744 tur
826 1691 926 1744 insule
964 1691 1019 1744 Sed
1045 1694 1210 1746 recentiores
1231 1694 1308 1760 qnin-

169 1764 257 1830 gitere
274 1763 388 1814 mdunt.
411 1762 480 1814 Mihi
498 1765 587 1830 potior
604 1765 713 1816 videtur
764 1778 816 1829 quc
833 1761 895 1814 illes
914 1775 1026 1814 numero
1045 1777 1104 1814 esse
1119 1769 1241 1828 urrant,
1258 1778 1308 1814 ne-

168 1833 309 1884 Letronuii
330 1835 482 1896 sententis,
500 1839 557 1884 tum
573 1835 607 1886 ob
627 1836 712 1887 verbe
763 1832 922 1899 vigentibus
931 1831 1050 1898 emplum
1061 1837 1169 1900 portum
1178 1832 1308 1900 praeben·

167 1904 288 1968 proxime
306 1903 496 1954 antecedentis
515 1895 618 1970 χαλκὸς
636 1895 655 1970 ἢ
672 1903 712 1954 λέ·
763 1908 819 1966 tes,
849 1901 956 1954 nomine
981 1899 1156 1966 Spemadori.
1178 1933 1214 1944 -
1243 1902 1308 1954 Mox

168 1971 233 2036 θος,
242 1973 339 2039 quibus
350 1973 522 2039 potissimum
532 1974 678 2027 simulacre
687 1989 710 2025 s.
762 1972 884 2038 plerique
894 1970 958 2022 libri
971 1975 1058 2023 recte:
1073 1963 1235 2038 ἐβούλοντο,
1246 1987 1307 2023 cnm

168 2042 432 2094 donerieeeneevel
449 2043 711 2112 mormoreesignifi-
763 2041 827 2093 olim
912 2057 928 2092 ο
946 2046 1018 2092 esset
1036 2041 1138 2094 editum
1158 2032 1305 2109 έβοόλενν-

169 2112 227 2163 curi
250 2113 377 2164 videntur
394 2113 423 2164 in
447 2113 556 2180 templis
575 2115 711 2166 collocete
762 2126 803 2162 το.
821 2141 857 2152 -
873 2107 1058 2174 ωνεομένοιαι
1078 2115 1109 2162 tu
1126 2115 1216 2163 verte:
1233 2119 1308 2162 emne-
1333 2155 1335 2160 .

169 2181 354 2247 parietibusve
374 2181 457 2234 infixe
483 2183 600 2250 indeque
621 2186 710 2236 minus
763 2180 896 2244 uentibus,
915 2195 977 2232 cum
990 2179 1019 2230 in
1030 2181 1115 2232 verbo
1127 2171 1249 2245 ὥνέομαι
1262 2181 1307 2232 bic

169 2251 482 2317 commodenulerends,
502 2259 560 2304 tum
573 2254 608 2304 ob
626 2254 711 2306 verbe
762 2249 911 2302 veluntatis
934 2254 1017 2316 etque
1041 2255 1157 2302 constus
1176 2251 1242 2300 insit
1261 2267 1308 2301 no·

169 2313 204 2370 τὰ
228 2311 297 2370 ἄλλα
320 2313 503 2388 ἀναθήματα,
530 2323 629 2389 quibus
650 2323 711 2376 reli-
762 2321 817 2383 tio,
841 2319 875 2370 de
893 2334 947 2388 que
964 2319 1161 2388 Wesselingius
1185 2320 1254 2371 dixit
1271 2321 1307 2371 ed

102 2405 114 2420 ⁰
168 2390 389 2457 queindieentur
403 2391 516 2444 doneris
535 2393 611 2450 lecili
628 2409 710 2460 opere
762 2391 785 2454 Ι,
804 2389 848 2442 68.
864 2420 900 2430 -
924 2390 1023 2456 Cpmus
1041 2389 1145 2454 insule,
1172 2405 1225 2456 quo
1244 2390 1307 2440 dein

167 2460 394 2526 trsmportmds:
409 2463 509 2514 etenim
522 2463 557 2513 ed
570 2464 638 2516 hsec
649 2465 712 2530 ipse
761 2457 951 2512 Phocaeensee
969 2475 999 2510 ee
1016 2463 1224 2523 converterunt,
1243 2459 1307 2510 (tor-

167 2532 334 2598 psrtInerent
355 2532 466 2583 tubulus
488 2533 592 2598 piotee,
616 2533 711 2601 quales
763 2530 821 2581 sice
840 2535 897 2593 est,
915 2529 1024 2580 nomine
1043 2529 1159 2582 deducto
1173 2545 1190 2580 e
1206 2528 1306 2595 Cyrno,

166 2601 194 2654 b.
207 2601 226 2652 Ι.
244 2599 361 2668 intelligi
372 2602 467 2654 volunt
478 2603 567 2654 Reoul
578 2604 712 2656 Bochette
761 2599 888 2651 Herculis
902 2597 967 2650 lilio.
1001 2599 1056 2651 Sed
1069 2599 1102 2651 de
1115 2615 1147 2650 eo
1159 2599 1227 2650 setis
1244 2615 1307 2650 con·

167 2677 196 2722 et
214 2671 349 2724 Welclrer.
580 2701 585 2712 ·
762 2675 827 2721 stet.
865 2667 943 2720 coni.
963 2668 1077 2722 Diodor.
1103 2667 1304 2732 siou1.v,1³.

201 2733 710 2807 τὴνδέΦωκαίην-έσηονοέλϊέρ-
760 2739 865 2792 Herod.
883 2737 947 2802 VII,
968 2737 1026 2790 lte.
1045 2739 1086 2790 Ῑο.
1106 2739 1237 2804 Rospett:
1264 2738 1307 2790 De
1342 2783 1346 2792 .

169 2809 227 2876 σαι]
247 2809 349 2862 Incidit
367 2811 435 2862 beec
452 2811 527 2862 urbis
547 2811 652 2864 obsidio
671 2813 710 2864 in·
761 2808 874 2861 Oorsicn
902 2805 993 2858 insule
1019 2824 1036 2859 e
1065 2808 1195 2860 Romanis
1225 2811 1307 2872 cepte

168 2880 343 2946 celerumque
372 2881 499 2946 migratio
531 2881 560 2930 in
588 2897 652 2934 eun.
683 2897 708 2934 e.
761 2873 1121 2956 (Monester.1850),init.‚

168 2949 230 3002 chr.
261 2967 288 3001 n,
314 2952 365 3002 542
395 2967 419 3002 s.
442 2949 550 3016 olymp.
575 2949 627 3018 50}
656 2955 710 3002 sto.
796 2937 865 3014 ἡθλ
882 2937 978 2996 αὐτῶν
999 2941 1087 3010 νῆσος
1105 2939 1306 3010 αποκληϊσθῇ]

167 3024 261 3072 tuente
289 3019 427 3072 Schultsio
458 3021 486 3070 iu
514 3021 647 3085 Apparet.
676 3021 711 3072 ed
762 3015 823 3070 scil.
842 3011 894 3066 τοῦ
918 3005 1074 3078 έμπορίους
1099 3012 1232 3066 timebunt
1256 3013 1307 3064 sci·

166 3088 276 3142 Annsll.
289 3089 313 3140 1.
331 3105 396 3156 ρας.
414 3088 458 3142 38.
477 3090 536 3142 Nec
553 3089 633 3142 aliter
644 3091 711 3143 Lsr·
761 3086 840 3149 licet,
858 3099 893 3134 ne
909 3081 962 3134 hec
976 3081 1083 3135 colonie
1093 3082 1307 3136 Phocaeensium

167 3158 240 3210 eber.
254 3160 282 3210 in
294 3159 352 3212 tub.
364 3159 566 3225 chronologice.
590 3159 709 3213 (illuton.
762 3155 816 3224 ipsi
831 3157 986 3206 merceture
997 3157 1025 3204 et
1037 3153 1199 3206 commercio
1218 3152 1308 3204 exclu-

167 3229 246 3282 Fest.
263 3227 370 3282 Hellen.
387 3230 411 3282 1.
429 3246 456 3296 p.
473 3229 525 3283 238
541 3245 641 3282 sunum
659 3232 711 3283 544
762 3225 899 3276 durentur.
919 3253 954 3263 -
977 3213 1085 3289 αὐτῶν,
1112 3222 1243 3286 ntulisti,
1262 3221 1307 3273 bic

168 3305 232 3350 ente
244 3297 307 3350 Cbr.
319 3314 345 3350 n.
359 3315 459 3365 ponere
477 3299 592 3350 mavult.
603 3326 637 3336 -
650 3299 711 3351 Φω-
762 3309 870 3362 quoque
882 3290 1165 3346 eScbellersbemieno
1175 3292 1306 3373 dcdimnp,

167 3367 254 3432 καέην
272 3369 380 3432 retinui,
400 3373 511 3422 sectore
528 3367 664 3422 Bredovio
682 3369 712 3419 in
762 3368 911 3431 praeeunte
934 3361 1100 3444 §ieislqrdiu
1142 3361 1232 3428 Vulgo
1254 3377 1306 3412 αν·
1337 3405 1341 3413 .

168 3429 303 3488 Φώκαιαν
320 3439 493 3502 metendum,
512 3438 618 3504 dequo
637 3440 710 3490 conl.
762 3431 857 3484 τέων.
876 3463 911 3473 -
929 3443 1119 3498 ανεστηααντο
1132 3431 1215 3498 vulgo
1227 3429 1315 3500 iutel-¹

167 3509 191 3571 1,
209 3509 245 3559 80
259 3508 352 3574 ibique
368 3513 439 3562 nott.
474 3509 533 3561 Nec
550 3508 639 3573 magis
656 3523 713 3560 mu·
762 3503 865 3570 ligent:
895 3503 1054 3566 excitorum,
1079 3501 1132 3551 tibi
1157 3507 1305 3561 memb

168 3584 228 3628 tere
239 3576 344 3642 plsouit
355 3569 466 3643 ἔπλεον,
477 3576 550 3644 quod
560 3577 624 3628 libri
637 3582 714 3628 tuen-
762 3575 781 3624 i.
807 3589 831 3625 e.
855 3571 1029 3623 οοπαίσεταασ.
1071 3568 1307 3634 Schweigheeuse

167 3653 213 3697 tur
239 3662 347 3712 omnes,
380 3649 408 3700 in
434 3643 559 3710 ἔπλωον,
589 3651 621 3698 ut
647 3647 714 3700 lecit
763 3657 809 3694 rus
827 3640 932 3721 mavult
956 3639 1105 3718 explicere:
1129 3639 1236 3702 „ciem
1256 3637 1308 3687 σαλ-

167 3716 291 3768 Dietsch.
763 3712 861 3764 toribus
893 3709 1072 3776 (αναστατων
1109 3703 1308 3772 ποιηθέντων)

763 3781 826 3833 urbe
840 3777 950 3860 potirifl
1012 3831 1023 3857 ἵ
1065 3835 1074 3856 ‚
1285 3843 1292 3856 ·

346 3887 413 3940 οη·
431 3886 537 3938 CLXV·
765 3847 834 3972 υἷέ
858 3861 977 3984 ςέέέινλλοέέὲ
1004 3839 1184 3966 έέοκῧαᾘ]
1204 3841 1308 3976 Alma?

204 3979 255 4046 τὰς
276 3979 384 4052 νήσους
406 3981 457 4047 τὰς
480 3980 643 4048 Οἰνούσσας
665 4003 714 4038 κα·
765 3988 866 4054 qqupe
888 4001 941 4052 quo
960 3981 1037 4050 Syllo
1061 3981 1196 4034 colonium
1221 3979 1307 4044 duxit,

168 4055 302 4121 tropicae
332 4048 385 4108 οὐκ
413 4049 565 4126 ἐβούλοντο
595 4049 715 4124 ὥνεομέ-
765 4058 795 4108 in
812 4055 902 4107 medie
919 4070 969 4106 ore
989 4050 1114 4104 orienteli
1138 4052 1201 4104 site.
1232 4051 1307 4102 Men-

169 4139 244 4176 νοισι
275 4125 405 4194 πωλέειν]
436 4127 577 4180 Oenussee
608 4127 715 4178 insulse
766 4127 832 4178 dose
857 4123 929 4190 opud
946 4123 1095 4176 Diodorum
1114 4119 1199 4174 Sicnl.
1217 4119 1254 4184 V,
1275 4119 1307 4172 13

168 4209 253 4260 prope
271 4194 381 4260 Chium,
400 4197 471 4248 inter
490 4213 550 4248 cem
568 4197 656 4262 ipsum
674 4197 715 4248 in·
766 4195 895 4246 scribitur
913 4193 1023 4246 Oelorir.
1066 4191 1103 4243 Et
1126 4190 1220 4242 confer
1243 4205 1308 4254 quo-

169 4263 257 4314 sulsm
286 4269 441 4332 tetrumque
465 4267 548 4317 Asine
576 4267 715 4318 contineo·
766 4280 819 4330 que
838 4263 969 4314 Senecam
985 4261 1014 4311 in
1032 4259 1172 4312 consolat.
1195 4257 1231 4309 ed
1244 4257 1309 4308 Hel-

169 4337 235 4384 tem.
268 4333 349 4388 (toni.
371 4335 559 4402 Thucydidem
576 4337 660 4400 vm,
681 4337 715 4386 24
767 4335 838 4384 viem
857 4348 881 4384 ο.
894 4332 925 4396 8,
944 4331 1154 4382 ubiPhoceeem
1168 4343 1230 4380 eum
1240 4327 1310 4378 Pbo-

1029 4410 1097 4472 21*
