3088 4922
231 256 293 318 542

663 261 932 322 HERODO'PI

229 427 309 501 ὅσον
322 459 358 501 τε
369 448 515 521 πηχυαῖα
523 431 695 522 ἀγάλματα
709 433 961 522 νευρόσπαστα,
975 433 1016 506 τὰ
1030 439 1270 526 περιφορέουσι
1286 435 1369 508 κατὰ

230 533 342 623 κώμας
359 553 532 622 γυναῖκες,
554 543 656 608 νεῦον
669 534 707 606 τό
722 543 869 624 αἰδοῖον,
893 536 934 608 οὐ
954 547 1065 636 πολλῷ
1081 544 1297 634 τέῳεζλασσου
1311 541 1368 610 ἐόν

230 645 290 707 τοῦ
304 636 408 710 ἄλλον
425 639 585 729 σώματος.
626 645 823 730 προηγέεται
843 643 880 712 δὲ
896 641 1015 730 αὐλός,
1037 649 1075 714 αἱ
1088 645 1124 714 δὲ
1142 649 1279 715 ἕπονται
1295 642 1365 714 oisi-

231 749 350 813 δουσαι
369 741 428 814 τὸν
450 743 633 814 Διόνυσον.
671 745 757 814 διότι
777 746 814 815 δὲ
842 747 939 836 μέζον
960 775 995 818 τε
1017 754 1083 837 ἔχει
1104 745 1140 818 τό
1159 755 1290 818 αι’όοῑον
1310 751 1366 819 καὶ

230 851 334 916 κινέει
352 852 480 936 μοῦνον
494 853 555 918 τοῦ
574 847 743 937 σώματος,
765 856 834 920 ἔστι
849 849 1042 946 λόγοςρπερὶ
1061 848 1165 922 αὐτοῦ
1180 850 1250 942 ἱρός
1269 849 1364 940 λεγό-

232 1050 373 1116 sequentis
387 1065 495 1115 quoque
507 1050 591 1100 verba
606 1066 664 1100 eain
679 1049 774 1100 lectio-

231 1135 291 1170 ncm
304 1121 491 1170 conrmendure
503 1120 654 1172 videantur.
672 1119 775 1170 luche-

230 1191 268 1238 ris
286 1189 356 1240 enim
374 1189 480 1240 differre
505 1191 605 1240 Noster
628 1190 667 1239 eit
691 1190 773 1240 Gree-

231 1276 323 1310 corum
341 1261 475 1325 Dionysia
494 1261 527 1310 sb
548 1260 698 1325 Aegyptiis,
718 1265 773 1308 stu·

230 1331 332 1394 timque
351 1330 477 1392 subiicit,
496 1346 566 1394 quae
585 1346 617 1380 eo
636 1329 772 1394 pertinent

230 1399 361 1450 solemnis
379 1399 412 1449 de
431 1399 543 1464 phullis,
570 1401 677 1464 utrique
696 1398 771 1462 genti

229 1469 301 1518 haud
320 1470 407 1534 paris.
421 1501 455 1508 -
473 1471 604 1533 „Pructer
616 1467 771 1532 unsglyphs

230 1545 256 1588 ct
274 1540 395 1604 picturae
418 1539 454 1588 sd
478 1531 587 1602 φαλλὸν
604 1538 771 1603 pertinentes

230 1609 331 1658 multae
343 1609 468 1658 visuntur
488 1611 513 1657 in
529 1607 709 1657 monumentis
721 1607 772 1657 he-

230 1679 332 1743 gyptiis
347 1680 508 1742 praesertim
522 1678 676 1740 Thebaeis,
690 1677 772 1741 inpri-

229 1749 280 1797 mis
296 1749 323 1797 in
342 1749 446 1812 palutio
464 1763 546 1812 prope
563 1747 674 1797 Kornak
697 1751 725 1796 et
744 1747 771 1796 iu

228 1819 358 1882 sepulcris
374 1834 476 1884 regum.
514 1817 575 1867 Vid.
589 1817 725 1880 Descript.
739 1815 772 1866 de

228 1887 300 1952 l'Eg.
321 1888 359 1938 11.
378 1905 405 1954 p.
419 1889 468 1938 411
488 1903 544 1952 seq.
560 1891 587 1936 ot
602 1887 674 1937 coni.
688 1887 771 1936 etism

229 1959 421 2023 Wyttenbech.
441 1957 476 2008 sd
495 1957 632 2007 Plutarch.
652 1955 685 2005 de
703 1955 769 2006 Isiu.

229 2043 292 2094 peg.
311 2029 387 2078 isef‘
417 2030 459 2079 Cr.
492 2027 531 2078 Ae
549 2026 711 2078 Plutarchus
728 2027 770 2076 De

232 2098 298 2148 lsid.
319 2103 345 2147 et
363 2098 465 2148 Osirid.
481 2113 541 2162 esp.
566 2098 603 2147 12,
623 2097 662 2146 18.
678 2095 712 2146 311
731 2093 769 2160 (p.

229 2167 289 2217 355.
310 2168 370 2232 3155)
385 2167 489 2231 profert
507 2167 716 2231 Psmmyliorum
733 2166 770 2214 ie-

229 2243 300 2286 stum
320 2236 478 2300 plmllieum,
502 2236 604 2287 Osiridi
629 2250 770 2286 consecre-

229 2311 300 2366 tum‚
320 2311 513 2370 comparetque
532 2322 591 2356 cum
609 2303 771 2369 Phellcpho-

229 2376 277 2424 riis
296 2376 475 2436 Graecorum,
502 2375 569 2424 adeo
589 2379 619 2423 ut
637 2375 770 2438 imagines

230 2445 363 2508 phrdlicse
378 2445 412 2494 sd
429 2443 564 2494 Osiridem
582 2444 676 2494 reicrri
691 2443 770 2493 ‹lebe-

229 2521 286 2564 unt.
325 2515 360 2564 At
371 2530 434 2564 vero
448 2513 564 2564 Osiridis
581 2513 680 2577 figures
697 2507 770 2578 phel-

228 2585 295 2634 licss
320 2584 347 2632 iu
366 2584 561 2648 Aegyptiorum
589 2583 769 2632 monumentis

229 2653 340 2718 reperiri
364 2659 487 2718 negent,
521 2653 548 2702 in
576 2653 673 2718 quibus
700 2667 770 2718 quae

228 2723 381 2774 huiusmodi
391 2723 493 2788 figures
503 2725 712 2787 conspiciuntur,
724 2737 770 2773 ess

229 2798 354 2858 spectare
372 2798 470 2858 putent
488 2793 522 2843 ed
543 2809 603 2842 eum
620 2793 704 2852 diem,
723 2793 769 2858 qui

229 2871 271 2913 cst
283 2864 400 2914 omnium
416 2879 504 2913 rerum
518 2867 670 2927 generator,
688 2862 768 2912 Chem

229 2949 251 2983 s.
270 2933 356 2984 Khem
382 2951 403 2984 s.
428 2935 485 2984 Psn
509 2933 556 2998 (de
577 2948 629 2996 quo
653 2932 768 2982 diximus

175 3057 181 3070 ,
228 3003 263 3053 ud
282 3003 319 3066 11,
340 3003 399 3068 46):
419 3002 526 3068 quodsi
540 3007 696 3065 verumest‚
714 3003 769 3052 Ησ-

228 3073 339 3122 rodotus
358 3079 502 3138 utrumque
520 3071 599 3122 deum
612 3071 768 3122 contudisse

227 3142 357 3192 dicendus
385 3143 446 3193 erit.
492 3141 533 3192 De
561 3157 614 3208 quo
643 3141 767 3206 equidem

228 3201 328 3276 ἐπέχω.
359 3212 402 3262 Tu
412 3212 448 3262 ei.
460 3210 624 3262 Williinson.
640 3213 767 3262 Munners

228 3285 281 3330 etc.
302 3295 357 3332 sec.
383 3297 435 3330 ser.
461 3281 485 3334 1.
509 3297 535 3345 p.
558 3281 608 3332 34¹2
634 3297 708 3346 seqq.
728 3281 766 3332 11.

227 3366 253 3414 p.
273 3349 334 3400 233.
371 3351 489 3416 Perthey
507 3349 542 3400 sd
554 3351 692 3402 Plutarch.
711 3349 729 3399 l.
748 3349 765 3401 l.

227 3435 291 3485 pop.
311 3419 372 3470 229.
402 3419 548 3472 Rosellini:
560 3421 679 3470 Menum.
694 3419 767 3470 civil.

229 3491 283 3542 Ill.
304 3507 331 3555 p.
357 3491 399 3552 80,
423 3492 468 3556 qni
487 3490 609 3540 detesto
629 3491 767 3540 Ammonis

227 3560 397 3626 itliyplrsllici
406 3560 448 3611 hic
459 3559 574 3626 cogitari
585 3559 653 3610 vult.
671 3559 767 3610 Adhuc

228 3649 274 3696 per
293 3633 445 3696 Aegyptum
463 3633 491 3680 in
511 3628 670 3694 quibusdum
689 3629 767 3680 iestis

227 3701 328 3765 figuras
346 3699 471 3766 phellicis
490 3697 592 3750 similes
613 3699 676 3748 ierri
695 3713 767 3749 usse·

227 3773 263 3820 rit
281 3772 351 3820 idem
370 3769 533 3820 Wilkinson.
551 3767 570 3819 l.
584 3767 603 3818 l.
616 3769 640 3820 1.
659 3785 685 3833 p.
700 3767 766 3829 3443

226 3841 254 3889 in
274 3839 434 3904 quibusdem
452 3841 560 3889 Africae
577 3839 713 3888 interioris
728 3854 767 3890 re-

226 3909 353 3971 gionibns
372 3909 460 3959 sdhnc
479 3907 584 3972 phallos
608 3909 720 3972 reperiri
739 3909 767 3958 in

226 3979 304 4026 iustis
324 3980 425 4042 gesturi
445 3978 540 4028 solitos
560 3977 638 4028 effert
653 3979 768 4042 Magnis

114 4109 121 4116 ι
225 4045 333 4108 (llevue
354 4047 400 4097 des
422 4047 491 4098 deux
513 4047 603 4098 mond.
629 4048 662 4098 T.
685 4047 765 4098 x111.

225 4129 252 4178 p.
271 4113 344 4178 7²4),
364 4116 409 4180 qui
427 4116 528 4181 figures
541 4115 685 4181 phelliosst
702 4133 766 4182 qus-

224 4181 264 4232 les
277 4184 303 4233 h.
315 4184 333 4233 l.
348 4185 504 4236 Ilorodotus
519 4185 674 4250 descripsit,
694 4203 766 4237 com·

224 4254 333 4316 purevit
351 4269 411 4304 cum
435 4256 483 4318 iis,
509 4255 601 4318 quoles
624 4255 704 4307 hodio
727 4257 765 4306 ie·

223 4327 320 4374 ruutur
338 4323 459 4374 nomine:
479 4323 660 4377 Murionetten.

860 1043 1005 1118 ἀγάλματα
1016 1045 1220 1121 νευρόσπαστα]
1233 1055 1253 1104 1.
1265 1069 1288 1104 e.
1304 1058 1365 1104 iniu-

822 1123 908 1188 pines,
937 1139 1001 1188 quae
1022 1139 1098 1174 neruo
1120 1131 1256 1184 siccentur,
1287 1139 1365 1174 neruo

823 1193 932 1252 mobiles,
946 1192 1040 1258 qualos
1050 1193 1188 1244 Lucienus
1197 1209 1303 1258 quoquc
1311 1209 1365 1243 me-

823 1267 911 1312 moret
930 1261 963 1324 (t.·
983 1263 1032 1313 lx.
1051 1279 1078 1328 p.
1103 1262 1137 1314 99
1160 1264 1201 1313 ed.
1222 1265 1306 1329 Rip),
1331 1262 1365 1313 de

823 1331 874 1380 des
892 1331 953 1397 Syr.
974 1331 1014 1381 lu.
1051 1333 1109 1382 lum
1127 1347 1196 1398 quse
1215 1339 1364 1399 sequuntur

823 1398 909 1450 νεῦον
927 1392 958 1450 τό
982 1395 1097 1451 αἰδοῖον
1120 1417 1145 1451 κ.
1171 1417 1194 1450 τ.
1215 1401 1249 1466 t,
1275 1405 1304 1452 in
1320 1403 1363 1452 his

823 1471 947 1520 mutendi
966 1469 1040 1520 nullu
1058 1473 1131 1522 iuste
1150 1487 1248 1534 ceusu
1269 1488 1364 1538 propo-

823 1547 934 1590 suerunt
952 1541 1022 1590 enim
1041 1541 1191 1606 quidemst
1212 1539 1317 1591 σεῦον
1335 1546 1363 1592 et

824 1603 974 1659 νεύοντα
991 1626 1039 1674 pro
1053 1609 1147 1674 νεῦον,
1167 1613 1237 1676 quod
1250 1617 1280 1662 tu
1293 1611 1363 1661 refer

823 1681 857 1730 ed
878 1672 1022 1744 ἀγάλματα
1047 1680 1191 1746 eodemque
1216 1682 1294 1732 modo
1317 1697 1363 1746 po·

823 1751 903 1799 situm
924 1750 1032 1814 accipe,
1055 1766 1107 1816 quo
1126 1765 1206 1816 supro
1224 1753 1261 1816 ll,
1281 1751 1312 1803 41
1335 1755 1363 1801 et

822 1821 894 1870 inire
912 1819 1026 1882 11,133.

855 1938 1022 2006 προηγέεται
1037 1933 1068 1989 dl
1082 1930 1178 2004 αὐλός]
1190 1939 1279 2000 Tibia,
1296 1939 1363 1990 Bec-

822 2011 906 2061 chicis
936 2011 1015 2061 iestis
1041 2011 1162 2076 proprie,
1194 2009 1228 2058 sb
1253 2009 1362 2059 Osiride

821 2081 889 2132 adeo
908 2082 1019 2130 inventa
1034 2080 1133 2129 dicitur
1144 2079 1297 2143 Aegyptiis,
1315 2079 1362 2143 qui

820 2153 861 2201 uti
880 2151 906 2200 in
926 2151 1011 2200 sacris
1029 2148 1256 2199 reconditioribus
1274 2165 1362 2198 secer·

821 2222 914 2270 dotum
938 2219 1044 2270 cithsrs
1068 2219 1110 2268 usi
1136 2219 1294 2280 videantur,
1321 2221 1361 2269 its

820 2291 848 2340 in
867 2289 940 2354 vulgi
954 2289 1132 2340 consentibus
1146 2289 1284 2352 sacrisque
1296 2290 1362 2338 Boe·

821 2359 864 2410 chi
876 2360 970 2408 tibism
986 2359 1175 2408 adhibuerunt.
1206 2357 1289 2408 Cuius
1300 2374 1362 2408 esri-

821 2445 865 2478 sss
882 2429 988 2493 upeniit
1003 2429 1128 2482 Creuzer.
1142 2427 1264 2492 Symbol.
1278 2427 1315 2479 II.
1333 2445 1361 2494 p.

824 2501 871 2549 172
890 2499 933 2548 ed.
953 2503 1016 2549 tert.
1044 2499 1121 2552 Coni.
1134 2498 1207 2548 inire
1225 2499 1262 2558 11,
1281 2499 1325 2549 60.

855 2594 886 2652 us
897 2595 928 2650 di
940 2596 1056 2651 ἕπονται
1068 2593 1215 2652 ἀείδουσαι
1233 2595 1284 2651 τὸν
1293 2593 1360 2650 Διό-

821 2670 920 2737 νυσον]
933 2673 1140 2735 Lumentuutes‚
1160 2677 1240 2736 puto,
1260 2677 1286 2722 et
1304 2687 1360 2721 cur·

820 2742 894 2791 minu
922 2741 1048 2806 lugubria
1081 2747 1209 2792 senentes
1241 2743 1268 2791 in
1296 2742 1360 2791 nio-

819 2812 880 2877 nysi
905 2811 1054 2875 (Osiridis)
1084 2827 1101 2862 u
1130 2811 1261 2876 Typhone
1287 2811 1360 2860 caesi

819 2882 952 2946 undisque
983 2882 1077 2931 traditi
1111 2882 1239 2932 honorem
1271 2882 1360 2945 Aegy-

819 2953 869 3016 ptii
899 2951 942 3000 hic
963 2952 1131 3002 exhibentur.
1173 2951 1252 3003 Cous.
1279 2951 1360 3000 Creu·

820 3037 874 3072 zer.
892 3021 911 3072 l.
929 3020 947 3070 l.

855 3135 910 3191 ἔστι
922 3133 1005 3206 λόγος
1023 3135 1088 3204 περὶ
1101 3130 1192 3190 αότοό
1204 3133 1267 3204 ΐρός
1284 3130 1359 3204 λεγό-

818 3209 914 3276 μενος]
942 3213 1042 3262 Sensus
1070 3211 1201 3262 iormnlse
1225 3209 1296 3260 haud
1318 3209 1357 3258 di-

818 3296 913 3330 versus
939 3297 956 3330 a
981 3280 1114 3332 similibus
1137 3281 1204 3344 illis,
1232 3295 1300 3345 ques
1322 3278 1357 3328 ud

819 3350 857 3411 11,
875 3353 910 3401 lu
933 3351 1083 3416 attigimus.
1120 3352 1195 3413 Qnse
1217 3365 1279 3399 vero
1304 3349 1357 3398 He·

818 3420 929 3470 rodotns
948 3421 1037 3486 eloqui
1055 3419 1133 3470 noles
1152 3420 1248 3480 hehet,
1268 3419 1358 3482 prodit

818 3489 980 3540 Plutarchus
998 3491 1031 3539 de
1049 3489 1115 3539 Isid.
1133 3495 1160 3540 et
1175 3488 1275 3540 Osirid.
1297 3503 1356 3552 cop.

822 3559 861 3610 18.
880 3575 943 3624 pag.
962 3559 1013 3611 358
1030 3561 1062 3609 Β.
1099 3559 1165 3608 Cum
1182 3559 1254 3608 enim
1270 3557 1358 3608 Osiris

818 3645 834 3678 u
861 3629 993 3695 Typhone
1025 3643 1119 3678 cessus
1149 3633 1176 3679 et
1207 3627 1358 3692 discerptus

818 3705 903 3760 esset,
932 3700 985 3748 Isis
1007 3697 1079 3748 illius
1103 3697 1222 3746 membre
1243 3697 1359 3746 disiectis

818 3770 978 3834 conquirens
1004 3767 1150 3818 membrum
1174 3766 1253 3816 virile
1272 3767 1364 3816 Osiri-

818 3839 859 3888 dis
877 3839 998 3888 iuvenire
1016 3837 1088 3887 haud
1105 3836 1205 3900 potuit,
1225 3836 1323 3900 quippe
1341 3851 1358 3885 u

818 3908 938 3972 piscibus
951 3908 1080 3957 continuo
1093 3906 1261 3956 devoratum.
1286 3907 1358 3967 Qus.-

818 3993 847 4026 re
877 3978 935 4026 eius
964 3977 1024 4026 loco
1057 3976 1199 4026 substituit
1226 3975 1357 4024 imitando

818 4045 936 4110 phellum
955 4047 1163 4110 memoriamque
1182 4045 1221 4094 rei
1239 4045 1278 4094 sie
1296 4059 1358 4094 con-

817 4115 945 4165 seeruvit.
972 4115 1052 4165 Unde
1069 4117 1185 4174 sectum,
1205 4117 1237 4164 ut
1254 4115 1281 4162 in
1294 4114 1358 4162 Dio·

816 4184 935 4250 nysiacis
969 4184 1048 4234 iestis
1082 4188 1221 4234 uterentur
1255 4181 1356 4247 phullo.

815 4254 904 4304 Alium
921 4253 1004 4304 refert
1022 4269 1131 4304 causum
1154 4253 1279 4304 Clemens
1298 4251 1358 4303 Ale·

815 4323 911 4374 xandr.
928 4323 956 4374 in
972 4325 1108 4389 Protrept.
1125 4337 1189 4390 paq.
1207 4323 1252 4374 29.
1269 4321 1313 4374 30.
