3032 4916
527 257 774 320 EUTERPE.
801 262 844 321 Il.
868 273 927 324 10⁰.
1235 271 1296 334 647

166 429 345 520 Αἰγύπτιοι
358 431 582 519 βασιλεύοντα
597 435 712 522 σφέων
725 431 942 522 ἀπέκτειναν,
964 433 1222 524 ἀποκτείναντες
1243 445 1291 532 δὲ,

165 533 254 606 οὕτω
282 539 395 624 ἐκείνη
414 532 584 614 ἀπέδοσαν
603 536 665 627 τὴν
693 546 890 629 βασιληΐην,
917 540 1024 635 τούτῳ
1044 547 1292 636 τιμωρέουσαν,

124 639 531 727 119πο1ι1οὐςΑίγνπτίων
545 647 744 732 διαφθεῖραι
766 643 864 738 δόλῳ.
898 650 1128 736 ποιησαμένην
1148 649 1212 739 γάρ
1232 679 1293 739 μιν

164 755 286 833 οίκημα
306 751 487 834 περίμηκες
507 740 673 833 ὑπόγαιον
691 753 834 818 καινοῦν
860 753 909 842 τῷ
926 748 1034 843 λόγῳ,
1062 751 1130 846 νόμ
1149 752 1187 823 dl
1206 751 1291 826 ἄλλα

163 911 309 976 thiopicem
327 915 418 962 temen
433 911 500 964 dicit
515 913 632 966 Heeren.
652 913 671 967 1.
685 913 703 966 l.
755 915 788 966 In
805 931 881 982 seqq.
899 917 997 970 verbe:
1019 910 1071 983 τὴν
1092 913 1188 984 ἔλεγον
1207 937 1290 986 τιμω-

162 982 200 1044 11,
218 982 242 1034 l.
262 997 324 1048 pag.
342 983 402 1044 412,
419 983 465 1033 ubi
485 989 589 1048 monet,
607 985 635 1036 in
652 985 704 1036 Ae·
753 982 875 1047 ρέονσαν
905 977 1047 1054 ἀδελφεῷ,
1082 1003 1151 1054 quae
1180 997 1290 1057 propter

162 1053 315 1118 gyptiorum
334 1051 414 1104 rebus
426 1051 528 1104 nullam
544 1071 703 1106 commemo·
752 1055 838 1106 multa
848 1054 904 1106 slis
911 1057 1056 1108 interiectu
1064 1063 1222 1123 repetuntur
1231 1075 1290 1111 ver-

162 1122 349 1188 rarireginem
359 1121 512 1187 mulierem,
532 1124 619 1175 sedin
638 1141 702 1176 ene·
752 1123 794 1176 bis
815 1117 906 1193 τούτῳ
922 1124 1128 1192 τιμωρέουσαν,
1154 1129 1290 1195 iungenda

162 1191 269 1258 glyphis
287 1192 455 1258 Aethiopicis
472 1209 566 1245 recens
584 1195 701 1246 detectis
751 1200 885 1246 suutcum
897 1189 1117 1256 verbieactlodc
1129 1193 1289 1264 Αἰγυπτίαν

162 1262 253 1328 plures
265 1263 385 1328 conspici
396 1263 511 1314 feminee
522 1265 640 1330 regines.
657 1263 700 1316 Ad
749 1261 921 1328 διαφθεῖραι
934 1257 1019 1333 δόλῳ.

162 1347 230 1397 ques
242 1333 324 1382 etiem
339 1333 502 1399 pertinuisse
515 1335 575 1385 vult
586 1335 700 1387 Nitoeria
785 1332 981 1400 ποιησαμένην
995 1326 1048 1399 γάρ
1059 1349 1109 1398 μιν
1121 1331 1227 1402 οίκημα
1240 1351 1288 1386 πε-

161 1401 353 1453 Herodotesm.
386 1403 419 1454 In
429 1404 496 1469 ipsis
504 1405 699 1472 Aegyptiorum
751 1403 866 1468 (ιίμηκος
887 1419 914 1454 κ.
938 1419 962 1454 τ.
986 1402 1022 1470 1.]
1045 1404 1134 1470 Vulgo
1157 1405 1225 1457 haec
1247 1407 1289 1457 ite

161 1473 339 1524 monumentis
348 1472 400 1524 hec
410 1473 521 1538 reginae
527 1489 625 1526 nomen
634 1491 699 1526 nen·
749 1473 901 1538 accipiunt:
914 1474 1031 1537 „iecisse
1040 1474 1146 1526 scilicet
1158 1475 1288 1528 conclave

161 1543 224 1594 dum
242 1547 286 1594 est
302 1543 455 1606 inventum,
480 1544 552 1609 quod
571 1546 699 1596 nnumin
749 1543 925 1609 praelongam
947 1545 1164 1608 subterraneum,
1188 1559 1287 1596 novum

161 1617 240 1662 sexte
261 1612 433 1664 Manethonis
458 1614 585 1678 dynastia
613 1630 699 1680 euque
750 1613 877 1678 qeiddsm
889 1614 1016 1664 remoliri
1027 1614 1178 1678 dicentem,
1196 1616 1287 1666 animo

160 1682 334 1748 Memphitica
349 1688 500 1748 comperet,
521 1685 567 1734 ubi
581 1685 699 1736 omnium
749 1683 822 1734 eliud
845 1685 1039 1748 cogitantem.“
1084 1685 1139 1735 Ubi
1165 1683 1288 1734 καινοῦν

160 1767 227 1801 suae
255 1753 355 1802 setstis
378 1751 574 1804 formosissima
601 1753 700 1805 dicitnr
750 1769 811 1804 eum
845 1753 938 1818 glossa
970 1753 1101 1805 Herodot.
1136 1760 1286 1820 exponunt:

162 1821 285 1883 Niconis,
312 1837 382 1887 qnae
406 1823 515 1873 tertiam
533 1823 699 1889 pyramidem
750 1815 913 1887 χρήσασθαι
930 1814 1004 1891 λόγῳ
1022 1821 1121 1890 καινῷ,
1145 1839 1207 1874 πονο
1226 1840 1286 1889 qao·

160 1891 325 1941 exstruxerit
363 1907 529 1958 regnumque
564 1907 612 1958 per
645 1893 699 1944 ΧΠ
749 1893 975 1957 damsmuneasi,
984 1893 1205 1960 quemadmodum
1213 1893 1287 1958 apud

161 1975 247 2011 annos
276 1961 394 2012 tenuerit
417 1960 546 2026 (Syncell.
574 1978 638 2028 pag.
665 1964 699 2014 58
749 1962 901 2028 Thucydid.
918 1962 973 2026 ΠΙ,
991 1963 1024 2014 82
1046 1960 1221 2013 καινοῦσθαι
1237 1954 1288 2020 τὰς

160 2031 218 2080 sive
244 2047 308 2095 pag.
335 2029 405 2097 108).
447 2032 636 2083 Thebanorum
658 2048 696 2083 re
749 2028 893 2095 διανοίας,
910 2048 988 2082 acuas
1001 2035 1161 2097 emcegitatas
1178 2047 1287 2083 essera-

159 2115 222 2164 gum
240 2099 268 2150 in
289 2100 381 2152 indice
402 2102 474 2166 apud
490 2102 698 2153 Eratosthenem
747 2103 836 2152 αὀπττ.
861 2101 915 2153 Sed
926 2101 1122 2154 Valckenarius
1131 2101 1213 2152 verbo
1226 2117 1286 2150 και-

160 2169 237 2234 (ibid.
260 2185 323 2236 pag.
349 2170 425 2222 1043.
450 2187 514 2238 pag.
538 2172 602 2238 145)
623 2173 699 2223 Nite·
748 2169 820 2220 τούν
837 2173 998 2236 evandendi,
1015 2173 1186 2238 inaugurandi
1195 2175 1223 2222 et
1241 2172 1285 2222 de-

158 2241 211 2291 cris
241 2241 398 2292 vicesimum
433 2241 580 2294 secundum
610 2241 697 2293 locum
747 2241 850 2290 dicundi
857 2242 954 2292 tribuit
964 2243 1115 2305 notionem,
1133 2255 1214 2307 quem
1224 2257 1286 2292 een-

65 2370 68 2375 ,
158 2310 278 2373 obtinet,
304 2311 405 2362 lemine
421 2311 481 2363 loco
500 2312 550 2362 viri
568 2327 696 2379 regnans.
747 2310 808 2360 dem
829 2311 858 2360 in
880 2313 962 2363 verbo
988 2317 1122 2378 cognatae
1142 2311 1234 2376 stirpis
1252 2327 1286 2362 ee

158 2381 245 2442 Quam
263 2381 375 2432 esudem
398 2397 458 2433 esse
476 2387 559 2448 etque
574 2383 697 2434 Herodo—
746 2380 953 2447 significationis
970 2377 1105 2440 καινίζειν
1128 2381 1198 2432 idem
1215 2397 1286 2432 com·

156 2454 228 2502 tesm
245 2465 317 2502 nuuc
341 2451 398 2503 iere
418 2453 546 2504 convenit
569 2453 641 2504 inter
657 2453 697 2502 vi-
745 2451 853 2517 probat.
889 2453 947 2502 lem
965 2451 1004 2520 spi
1022 2444 1096 2520 λόγῳ
1114 2451 1161 2517 (de
1179 2467 1232 2518 quo
1247 2451 1284 2502 ci.

156 2536 202 2572 ros
226 2521 337 2584 deotos;
357 2522 413 2574 vid.
437 2523 547 2574 Bunsen
570 2522 588 2574 l.
612 2523 631 2574 1.
655 2523 695 2575 11.
745 2525 815 2572 nott.
835 2520 870 2571 sd
889 2522 911 2585 1,
933 2518 980 2586 ut)
997 2523 1049 2572 erit
1068 2521 1222 2586 oppositum
1245 2537 1285 2572 se·

155 2591 485 2659 p.193seq.23tiseq.‚
505 2592 656 2659 Lepsiusl.
676 2592 694 2644 l.
745 2591 839 2656 quenti
860 2583 931 2658 νόῳ,
960 2590 1186 2657 quemadmodum
1214 2589 1284 2642 elias

155 2675 219 2726 pag.
238 2662 298 2713 256.
318 2663 381 2726 270,
413 2664 497 2714 Fruin
512 2665 554 2714 De
571 2662 693 2714 Maneth.
745 2659 798 2711 sibi
815 2666 987 2724 opponuntur
1003 2657 1075 2728 λόγῳ
1092 2653 1144 2724 μὲν
1161 2691 1196 2700 -
1213 2655 1284 2728 ἔργῳ

155 2730 304 2796 Sebennyt.
329 2747 356 2797 p.
382 2731 440 2795 105,
463 2731 608 2784 Rusellini:
638 2732 696 2783 Mo·
744 2723 790 2790 dl,
808 2729 864 2780 alie
881 2730 909 2780 id
924 2745 1023 2796 genus,
1042 2735 1071 2780 et
1084 2728 1156 2794 apud
1169 2731 1284 2781 Latinos

155 2815 228 2850 rrum.
248 2801 340 2852 sterio.
361 2801 383 2850 1.
402 2817 428 2866 p.
448 2801 482 2852 30
495 2818 551 2867 seq.
574 2803 612 2853 11.
630 2817 693 2868 pag.
744 2799 819 2850 uerbo
838 2826 870 2834 —
889 2816 919 2850 re
934 2815 1003 2850 cera.
1039 2798 1118 2850 Unde
1141 2814 1200 2848 eem
1224 2814 1284 2849 esse

158 2867 216 2930 138,
235 2870 282 2934 qui
297 2885 395 2920 nemen
403 2871 522 2934 reginae,
537 2887 618 2936 quam
629 2873 695 2921 Ern-
744 2868 803 2920 vult
812 2869 853 2918 vir
865 2867 960 2920 doctus
973 2867 1205 2919 locieeutentiam:
1218 2869 1286 2932 quod

155 2937 295 2988 tosthenes
317 2939 336 2989 1.
360 2938 378 2989 1.
397 2939 487 2989 reddit
504 2931 630 3003 Ἀθηνᾶν
652 2955 694 2988 ιιι-
740 2941 802 3001 steri
808 2947 945 2988 amaverat
953 2941 1087 3002 τμαίιοοιαα
1097 2937 1213 2985 ccrsclaas
1226 2936 1283 2986 sab·

155 2998 295 3072 κηφόρον,
306 3008 438 3072 prebente
450 3007 607 3060 iablonskio
617 3025 693 3060 voce.
743 3016 899 3070 ίανιαπιιαιι,
917 3007 993 3058 verde
1009 3007 1106 3071 quidem
1118 3006 1282 3068 auspicatam,

155 3077 241 3142 hegg.
261 3091 324 3142 pag.
345 3077 403 3140 162,
419 3077 513 3129 eodem
537 3077 593 3129 iere
614 3077 694 3128 mode
743 3079 791 3128 sed
806 3093 837 3126 re
853 3093 914 3126 ocra
926 3076 1068 3139 aliafas'see
1078 3075 1219 3124 ereditatem
1231 3072 1281 3138 (sc.

153 3147 362 3210 interpretetur,
382 3161 442 3198 cum
459 3147 510 3197 Ναί
525 3163 548 3200 s.
567 3149 613 3198 Nic
629 3146 695 3198 nihil
744 3145 886 3211 reginem).
914 3147 950 3196 Et
968 3149 1076 3210 praeter
1090 3143 1283 3195 Schneiderum

106 3274 112 3288 Ι
154 3215 228 3266 aliud
249 3215 286 3265 sit
305 3217 358 3267 nisi
377 3216 459 3278 Nelei,
481 3217 500 3267 i.
519 3231 543 3268 e.
561 3217 694 3280 Minerva,
744 3215 772 3266 in
789 3217 857 3266 Lex.
880 3215 987 3278 Graec„
1009 3215 1056 3280 qui
1074 3213 1137 3264 roci
1161 3212 1283 3264 καινοῦν

154 3290 182 3336 et
205 3287 258 3336 Gra
286 3301 308 3338 s.
339 3285 397 3336 Kro
424 3283 560 3350 significet
585 3289 692 3337 οιίιοιτο.
743 3285 806 3336 iude
826 3285 897 3335 hanc
914 3284 1064 3349 mespicaads'
1083 3283 1179 3338 tribuit
1200 3284 1282 3350 signi-

153 3355 224 3407 Add.
253 3356 389 3406 Letronne
420 3354 498 3418 (Rev.
530 3354 692 3421 Archdoleg.
742 3355 912 3417 ficationem,
936 3353 1195 3419 Schweighaeusero
1214 3369 1281 3419 quo·

154 3425 202 3476 1v.
220 3440 284 3490 psg.
306 3425 358 3476 550
378 3429 405 3476 et
427 3423 507 3475 Mem.
531 3427 564 3477 de
587 3425 692 3476 l’Aead.
742 3440 794 3491 que
811 3423 891 3475 valde
916 3424 1009 3474 arrisit
1031 3424 1098 3474 haec
1122 3425 1282 3488 interprete-

154 3495 180 3546 d.
204 3495 290 3545 Inscr.
314 3495 389 3555 XIX,
415 3495 438 3544 1.
462 3509 525 3561 pag.
552 3495 622 3561 121),
646 3495 693 3562 qui
741 3495 781 3544 tio
790 3495 908 3559 itemque
917 3492 1057 3544 Dindorfio
1069 3493 1187 3544 inThes.
1198 3493 1281 3544 Gree-

153 3565 277 3616 Nitocrin
315 3563 494 3630 Babyloniam
539 3565 692 3631 Aegyptiae
742 3565 790 3615 cit.
809 3565 857 3614 IV.
877 3579 903 3628 p.
922 3563 982 3614 815.
1018 3564 1058 3613 hc
1074 3567 1286 3628 prueststcerte,

153 3635 248 3700 stirpis
272 3633 357 3685 inisse
379 3634 441 3684 inde
469 3633 589 3700 colligit,
619 3635 691 3700 quod
741 3635 782 3684 sic
799 3633 984 3698 interpretari,
1002 3647 1083 3697 quarn
1101 3647 1161 3684 euru
1175 3629 1281 3696 Toepic

152 3703 401 3756 Nabuchodonosor
427 3703 539 3766 bellum,
568 3705 641 3768 quod
662 3705 691 3754 in
742 3703 886 3765 (Emeudd.
903 3704 932 3752 in
946 3701 1023 3754 Snid.
1043 3701 1096 3752 111.
1112 3717 1147 3767 pe
1168 3737 1175 3751 .
1195 3699 1278 3752 19³⁸.

152 3776 305 3840 Aegyptum
329 3773 465 3835 intulerit,
489 3771 530 3823 ita
552 3789 690 3839 composu-
741 3789 767 3838 p.
785 3773 858 3838 468.)
876 3717 1281 3838 1οςοτοξεινοῖναίμτοκαι-

152 3846 216 3905 erit,
235 3849 266 3894 ut
275 3843 402 3909 Aegyptii
417 3843 489 3908 regis
499 3842 582 3894 filium
594 3843 622 3892 in
637 3859 691 3894 ms·
741 3839 825 3905 νοῦν)
842 3835 894 3905 μὲν
911 3837 951 3907 τῷ
966 3835 1055 3908 λόγῳ,
1080 3839 1107 3890 id
1125 3839 1198 3905 quod
1214 3839 1281 3920 luag-

153 3914 305 3964 trimoninm
317 3913 461 3980 acceperit.
498 3913 567 3966 Utut
585 3917 635 3974 est,
655 3913 689 3964 ed
741 3911 821 3963 chero
831 3909 943 3976 placuit,
960 3915 1009 3960 eut
1021 3925 1081 3988 cusp
1094 3909 1195 3960 Coreli:
1208 3923 1280 3960 οπο-

153 3983 260 4033 isbulas
279 3983 352 4034 heud
371 3983 509 4034 reiecerim
526 3983 597 4034 hene
614 3983 690 4034 Nito-
740 3995 822 4046 γαιον
839 3973 892 4044 μὶν
911 3971 969 4029 dciv
987 3977 1026 4047 τῷ
1042 3979 1128 4046 λογῳ,
1153 3977 1226 4044 qued
1245 3993 1280 4028 ne

151 4053 218 4114 crin,
229 4058 259 4102 ut
269 4053 371 4118 placuit
382 4054 519 4104 hieversio
527 4053 593 4120 (Die
605 4052 691 4103 Phoe·
739 4049 868 4101 harcheri
895 4049 1007 4115 quidem.
1023 4047 1086 4098 tulit
1109 4047 1278 4113 applausum.

150 4122 204 4171 nie.
221 4121 245 4171 1.
265 4138 292 4186 p.
310 4121 376 4188 828)
391 4121 523 4188 aliisque,
547 4123 594 4188 qui
612 4121 690 4172 deam
738 4116 917 4182 sedularum,
929 4117 1208 4168 eiVelckensrieuem
1220 4133 1281 4184 pro·

150 4191 241 4254 potius
272 4207 352 4256 quem
381 4192 518 4243 mulierem
544 4191 688 4242 humanum
738 4189 950 4252 humationem,
968 4188 1085 4238 eritneu
1102 4193 1278 4250 emanere,

150 4259 194 4310 hic
208 4259 324 4326 intelligi
339 4261 449 4322 volunt;
469 4263 505 4312 ci.
520 4261 629 4325 Georgii
648 4261 688 4310 iu:
740 4261 871 4324 οοιιοίανι,
905 4273 985 4324 quem
1018 4258 1110 4320 aedes,
1149 4259 1278 4317 ατσίοιιίαῑ

149 4327 237 4394 Pauly
254 4329 461 4397 Beelencyclop.
480 4331 513 4382 V.
531 4347 556 4396 p.
575 4331 637 4387 664.
655 4360 690 4370 -
740 4330 840 4395 quippe
858 4325 965 4378 fecilior
981 4333 1039 4380 turn
1061 4327 1172 4396 regines
1194 4327 1279 4378 fraus.
