3086 4952
218 193 280 258 280
653 190 920 254 HERODO'I'I-

217 395 297 448 νους
317 371 355 437 ἐν
375 371 454 457 τιμῇ
475 364 630 454 ἄγονται,
659 371 847 456 νομίζοντες
872 364 1017 446 ἑωυτοὺς
1039 364 1126 434 εἶναι
1154 363 1350 456 ἀνθρώπων

216 477 333 566 μακρῷ
346 468 387 541 τὰ
400 471 508 541 πάντα
521 468 693 560 ιἰρίστους,
714 468 793 550 τοῦς
813 470 849 540 di
865 467 987 550 ἄλλους
1007 467 1090 538 κατὰ
1104 467 1206 556 λόγον
1218 468 1278 540 τὸν
1291 479 1346 540 λε-

216 575 361 665 γόμενον
381 580 438 664 τῆς
459 570 577 664 ἀρετῆς
597 571 813 662 ἀντέχεσθαι,
834 571 913 654 τοῦς
935 573 972 642 δέ
995 572 1163 643 ἑκαστάτω
1178 577 1391 655 ολκέονταςδὸ

215 677 280 749 ιἰπό
301 681 436 748 ἑωυτῶν
460 687 638 758 κακίστους
660 676 756 748 εἶναι.
794 675 865 746 Ἐπὶ
887 677 924 746 dl
948 676 1082 766 Μήδων
1101 673 1273 764 ἀρχόντων
1294 679 1349 748 καλ

214 774 297 872 ἦρχε
324 779 365 851 τὰ
391 789 495 852 ἔθνεα
519 778 691 871 ἀλλήλων,
726 781 950 851 συναπάντων
970 781 1033 870 μὲν
1054 784 1171 868 Μῆδοι
1199 781 1349 850 καὶτῶν

215 885 353 974 ἄγχιστα
376 885 558 955 οἰκεόντων
579 891 692 974 σφίσι,
719 874 811 954 οῦτοι
832 884 871 952 δὲ
890 885 1033 954 καὶτῶν
1054 878 1231 972 ὁμούρων,
1258 888 1294 952 ολ
1310 884 1349 954 di

215 992 303 1079 μάλα
322 993 390 1058 των
410 991 588 1077 ἐχομένων.
625 985 709 1057 κατὰ
729 985 789 1056 τὸν
807 983 911 1056 αὐτὸν
931 987 969 1056 δέ
991 986 1092 1074 λόγον
1106 987 1162 1055 καὶ
1175 991 1210 1056 ol
1220 989 1349 1076 Πέρσαι

214 1098 349 1182 τιμῶσι·
370 1095 551 1182 προέβαινε
570 1090 635 1182 γὰρ
656 1088 698 1180 δὴ
712 1088 749 1162 τό
765 1097 864 1170 ἔθνος
878 1088 1030 1180 ἄρχοντε
1045 1091 1100 1158 καλ
1115 1093 1346 1180 ἐπιτροπεῦον.

149 1192 352 1274 135Ξεινικῦ
375 1196 412 1266 dl
432 1195 554 1285 νόμαια
574 1197 702 1285 Πέρσαι
727 1202 917 1285 προσίενται
936 1191 1072 1283 ἀνδρῶν
1098 1192 1249 1282 μάλιστα.
1291 1195 1348 1263 καὶ

216 1297 280 1388 γὰρ
303 1299 345 1390 δὴ
365 1298 427 1388 τὴν
447 1297 609 1389 Μηδικὴν
638 1301 780 1386 ἐσθῆτα,
808 1303 1004 1386 νομίσαντες
1028 1302 1085 1385 τῆς
1105 1298 1240 1366 ἑωυτῶν
1260 1295 1348 1366 εἶναι

214 1411 358 1489 καλλίω,
375 1406 554 1492 φορέουσι,
570 1403 625 1473 καλ
640 1399 673 1481 ἐς
686 1399 764 1484 τοῦς
779 1403 942 1491 πολέμους
960 1397 1038 1482 τοῦς
1054 1405 1262 1488 Αἰγυπτίους
1275 1398 1346 1470 θῦ-

214 1621 247 1656 eo
257 1609 381 1670 potestas
396 1604 517 1654 indicere
535 1607 651 1668 poterat.
679 1603 757 1666 Quae
807 1601 869 1664 des,
887 1617 958 1667 quae
968 1617 1023 1654 non
1035 1601 1144 1652 sedibus
1161 1603 1222 1653 fixis
1239 1607 1350 1654 tenean-

213 1676 305 1726 omnia
325 1674 398 1724 haud
420 1674 571 1738 perspexit,
600 1673 646 1738 qui
671 1688 756 1738 nuper
807 1676 851 1722 tur
868 1687 901 1722 ec
923 1671 1110 1737 voluptatibus
1136 1677 1242 1724 tautum
1265 1674 1350 1723 vitae·

213 1746 298 1796 verba
320 1737 391 1794 κατὰ
408 1735 459 1792 τὸν
482 1735 572 1793 αῦτὸν
598 1735 684 1808 λόγον
708 1738 756 1791 καὶ
807 1757 860 1806 que
884 1741 988 1792 deliciis
1016 1741 1154 1806 capiendis
1181 1742 1217 1792 ad
1243 1743 1349 1807 expedi-

214 1817 314 1881 (eodem
331 1818 429 1866 ratione
447 1810 535 1878 atque)
555 1805 585 1860 oi
596 1809 703 1876 Πέρσαι
717 1828 756 1861 τι-
806 1812 895 1860 tiones
924 1811 1038 1862 bellicas
1067 1811 1255 1875 impellantur,
1286 1827 1350 1878 praa

213 1882 300 1948 μῶσι,
331 1886 418 1935 electe
437 1883 535 1934 vocula
560 1877 606 1944 dl,
636 1882 757 1947 proxime
807 1882 905 1931 ceteris
924 1881 959 1931 sd
977 1895 1079 1931 morum
1097 1882 1273 1932 mutationem
1288 1899 1349 1947 pro·

213 1956 381 2017 praegressis
401 1953 483 2003 ediici
506 1952 622 2015 indeque
645 1967 757 2014 sequen·
808 1951 892 2001 clives
911 1965 971 2001 esse
989 1952 1176 2016 victorumque
1191 1952 1348 2016 populorum

169 2083 172 2088 Ι
213 2023 254 2071 tia
283 2019 432 2088 προέβαινε
461 2015 513 2085 γὰρ
542 2015 579 2084 δὴ
609 2012 641 2068 τὸ
669 2017 757 2077 ἐθνος
808 2021 943 2082 instituta,
955 2019 1037 2084 leges,
1050 2021 1161 2071 vivendi
1173 2037 1258 2086 genus
1270 2022 1349 2072 adeo·

106 2093 110 2100 “
212 2081 303 2152 ἄρχον
325 2103 353 2137 τε
371 2086 418 2137 καλ
438 2081 627 2150 ἐπιτροπεῦον
652 2090 685 2139 de
700 2091 757 2140 Me-
808 2105 859 2155 que
889 2089 1022 2140 luxuriem
1050 2090 1237 2141 lubentissime
1263 2092 1350 2142 adsci-

214 2159 256 2208 dis
270 2157 386 2221 intelligi
397 2157 484 2206 voluit
496 2157 681 2224 (Koenighoffi
700 2159 756 2209 Cri·
808 2175 892 2210 scere.
929 2161 961 2210 Id
980 2160 1051 2225 quod
1070 2161 1193 2224 inprimis
1208 2161 1278 2211 deP
1327 2162 1348 2210 'e

214 2228 270 2276 tica
293 2231 320 2275 et
345 2227 486 2290 exegetica
509 2227 610 2290 altere,
640 2229 670 2278 iu
696 2244 756 2293 pro·
807 2229 911 2290 velere,
936 2245 1048 2294 quorum
1067 2230 1154 2280 omnis
1174 2231 1278 2295 imperii
1325 2247 1349 2279 r-

215 2299 357 2362 grammat.
377 2295 530 2346 Trevirene.
551 2297 615 2347 anni
633 2299 708 2349 1854.
728 2314 754 2362 p.
807 2298 992 2364 meritaeque
1014 2299 1085 2349 ratio
1104 2305 1161 2349 tum
1180 2316 1272 2365 regum
1290 2305 1346 2349 tum

213 2364 325 2430 7-12),
349 2364 434 2414 totius
457 2363 511 2414 loci
532 2369 669 2418 sententio
694 2383 756 2418 eou-
807 2368 973 2434 privatorum
999 2369 1032 2418 ad
1051 2369 1192 2420 Medorum
1215 2370 1345 2418 victorum

213 2434 275 2484 iure
294 2449 327 2484 ec
345 2433 519 2510 perturltata.⁸
805 2438 936 2488 rationem
955 2439 1125 2490 conformate
1143 2440 1232 2501 luerit,
1251 2438 1278 2487 in
1291 2438 1346 2486 sin-

247 2498 397 2569 προέβαινε
416 2517 469 2566 γαρ
488 2499 524 2565 δη
549 2495 581 2551 τὸ
600 2497 687 2561 ἔθνος
705 2496 754 2568 olp-
805 2507 876 2572 gulis
901 2513 1029 2558 accurate
1054 2515 1266 2560 commonstrare
1289 2512 1346 2557 stu-

212 2587 265 2638 χον
289 2567 384 2620 τεκαὶ
403 2563 600 2634 ἐπιτροπεῦον]
626 2573 702 2623 Heec
719 2575 754 2624 ud
805 2576 864 2626 duit
882 2577 924 2626 vir
942 2577 1038 2628 doctus
1057 2578 1075 2628 l.
1094 2579 1113 2629 l.

212 2645 312 2693 Persas
332 2641 427 2692 referri
452 2644 526 2690 recte
548 2639 601 2688 iam
623 2641 755 2707 Schweig-
840 2641 887 2695 καλ
906 2638 958 2710 γὰρ
982 2639 1018 2711 dr}
1036 2640 1088 2711 τὴν
1105 2639 1244 2712 Μηδικὴν
1262 2637 1347 2710 ἐσθῆ-

213 2712 335 2762 heeuser.
355 2709 499 2760 intellexit.
530 2709 582 2758 Est
599 2709 669 2757 euim
688 2711 755 2761 haec
804 2730 838 2764 τα
856 2747 891 2755 -
909 2710 1057 2782 φορέουσι]
1082 2718 1206 2768 Pertinet
1228 2717 1279 2767 hoc
1302 2731 1348 2781 po·

213 2781 299 2832 nostri
314 2780 455 2845 scriptoris
474 2777 623 2828 sententia:
643 2778 755 2840 „eodem
805 2785 938 2836 tissimum
956 2787 990 2836 ed
1005 2785 1103 2835 stolum
1118 2785 1192 2836 illam
1202 2787 1346 2847 Medicam,

213 2851 269 2902 fere
286 2852 379 2912 modo,
399 2865 452 2914 quo
470 2847 578 2908 Medos,
604 2846 674 2896 hanc
691 2863 756 2912 quo·
805 2869 885 2917 quarn
902 2861 1013 2906 auctore
1027 2856 1098 2920 Cyro
1115 2859 1214 2907 Perses
1232 2872 1249 2906 a
1260 2855 1347 2906 Medis

214 2938 266 2987 que
281 2919 448 2984 (Persarum)
464 2921 571 2984 gentem
586 2931 756 3036 progressam
807 2922 956 2975 adscivisse
985 2925 1088 2987 ierunt,
1127 2927 1265 2992 pertinent
1296 2924 1348 2974 hue

214 3007 274 3042 esse
292 2990 450 3054 imperando
474 2993 502 3038 ct
519 2991 629 3052 potesta
643 3003 684 3036 em
703 2987 756 3037 sibi
807 2988 878 3039 aliae
895 2995 1010 3045 vestitus
1036 3000 1140 3060 partes,
1166 3011 1234 3062 quae
1257 2995 1349 3060 singu·

213 3060 382 3110 commissam
407 3057 586 3108 exercendo.“
608 3057 701 3118 Ι(ὶιιιιε
724 3072 756 3108 eo
807 3058 848 3108 las
862 3065 986 3125 persequi
1002 3064 1111 3130 longum
1129 3071 1179 3116 eet.
1213 3065 1348 3115 Testimo-

213 3129 340 3190 redennt,
367 3133 398 3176 ut
416 3127 519 3177 Persici
538 3126 644 3190 imperii
661 3126 756 3176 similis
807 3129 854 3178 nia
867 3130 1006 3192 praebebit
1017 3135 1137 3185 Briseon.
1153 3134 1186 3184 de
1199 3151 1256 3200 reg.
1270 3135 1346 3185 Pers.

213 3197 405 3262 propemodum
429 3199 655 3246 commonstretur
672 3197 756 3246 fuisse
808 3198 923 3264 princip.
943 3200 966 3259 1,
986 3200 1028 3250 56.
1048 3203 1087 3264 11,
1108 3205 1156 3254 litii
1175 3219 1250 3268 seqq.
1270 3205 1347 3254 Wes-

215 3267 314 3329 l'orme,
340 3265 435 3316 similis
455 3267 512 3316 iere
535 3265 652 3315 ambitus
672 3271 699 3316 et
717 3282 758 3317 re-
807 3267 903 3332 seliug.
936 3267 970 3317 ed
997 3269 1108 3322 Diodor.
1136 3273 1219 3325 Sicul.
1246 3275 1290 3335 ll,
1316 3273 1346 3324 δι

214 3337 316 3402 gnandi
335 3352 357 3388 a.
373 3335 581 3386 administrandi
600 3336 756 3400 provincias
808 3338 917 3402 „Atque
929 3337 1035 3388 Medico
1054 3341 1214 3391 vestimento
1231 3358 1286 3392 non
1304 3357 1347 3392 so·

214 3407 298 3469 ratio,
317 3422 387 3472 quae
406 3411 488 3457 antee
499 3406 638 3456 Medorum
656 3405 755 3456 suerat.
807 3407 861 3457 lnm
884 3405 972 3456 induti
996 3409 1166 3472 reperiuntur
1187 3409 1290 3474 figurae
1319 3412 1347 3460 in

213 3477 292 3526 Unde
310 3483 372 3540 epte
391 3477 442 3528 hoc
465 3477 525 3528 loco
544 3491 609 3526 usus
628 3479 670 3525 est
687 3476 757 3524 Hee-
808 3475 987 3526 monumentis
999 3477 1223 3542 Persepolitenia‚
1236 3481 1264 3528 id
1276 3481 1348 3545 quod

213 3547 303 3596 renins
319 3547 413 3606 (ldeen
425 3548 447 3610 l,
462 3548 486 3597 l.
499 3563 562 3612 pag.
578 3543 640 3608 142)
658 3545 692 3594 de
709 3545 757 3593 im·
807 3546 874 3594 satie
894 3549 1016 3607 constat,
1039 3563 1131 3597 verum
1154 3548 1235 3596 etiam
1257 3549 1286 3598 iu
1301 3549 1347 3614 hy·

212 3617 281 3679 perii
298 3616 398 3666 Medici
421 3617 508 3666 iorma
526 3632 558 3666 eo
579 3615 710 3682 regimine
728 3615 756 3666 in
806 3614 1055 3679 pogeis'lhebaioie
1073 3617 1140 3666 etin
1159 3615 1290 3680 sepulcris
1309 3633 1349 3668 re-

212 3685 351 3736 Persieum
369 3686 432 3736 dein
448 3685 581 3736 translato
599 3685 731 3736 scribens.
806 3699 882 3748 gum,
906 3684 953 3734 ubi
975 3689 1068 3735 tamen
1093 3687 1197 3750 captivi
1220 3685 1260 3735 sic
1276 3686 1348 3735 exhi-

805 3753 913 3805 bentur.
949 3755 1011 3805 Vid.
1032 3755 1141 3807 Cestae.
1165 3756 1193 3804 in
1211 3755 1347 3818 Descript.

376 3857 441 3908 cn·
461 3857 593 3910 cxxxv·
806 3825 847 3945 (ἐρ
856 3824 985 3890 l’Egypte
1002 3825 1073 3876 Voll.
1092 3827 1131 3876 II.
1155 3841 1181 3890 p.
1200 3826 1251 3876 405
1269 3825 1347 3889 eeq.“

246 3950 365 4013 Ξεινικὰ
382 3954 413 4008 dl
430 3952 534 4024 νόμαια
551 3955 657 4024 Πέρσαι
668 3975 755 4024 προσ·
839 3953 906 4019 τοῦς
924 3957 1095 4026 Αἰγυπτίους
1120 3954 1267 4027 θώρηκας]
1286 3963 1349 4011 Per-

213 4026 302 4076 ίενται
325 4019 440 4092 ἀνδρῶν
466 4021 596 4097 μάλιστα]
624 4031 700 4082 Heec
726 4034 754 4080 in
804 4048 895 4083 aarum
917 4031 1032 4094 lorinus,
1054 4047 1122 4097 quas
1147 4032 1181 4082 eb
1205 4031 1347 4096 Aegyptiis

213 4097 439 4161 disceptationem
486 4101 596 4150 vocarit
637 4101 753 4151 Heereu.
804 4107 907 4152 sunites
918 4117 977 4152 esse
987 4102 1030 4152 hie
1041 4101 1164 4166 legimns,
1174 4101 1305 4151 describit
1314 4115 1348 4150 ex

214 4167 308 4230 (Ideeu
333 4171 386 4218 etc.
413 4167 439 4228 1,
462 4169 485 4218 1.
511 4185 537 4233 p.
563 4169 627 4230 408)
651 4169 678 4218 in
696 4171 755 4220 nni·
803 4175 925 4222 veterum
945 4172 1108 4222 testimoniis
1122 4171 1277 4221 Briesonius
1297 4169 1315 4220 l.
1328 4169 1346 4220 l.

213 4251 322 4288 versum
348 4237 509 4304 admonens,
539 4245 633 4306 gentes
663 4255 754 4290 nome·
802 4242 855 4304 ΙΙΙ,
871 4241 912 4292 12.
938 4242 1060 4292 Fuerunt
1070 4241 1133 4294 illse
1146 4239 1255 4307 quidem
1268 4255 1348 4305 squa-
