3032 4916
267 271 328 334 726
701 219 969 334 HEROIlO'I'I

267 449 401 520 άυείναι
427 443 510 536 πρὸς
525 451 606 536 ἔργα
621 473 657 515 τε
670 447 726 516 καὶ
747 452 887 527 θυσίας·
915 453 1011 526 δίκας
1028 445 1068 514 δέ
1078 463 1139 533 σφι
1154 442 1288 513 πάντων
1300 449 1385 526 βασι-

269 557 356 624 λέων
370 549 581 631 δικαιοτάτας
594 557 735 640 κρίνειν.
762 549 846 620 κατά
858 557 958 620 τοῦτο
972 552 1034 640 μέν
1048 577 1114 619 νυν
1127 546 1165 618 τό
1179 553 1277 637 ἔργον
1290 543 1387 616 άπάν·

268 683 354 742 των,
376 652 448 725 ὅσοι
464 653 528 743 ἤδη
551 656 703 744 βασιλέες
724 657 878 742 ἐγένοντο
896 660 1112 742 Αίγυτιτίωυ,
1130 655 1280 722 αἰνέουσι
1300 649 1389 740 μάλι-

268 783 329 830 στα
346 764 482 830 τοῦτον·
497 756 538 826 τά
553 785 588 826 τε
602 755 687 828 άλλα
700 759 764 848 γάρ
778 788 837 848 μιν
850 765 980 848 κρίνειν
994 749 1044 841 εὖ,
1060 759 1115 826 καλ
1130 757 1167 825 δέ
1181 757 1295 848 καὶτῷ
1309 757 1375 824 έπι-
1386 764 1426 820 tto

269 863 472 955 μεμφομένῳ
488 863 524 931 ἐκ
538 867 596 950 τῆς
611 868 706 950 δίκης
720 860 799 952 παρ’
823 865 951 932 ἑωυτοῦ
973 861 1111 931 διδόντα
1129 858 1231 945 ἄλλα,
1253 855 1391 947 ἀποπιμ-

269 966 392 1038 πλάναι
414 963 519 1036 αὐτοῦ
532 963 592 1034 τόν
606 965 731 1056 θυμόν.
769 963 874 1035 Ἐόντι
891 966 929 1035 δὲ
950 962 1039 1059 ἠπίῳ
1055 969 1101 1056 τῷ
1114 970 1299 1056 Μυκερίνῳ
1318 959 1394 1031 κατά

269 1068 347 1152 τούς
367 1068 541 1160 πολιήτας,
563 1071 619 1139 καὶ
639 1076 744 1139 ταῦτα
765 1069 996 1158 ἐπιτηδεύοντι
1020 1073 1153 1158 πρῶτον
1175 1071 1288 1136 κακῶν
1306 1063 1394 1156 άρξαι

268 1173 331 1264 τὴν
358 1173 531 1262 θυγατέρα
552 1169 795 1244 ἀποθανοῦσαν
816 1171 938 1258 αὐτοῦ,
964 1171 1028 1261 τὴν
1049 1170 1177 1260 μοῦνόν
1197 1175 1233 1240 οί
1252 1169 1337 1243 εἶναι
1362 1171 1395 1238 έν

268 1293 354 1348 τοῖσι
370 1283 505 1346 οίκίοισι
524 1277 653 1346 τέκνον.
695 1275 755 1346 τόν
769 1276 807 1345 δὲ
817 1273 1095 1367 ὑπεραλγήσαντά
1110 1302 1162 1360 τε,
1184 1279 1232 1367 τῷ
1246 1299 1392 1362 περιεπε·

181 1407 190 1428 ·
271 1381 400 1451 πτάκεε
415 1379 600 1470 πρήγματι,
622 1382 677 1449 καὶ
691 1380 899 1470 βουλόμενον
912 1377 1151 1469 περισσότερόν
1165 1407 1197 1447 τι
1211 1383 1279 1446 τῶν
1291 1373 1395 1446 ἄλλων

270 1482 380 1566 θάψαι
400 1481 462 1572 τὴν
479 1486 671 1573 θυγατέρα,
699 1483 903 1574 ποιήσασθαι
918 1488 1004 1572 βοῦν
1023 1486 1162 1570 ξυλίνην
1183 1488 1309 1570 κοίλην.
1346 1481 1396 1548 καί

270 1593 384 1658 ἔπειτα
398 1585 700 1677 καταχρυσώσαντά
713 1616 772 1677 μιν
784 1587 920 1676 ταύτην,
934 1593 1000 1656 ἔσω
1009 1587 1047 1654 ἐν
1060 1582 1146 1673 αὐτῇ
1159 1585 1269 1666 θάψαι
1280 1581 1396 1672 ταύτην

242 1779 245 1789 ’
269 1789 391 1854 inprimis
413 1785 466 1837 hoc
491 1785 551 1838 loco
576 1785 767 1853 intelligenda,
796 1803 813 1838 a
863 1787 921 1839 iero
938 1787 1022 1852 rodit,
1042 1785 1178 1852 explicaro
1197 1785 1289 1838 malis:
1310 1785 1397 1852 siquis

270 1859 367 1925 quibus
387 1857 495 1908 avocati
512 1863 588 1906 arant
606 1856 641 1906 ad
658 1859 812 1922 pyramides
864 1874 878 1908 e
905 1858 1007 1908 iudicio
1035 1857 1177 1908 discedens
1207 1873 1240 1907 ex
1268 1856 1318 1906 boc
1344 1856 1396 1920 ipso

270 1927 413 1978 struendas
435 1927 485 1976 sub
508 1927 625 1991 priorum
648 1943 740 1992 regum
765 1929 812 1978 im·
862 1931 983 1994 (propter
1006 1927 1034 1977 id
1066 1925 1165 1993 ipsum)
1197 1925 1322 1992 querelae
1343 1941 1396 1975 cau·

269 1999 353 2064 perio.
389 1997 449 2046 Ηοο
471 2012 553 2046 sensu
572 1989 638 2060 ἔργα
660 1997 811 2047 invenimus
863 2014 919 2048 sam
939 2001 1057 2062 caperet.
1092 1995 1395 2056 Conf.inrrall‚15·2.

200 2123 205 2132 ,
269 2069 292 2130 1,
307 2068 350 2130 36,
361 2066 408 2116 ubi
420 2057 651 2127 vid—olvsivur,
671 2067 688 2116 i.
703 2084 727 2117 o.
741 2069 810 2116 dirui·
861 2067 1051 2119 Delocutione
1070 2055 1150 2128 παρ’
1166 2057 1285 2128 terreae,
1303 2065 1394 2126 desso,

268 2139 333 2188 sisse
351 2137 409 2186 eive
429 2137 567 2198 remisisse,
588 2135 686 2186 dicitur
701 2153 747 2186 rex
765 2153 811 2202 po·
861 2137 880 2188 i.
901 2153 924 2188 e.
950 2137 981 2187 de
998 2139 1050 2186 suia
1063 2137 1189 2199 pertenire,
1215 2135 1309 2186 confer
1325 2135 1395 2184 Lam-

268 2206 375 2272 pulum,
401 2209 482 2254 antea
499 2203 637 2254 laboribus
659 2221 751 2270 regum
771 2222 812 2256 sc·
861 2207 932 2258 bert.
944 2208 1008 2257 Bos.
1027 2205 1123 2270 Ellips.
1141 2203 1159 2255 l.
1180 2205 1228 2256 Gr.
1247 2221 1273 2272 p.
1294 2203 1350 2256 582.

269 2277 386 2324 veritate
405 2273 540 2338 impositis
563 2275 701 2337 attritum,
726 2280 758 2325 ut
776 2273 811 2324 ad
897 2284 959 2356 τὴν
976 2283 1087 2356 μοῦνόν
1105 2283 1134 2340 οξ
1150 2283 1227 2340 εἷμα,
1241 2321 1276 2331 ,,
1294 2286 1395 2354 dmm]

269 2349 380 2408 ”080212
397 2349 529 2394 ⁰⁰n⁸¹¹⁰l³
547 2348 574 2392 θλ
586 2357 678 2392 mm
696 2360 739 2394 ¹0³
752 2361 811 2409 per·
861 2363 981 2412 Mutavit
999 2359 1174 2422 Sclraeierus,
1194 2377 1273 2426 quem
1292 2363 1396 2411 recenti.

268 2414 390 2478 agendos
416 2413 504 2462 denuo
531 2427 560 2460 ae
590 2419 760 2464 converteret
787 2429 810 2464 s.
863 2431 923 2482 edd·
944 2431 1152 2496 quoquesocupi
1169 2435 1249 2494 flunt,
1269 2423 1397 2496 τὴνίῃτὸ

269 2483 382 2569 murel}
407 2481 630 2562 ql⁰¹¹¹⁸.d¹¹¹⁰ll¹¹m
651 2481 695 2544 H»
715 2482 765 2533 173
784 2473 811 2540 ἐς
863 2501 897 2551 ολ)
916 2515 1031 2565 sequens
1049 2497 1163 2563 τέκνον,
1187 2501 1323 2564 probante
1340 2501 1398 2550 ller-

269 2565 406 2615 παιγνιην
424 2563 529 2631 εωυτον
556 2545 695 2636 evolvo-e
714 2553 810 2634 ‘NV‘
862 2585 961 2620 mmo
986 2569 1021 2620 gd
1038 2569 1131 2634 piger,
1157 2583 1222 2634 pag·
1249 2570 1308 2622 703·
1349 2569 1399 2618 Nec

271 2621 330 2672 ¹⁸0·
367 2619 446 2671 ⁰⁰¹¹f'
472 2623 553 2668 ‘mam
575 2619 618 2680 ¹1¹
643 2619 689 2671 ¹⁰¹
720 2623 811 2704 ¹b¹Jl¹¹⁰
863 2639 942 2689 aliter
960 2654 1042 2704 supra
1061 2639 1104 2701 ΙΙ,
1126 2639 1175 2688 124
1198 2631 1262 2697 τὰς
1283 2631 1398 2690 ἐποιέετο

269 2695 339 2772 nott:
382 2689 449 2740 Inde
476 2689 546 2771 hquc
576 2704 665 2754 regem
689 2707 811 2772 ‘qmnrum
864 2700 987 2772 &dmg
1013 2707 1067 2760 Sed
1084 2707 1217 2770 infmlv'
1236 2709 1284 2760 20:
1304 2701 1338 2758 τὸ
1356 2721 1398 2756 κα,

270 2776 384 2810 maxime
402 2757 507 2809 leudarr
526 2759 560 2808 ab
579 2759 722 2824 Aegyptus
741 2759 813 2826 quod
863 2773 952 2828 γέρως
978 2775 1119 2842 Κρημνοί.
1146 2807 1180 2816 -
1212 2777 1248 2828 In
1273 2794 1347 2845 seqq.
1368 2773 1398 2826 ad

269 2831 369 2880 N⁰³l⁰¹
383 2829 464 2891 ‘limi
484 2833 546 2892 apte
559 2828 682 2878 adhlbUll
697 2830 812 2895 I1⁰l³⁸l¹¹⁸
863 2847 1092 2913 significationem
1121 2845 1195 2896 verbi
1227 2842 1399 2914 ποιήσασθαι

269 2901 337 2960 (Dus
349 2897 526 2949 Todtenbucb
540 2898 586 2948 der
598 2898 736 2964 ilegypter
748 2917 811 2966 pag.
863 2919 900 2969 cf·
919 2917 956 2981 ῃ,
979 2918 1025 2968 127
1045 2917 1111 2982 ibiq,
1132 2921 1189 2966 „020

270 2971 313 3021 10.
339 2969 382 3034 ll)
410 2969 444 3018 ud
473 2983 533 3018 eum
556 2967 617 3017 libri
647 2974 812 3020 mortuorum

268 3039 396 3104 Aegyptii
412 3037 511 3100 locum,
529 3037 557 3086 in
574 3053 626 3104 quo
643 3037 721 3090 huius
739 3039 812 3104 regis

268 3109 370 3158 montio
390 3107 420 3157 lit
442 3108 545 3172 recepti
564 3108 592 3157 in
611 3123 704 3158 sacros
723 3110 812 3176 Aegy-

267 3179 384 3242 ptiorum
400 3177 494 3228 libros.

898 2994 1078 3067 ποιήσασθαι
1102 2999 1173 3068 βοῦν
1203 2997 1324 3067 ξυλίνην
1346 3001 1399 3050 κοί-

863 3071 928 3138 λην]
953 3073 1029 3123 Haec
1052 3087 1105 3138 quo
1130 3077 1271 3138 spectent,
1295 3071 1400 3122 manife-

863 3148 934 3193 stum
953 3142 1005 3192 erit
1023 3143 1123 3202 exiis,
1143 3156 1211 3207 quae
1230 3143 1267 3192 ad
1285 3142 1327 3202 ΙΙ,
1357 3138 1400 3191 132

863 3217 1001 3263 notantur.
1037 3211 1107 3262 Add.
1128 3225 1170 3272 es,
1190 3226 1262 3277 quae
1274 3211 1309 3262 sd
1322 3211 1358 3270 ΙΙ,
1370 3209 1398 3258 41

303 3275 350 3328 καλ
369 3273 405 3343 δὴ
422 3273 526 3344 asclepi
545 3270 762 3344 ἐπιμεμφομένῳ
782 3271 811 3328 ἐκ
863 3281 1061 3346 disputavimus
1082 3280 1117 3330 de
1141 3281 1226 3343 bove,
1251 3297 1321 3347 quae
1338 3276 1401 3330 Isidi

267 3346 317 3413 τῆς
344 3345 428 3412 δίκης
461 3343 531 3412 παρ’
558 3337 666 3398 ἑαυτοῦ
693 3341 812 3398 διδόντα
863 3355 906 3402 est
925 3356 1085 3402 consecrata
1108 3349 1268 3415 tellurisque
1291 3350 1401 3400 babetur

266 3409 348 3482 ἄλλα]
373 3419 393 3468 i.
412 3433 434 3468 a.
454 3425 502 3466 ιειοι
520 3433 580 3468 vero
605 3421 690 3480 είίαοι,
716 3421 740 3468 ει·
756 3420 811 3482 quis
863 3420 1023 3485 symbolum.
1060 3421 1100 3470 Ac
1118 3425 1227 3485 praeter
1248 3419 1401 3485 primarium

266 3488 297 3539 ob
321 3489 465 3538 renuntiem
488 3485 593 3550 abipso
614 3489 689 3536 latam
707 3503 812 3552 conque·
862 3489 1003 3540 Plutarchi
1018 3489 1123 3551 locum,
1143 3505 1221 3554 quam
1234 3490 1307 3540 infra
1319 3488 1401 3554 proie-

267 3567 383 3616 reretur,
403 3559 427 3607 ei
444 3557 475 3606 de
493 3571 539 3605 auo
557 3555 658 3606 dedisse
675 3557 737 3615 ulia,
758 3559 811 3621 prai-
862 3559 1013 3622 remusffl.
1025 3575 1089 3624 pag.
1100 3558 1174 3620 366),
1190 3560 1312 3610 conferri
1323 3560 1401 3609 etiarn

267 3630 312 3679 bus
330 3629 401 3678 istius
425 3629 487 3675 irum
505 3627 621 3687 expleret
637 3641 660 3675 s.
679 3627 809 3690 mitigaret.
862 3629 962 3694 poterit
979 3629 1049 3680 alter
1070 3628 1189 3679 eiusdem
1208 3629 1350 3693 scriptoris
1368 3625 1402 3676 lo-

268 3699 346 3760 Quae
366 3695 460 3748 eadem
479 3695 520 3772 eie
535 3694 655 3772 reddidit
675 3695 811 3745 Diodorus
862 3713 910 3750 cus
934 3698 984 3762 (11.
1007 3714 1070 3779 pag.
1098 3697 1148 3750 368
1164 3699 1215 3762 Α),
1239 3713 1318 3763 quem
1343 3711 1402 3748 auu·

268 3770 295 3831 1,
312 3767 361 3818 ot:
386 3793 421 3804 -
438 3779 509 3813 κατα
532 3757 563 3812 δέ
588 3777 656 3820 τους
678 3779 811 3828 χρηματι-
863 3769 922 3818 dem
946 3783 1006 3818 cum
1028 3767 1162 3818 Herodoti
1185 3769 1344 3817 narratione
1371 3765 1402 3814 de

269 3831 358 3901 ομούς
374 3835 404 3900 (i.
420 3849 445 3885 e.
463 3837 488 3884 iu
506 3835 561 3884 iure
579 3833 698 3900 diurnale)
716 3829 812 3882 droti·
861 3838 994 3902 Mycerini
1026 3837 1082 3887 lilia
1110 3842 1174 3901 apte
1207 3839 1261 3886 iam
1290 3834 1403 3886 contulit

266 3919 343 3954 σνειν
363 3898 515 3968 χρημάτων
539 3900 666 3966 πλῆθος,
690 3895 811 3952 διδόντα
860 3908 952 3972 zoega
970 3907 1003 3956 de
1022 3905 1102 3957 obell.
1124 3923 1151 3972 p.
1170 3906 1230 3958 331.
1268 3905 1402 3957 Observat

265 3965 374 4037 δωρεάς
395 3971 452 4022 τῶν
473 3963 605 4022 ἐπιεικῶν
627 3974 688 4029 τοῖς
706 3969 810 4022 δοκοῦ·
859 3975 975 4040 Lepsios
995 3974 1157 4041 chronolog.
1169 3991 1196 4040 p.
1209 3977 1274 4038 309,
1293 3977 1400 4040 reginas

266 4055 311 4091 σιν
331 4033 441 4120 ἐντοῖς
459 4045 587 4120 Ικρίσεσιν
602 4033 641 4106 μὴ
658 4034 728 4091 κατά
746 4033 809 4104 τρό-
858 4045 1008 4110 Aegyptiae
1032 4045 1146 4110 subinde
1170 4045 1294 4096 conditas
1319 4045 1401 4094 luisse

265 4125 323 4160 πον
355 4109 550 4160 απαλλαττειν.
604 4112 637 4162 In
668 4111 807 4162 Herodoto
858 4114 886 4163 in
911 4114 1089 4180 sarcophagis
1118 4115 1196 4164 bovis
1223 4116 1337 4164 formam
1362 4129 1401 4164 re-

263 4179 348 4230 verba
375 4171 404 4228 έν
430 4179 480 4243 τῆς
505 4177 588 4244 δίκης
613 4197 672 4232 cum
700 4183 815 4232 Weiss-⁶
857 4184 1095 4248 praesentantibus
1107 4184 1225 4249 talisque
1239 4183 1400 4248 sarcophagi

263 4248 348 4313 lingio
376 4247 537 4313 explicanda
559 4254 636 4300 aunt:
674 4251 704 4302 οδ
731 4253 806 4300 latam
857 4253 1002 4317 imaginem
1015 4253 1128 4317 reperiri
1138 4255 1165 4302 in
1179 4254 1311 4318 sepulcro,
1330 4253 1400 4318 quod

263 4319 422 4382 senteutiam,
456 4319 525 4382 nisi,
558 4319 631 4384 quod
661 4319 696 4371 ad
735 4319 805 4370 idem
856 4321 891 4372 ad
910 4322 1026 4388 cheopia
1044 4327 1167 4388 tempora
1184 4325 1330 4388 pertineat.
