3088 4922
210 268 273 330 460
644 267 913 331 HERODOTI

210 440 382 531 ιαιιαιήσῃ
401 445 475 533 τῇσι
496 437 553 511 ὑσὶ
575 439 612 511 τό
634 444 779 533 σπέρμα,
805 441 932 532 ἄμητον
950 440 987 512 τό
1012 438 1077 512 ἀπὸ
1095 441 1218 514 τούτου
1242 445 1347 533 μένει.

209 541 416 637 ἀποδινήσας
436 545 473 614 db
490 551 565 634 τῇσι
581 543 636 616 ὑσὶ
653 545 711 616 τόν
726 563 820 617 σῖτον
834 544 921 618 οὕτω
936 555 1113 636 κομίζεται.

167 652 204 712 15
289 655 334 718 Εἰ
350 639 399 719 aiv
417 648 611 739 βουλόμεθα
629 650 780 742 γνώμῃσι
801 658 876 742 τῇσι
892 648 1014 721 Ἱόυοιυ
1037 656 1183 740 χρᾶσθαι
1206 648 1247 719 τὰ
1271 653 1349 739 περὶ

212 764 398 841 Αἴγυπτον,
413 757 448 822 οἵ
459 775 541 841 φασι
555 752 592 824 τό
606 759 717 825 Δέλτα
730 760 859 844 μοῦνον
874 754 960 826 εἶναι
974 765 1160 842 Αἴγυπτον,
1175 751 1241 825 όπό
1257 763 1347 844 Περ·

212 919 259 986 ol,
287 922 369 988 idque
397 923 480 972 etiarn
508 923 618 987 probari
640 923 753 974 Cobetio
805 914 986 988 dsiavdoipsv
1021 911 1071 986 ἆυ,
1113 921 1224 987 reliquis
1258 923 1349 974 verbis

211 960 346 1055 intellexi,
371 991 415 1042 rel
437 990 501 1056 τῇσι
518 988 599 1056 βουσὶ
620 994 754 1076 corrigen-

212 1064 275 1114 dum
293 1078 353 1113 esse
371 1061 414 1111 vel
433 1059 498 1126 τῇσι
514 1057 562 1112 ὑσὶ
581 1065 689 1113 omniuo
708 1064 755 1113 eii-

212 1132 336 1184 ciendum
351 1133 482 1182 censenti.
517 1133 636 1184 Verbum
652 1123 755 1181 duodi-

210 1205 272 1252 νεῖν
295 1201 330 1252 ad
352 1202 479 1252 trituram
500 1203 619 1268 pertinet
642 1202 700 1252 sive
718 1203 754 1253 ad

210 1273 375 1323 frumentum
393 1272 591 1323 excutiendum.
622 1273 691 1322 Nam
711 1269 754 1321 dr-

212 1357 261 1399 νος
280 1341 344 1391 ο11ιιι
363 1341 506 1392 dicebatur
522 1332 609 1405 ἅλως,
629 1346 755 1392 mouente

210 1411 343 1462 Valcken.
370 1426 403 1460 ex
421 1411 520 1462 Athen.
541 1412 590 1462 XI.
610 1428 638 1475 p.
657 1411 754 1474 sucu,

211 1481 283 1532 unde
314 1471 467 1529 ἆποὸινειν
500 1480 640 1531 Herodoto
654 1481 755 1562 idem,

211 1551 283 1616 quod
305 1549 366 1599 aliia
385 1544 526 1618 suetoso.
569 1542 662 1600 Pro’
646 1543 756 1615 αμητόν

211 1619 434 1700 cnmSchweigb.
455 1623 481 1669 et
501 1619 639 1671 Gaislord.
659 1621 756 1670 rescri-

210 1691 253 1756 psi
267 1679 393 1771 ἄμητον,
406 1705 474 1739 cum
477 1690 649 1740 monentibus
661 1690 757 1741 Gram-

211 1759 318 1842 maticis
342 1749 452 1823 ἄμητον
470 1759 507 1809 sit
527 1761 636 1811 noetesdi
649 1769 754 1824 ιαυιμαε,

208 1820 414 1896 ἆμηιόνβιαμοι
425 1830 564 1886 demessae:
574 1829 648 1881 coni.
655 1830 703 1893 IV,
710 1832 754 1882 4⁴2.

410 2001 476 2056 Cas.
494 2002 554 2053 XV.

246 2101 285 2156 Εἰ
301 2091 343 2155 όν
360 2096 526 2172 βουλόμεθα
544 2119 569 2154 κ.
583 2122 606 2155 τ.
627 2103 663 2172 1.]
689 2103 755 2171 βου-

210 2174 332 2239 λοίμεθα
346 2175 449 2225 mavult
461 2175 625 2225 Benedictus
637 2175 666 2224 iu
678 2177 752 2226 sert.

211 2245 312 2296 Semin.
333 2244 400 2310 phil.
420 2245 496 2308 Lipa.
516 2243 576 2295 Vol.
598 2245 637 2294 11.
662 2245 694 2295 P.
713 2245 752 2294 11.

103 2319 110 2332 '
211 2331 274 2380 pag.
287 2314 339 2366 ’280
341 2313 711 2395 ,qnodSchweighaeusero
713 2329 754 2363 ar-

805 994 929 1044 omnibus
950 992 1122 1058 interpositis
1148 1008 1180 1042 eo
1207 1009 1261 1057 quo
1282 993 1350 1043 dixi-

805 1077 864 1114 mus
891 1063 970 1113 modo
996 1064 1067 1113 inter
1094 1078 1123 1112 sa
1146 1063 1290 1140 iungendis
1317 1079 1350 1114 ac
1446 1065 1452 1076 '

804 1133 951 1183 struendis.
960 1129 1125 1196 -χρᾶσθαι
1139 1147 1179 1180 τα
1167 1124 1256 1196 περὶ
1266 1130 1349 1197 Λέγο-

804 1216 877 1252 ιιτον
888 1202 1054 1253 adscivimus
1069 1217 1129 1252 cum
1140 1206 1256 1252 recentt.
1269 1202 1349 1254 editt.

805 1289 820 1323 e
843 1271 920 1322 libris
941 1271 1062 1336 scriptis.
1103 1269 1195 1336 Vulgo
1221 1273 1351 1349 omittunt

806 1357 849 1393 τα.
892 1342 935 1393 Ad
958 1341 1042 1392 verba
1068 1337 1102 1389 οι
1116 1353 1186 1405 φασι
1209 1332 1241 1390 τὸ
1261 1339 1351 1391 Δέλτα

806 1410 918 1476 μοῦνον
940 1403 1014 1460 εἶναι
1032 1407 1178 1475 Αἴγυπτον
1200 1410 1274 1461 haud
1291 1413 1349 1462 scio

807 1497 842 1531 an
871 1482 966 1532 reterri
993 1496 1101 1546 quoque
1133 1479 1240 1545 possint
1267 1480 1351 1531 Plinii

807 1552 891 1602 verba
913 1551 986 1601 Hiat.
1011 1551 1075 1600 Nat.
1098 1551 1138 1613 V,
1157 1547 1181 1598 0.
1209 1553 1235 1612 1.
1259 1549 1293 1601 43
1317 1551 1350 1600 de

807 1621 871 1672 Nilo
882 1620 1037 1683 scribentis,
1053 1619 1099 1684 qui
1112 1618 1286 1681 „interiorem
1299 1621 1350 1670 Ae-

808 1692 886 1756 gypti
909 1695 1013 1754 partem
1033 1689 1145 1739 dextera
1160 1687 1295 1755 laevaque
1311 1689 1350 1738 di-

805 1761 881 1810 visus
899 1760 1026 1825 amplexu
1045 1775 1094 1809 suo
1113 1758 1285 1822 determinat,
1300 1759 1349 1809 Ca·

804 1831 903 1894 nopico
931 1829 1001 1879 ostio
1026 1830 1060 1878 ab
1083 1827 1195 1891 Africa,
1222 1830 1257 1880 ab
1283 1829 1350 1880 ssia

805 1899 959 1961 Pelusiaco,
970 1899 1067 1948 CLXX
1078 1911 1114 1948 m.
1128 1913 1257 1962 passuum
1268 1899 1350 1949 inter·

805 1969 887 2020 vallo.
924 1967 1012 2030 Quam
1033 1967 1067 2017 ob
1091 1982 1202 2018 causum
1221 1969 1293 2018 inter
1310 1969 1350 2017 in-

805 2039 880 2092 sulas
906 2037 1014 2102 quidem
1041 2039 1195 2102 Aegyptum
1222 2037 1349 2100 retulere,

806 2109 845 2160 ita
863 2123 893 2157 se
912 2107 1032 2158 findente
1045 2106 1123 2168 Nilo,
1142 2111 1173 2156 ut
1190 2108 1349 2172 triquetram

806 2184 894 2228 terrae
904 2177 1019 2242 liguram
1032 2175 1135 2227 afliciat
1146 2176 1260 2242 ideoque
1272 2176 1349 2226 multi

806 2249 926 2300 Graecae
944 2245 1040 2297 literae
1058 2245 1191 2296 vocabulo
1208 2248 1285 2296 Delta
1302 2261 1349 2310 ap-

805 2316 941 2397 pellavers
960 2316 1145 2381 Aegyptumst‘

212 2384 282 2434 ridet
303 2385 338 2434 ob
361 2383 529 2447 subsequens
553 2374 754 2432 όποδεικυόοι-
838 2377 896 2435 ἀπὸ
930 2382 1054 2446 Περσέος
1080 2381 1250 2447 καλεομένης
1282 2395 1346 2431 uuo·
1402 2418 1405 2422 .

211 2468 263 2518 μεν
280 2469 317 2502 αν
336 2451 444 2518 (quibus
460 2453 550 2502 verbis
568 2451 720 2516 spodosis'
713 2469 754 2502 ιιι-
805 2453 885 2537 ursis]
897 2451 1030 2516 Περσέος,
1038 2455 1147 2503 iubente
1160 2452 1347 2516 quoqcher·

212 2523 306 2588 cipit),
325 2537 488 2587 quamquam
505 2521 583 2572 libris
595 2522 753 2586 praesertim
797 2525 902 2575 ieroin
912 2521 1346 2588 Actt.phill.Monacc.I‚l.pag.

212 2593 384 2643 obstantibus
401 2591 474 2642 haud
485 2592 668 2642 necessarium
680 2591 754 2642 vide·
806 2592 849 2654 85,
862 2592 996 2643 edidimus
1006 2607 1066 2641 curn
1076 2594 1191 2640 recentt.
1205 2589 1284 2642 editt.
1299 2605 1346 2654 pro

212 2667 270 2724 tur,
296 2678 356 2712 cum
375 2663 436 2728 ipsa
454 2666 593 2712 structura
616 2661 683 2712 haec
704 2677 755 2711 nec
805 2663 879 2728 vulg.
901 2657 1052 2724 Περσέως.
1076 2659 1138 2709 1Γιᾱ.
1155 2659 1346 2723 StrnveSpec.

211 2731 324 2782 insolita
349 2732 386 2782 sit
408 2746 459 2782 neo
481 2731 570 2782 aliena
592 2733 700 2782 omnino
718 2731 754 2781 ab
806 2733 919 2796 Quaest.
938 2729 1058 2780 Herodd.
1077 2729 1116 2779 11.
1138 2744 1164 2793 p.
1185 2730 1212 2779 0.
1255 2728 1349 2779 Persei

212 2802 292 2852 huius
316 2801 369 2852 loci
394 2803 530 2851 sententia
552 2801 638 2851 videri
663 2805 754 2866 queat,
769 2810 774 2828 ⁸
805 2800 917 2866 specula
944 2815 961 2849 a
988 2799 1122 2850 Strabone
1149 2796 1255 2861 (XVII.
1283 2813 1346 2864 pag.

212 2872 241 2921 in
258 2887 312 2936 qua
322 2871 501 2922 indicativum
521 2871 645 2922 consulto
656 2871 756 2922 Noster
807 2870 920 2923 11130
940 2869 990 2920 801
1008 2869 1045 2934 D)
1065 2869 1119 2918 sits
1137 2882 1198 2918 esee
1216 2867 1316 2918 dicitur
1331 2883 1348 2916 a

211 2942 320 3007 posuit;
339 2941 411 2992 coni.
423 2939 682 2991 modoBaeumlein:
700 2941 755 2990 Un·
804 2939 943 2991 Bolbitino
968 2939 1039 2987 ostio
1058 2937 1269 3004 septentrionem
1290 2952 1349 2987 rar·

212 3011 378 3076 tersucbung
404 3011 471 3060 iiber
498 3010 525 3061 d.
548 3007 667 3061 Griechl
680 3009 753 3060 Mod.
806 3025 852 3059 sus
876 3013 903 3060 et
930 3007 1069 3073 quidam*
1062 3023 1091 3056 ιιι
1113 3021 1229 3057 arenoso
1252 3009 1280 3057 et
1300 3006 1348 3056 liu-

211 3095 275 3145 pag.
296 3079 329 3131 03
352 3095 428 3144 seqq.
470 3078 498 3140 („
502 3080 542 3130 Ac
570 3080 638 3130 bene
665 3078 752 3129 locum
805 3077 863 3127 mili
879 3077 1078 3158 promontorio,
1099 3077 1171 3142 quod
1187 3075 1269 3142 longe
1287 3091 1349 3140 por·

211 3154 303 3199 tuetur
337 3148 532 3200 Stallbaumius
566 3149 602 3198 ad
630 3148 755 3200 Platonis
805 3149 910 3212 rigatur
926 3150 954 3196 st
968 3138 1001 3195 τό
1015 3135 1117 3209 Αγνοῦ
1134 3144 1218 3210 κέρας
1233 3144 1349 3210 appelle-

212 3219 337 3283 Sympos.
360 3233 422 3282 cap.
445 3219 489 3269 27.
513 3233 539 3283 p.
561 3219 643 3270 120
636 3235 663 3268 ιιι
687 3217 753 3269 bibl.
804 3221 859 3267 tur.
900 3215 954 3266 Sed
983 3215 1052 3264 bene
1083 3221 1175 3265 monet
1200 3214 1348 3266 Rennelius

213 3287 330 3338 Graec‘*
350 3286 415 3352 Gr).
441 3287 498 3336 In
492 3303 551 3351 ipsa
570 3289 701 3350 oratione,
722 3303 755 3338 ac
805 3285 971 3349 (Geograph.
990 3283 1122 3335 Herodot.
1144 3301 1172 3350 p.
1190 3283 1276 3368 613),
1294 3299 1348 3335 non

154 3377 159 3388 ·
212 3357 358 3422 praecipue
376 3357 404 3405 in
426 3356 515 3406 verbis
532 3357 701 3420 interpositis
720 3373 754 3407 ne
804 3354 974 3405 Bolbitinum
990 3353 1099 3416 ostium,
1115 3354 1163 3405 sed
1173 3353 1348 3418 Canopicum,

212 3425 273 3491 quis
294 3425 419 3488 haereat,
450 3425 501 3476 hoc
524 3427 656 3476 monitum
680 3426 755 3476 volu·
805 3423 877 3490 quod
902 3423 937 3473 ad
959 3391 1127 3473 οοοίᾱοιι1όιιι
1151 3424 1267 3473 maxime
1290 3439 1348 3473 ver-

211 3510 285 3559 mus,
314 3495 488 3560 participium
517 3493 646 3560 λέγοντες
672 3495 757 3560 perti·
805 3498 867 3558 gat,
894 3493 923 3542 1ιι
938 3492 1080 3542 Herodoto
1098 3493 1253 3543 necessario
1271 3491 1350 3542 intel-

211 3579 277 3615 nere
300 3565 335 3615 ad
358 3561 392 3614 οῗ
409 3577 479 3627 φασι
503 3562 552 3628 (sc.
572 3563 677 3642 Iones),
705 3580 755 3613 nec
802 3562 941 3628 ligendum
958 3575 1027 3622 esse,
1044 3561 1091 3626 qui
1108 3577 1212 3612 omnem
1229 3577 1293 3612 orae
1310 3562 1348 3611 la-

210 3633 266 3685 elio
279 3633 452 3685 referendum
465 3649 525 3684 esse
536 3625 689 3698 λεγόντοιν,
708 3634 755 3683 ubi
804 3631 950 3682 titudinem
963 3630 997 3680 ab
1010 3599 1160 3682 όοοίᾱοιιιο·
1169 3631 1205 3681 ad
1217 3631 1346 3681 orientem

210 3705 238 3753 in
254 3704 407 3756 absolutam
428 3703 568 3768 participii
588 3707 754 3752 structuram
805 3715 890 3766 usque
917 3699 1072 3750 describere
1100 3700 1225 3750 voluerit.
1273 3701 1349 3762 Quae

210 3773 302 3823 subito
320 3773 440 3824 deflectit
458 3776 566 3836 auctor,
590 3772 674 3837 priori
695 3787 755 3822 ora·
805 3786 865 3820 cum
882 3769 1066 3835 quadraginta
1083 3769 1260 3820 schoenorum
1276 3770 1309 3830 (i.
1322 3785 1346 3820 e.

210 3841 294 3892 tionis
310 3847 461 3906 structura,
482 3857 562 3907 quam
580 3841 656 3906 sequi
675 3841 755 3890 debe·
808 3839 874 3891 1600
893 3837 1057 3901 stadiorum,
1076 3839 1100 3888 si
1111 3838 1220 3904 quidem
1233 3839 1348 3903 qnadra-

211 3911 274 3974 bat,
299 3911 435 3975 neglecta.
477 3911 621 3975 Aquibus
645 3910 755 3974 partici—
806 3908 883 3974 ginta
902 3907 993 3957 stadia
1013 3923 1096 3958 unum
1115 3908 1261 3959 schoenum
1278 3924 1349 3959 com·
1432 3917 1436 3922 '

212 3978 265 4042 piis
284 3979 402 4043 pendere
420 3981 593 4031 accusativos
617 3995 677 4029 curu
695 3979 755 4028 inti·
806 3974 895 4042 plant)
913 3991 974 4026 esse
994 3975 1116 4040 dicatur,
1140 3977 1159 4028 i.
1179 3993 1203 4028 a.
1222 3977 1274 4044 331
1292 3977 1350 4028 mil-

211 4046 308 4109 uitivo,
327 4049 373 4111 qui
391 4053 554 4114 sequautur,
582 4049 629 4098 vix
647 4063 756 4098 monere
806 4045 880 4095 liarr
895 4047 1068 4111 germanice,
1086 4015 1172 4096 1ιόο’
1150 4063 1190 4097 sic
1204 4047 1272 4097 satis
1285 4063 1349 4097 con·

213 4115 265 4166 erit
280 4131 405 4179 necesse,
424 4119 465 4167 ita
480 4117 666 4198 utapodosis‚
686 4131 756 4192 quala
806 4114 1349 4167 venirecomoraemaritimaamensura

212 4185 376 4264 respondeat
405 4186 511 4236 verbis.
544 4173 613 4267 a}
591 4201 633 4264 ιμν
657 4177 756 4262 βουλό·
806 4184 870 4234 inde
888 4183 1029 4248 aOanopo
1046 4199 1132 4248 usque
1152 4185 1187 4235 ad
1202 4185 1349 4246 Pelusium,

212 4251 289 4317 μιθα
313 4247 440 4318 γνώμῃσι
471 4252 536 4319 τῇσι
560 4245 665 4302 Ἰόνιον
690 4251 756 4316 poci-
807 4267 876 4317 quae
904 4253 989 4302 ferme
1013 4253 1183 4303 existimetur
1213 4269 1273 4304 osse
1298 4255 1350 4322 311

214 4319 293 4386 σθαι,
308 4322 422 4388 incipiat
434 4323 540 4374 demum
553 4317 755 4373 averbisdrro-
807 4321 993 4372 milliariorum
1021 4321 1350 4387 geographicorum.1n

207 4524 253 4536 ,μ
