3008 4924
474 277 725 339 EUTERPE.
748 278 790 338 Π.
814 284 874 340 159.
898 284 959 339 160.
1218 275 1279 337 797

147 453 183 520 ἐν
199 449 369 544 Μαγδόλῳ
389 453 539 541 ἐνίκησε·
563 447 645 542 μετά
667 450 704 520 δὲ
725 447 787 540 τὴν
802 449 910 540 μάχην
928 447 1081 519 Κάδυτιν
1101 447 1201 518 πόλιν
1221 453 1280 537 τῆς

146 562 274 644 Συρίης
290 558 412 625 ἐοῦσαν
426 555 574 645 μεγάλην
589 549 667 624 εἷλε.
682 557 720 624 ἐν
733 561 773 646 τῇ
787 554 825 624 δὲ
839 555 957 643 ἐσθῆτι
973 559 1067 641 ἔτυχε
1081 557 1185 622 ταῦτα
1200 580 1278 621 κατ-

147 657 387 747 εργασάμενος,
416 655 564 749 άνίθηκε
590 661 637 753 τῷ
653 655 856 743 Ἀπόλλωνι,
887 659 1018 745 πέμψας
1038 660 1071 737 ἐς
1091 663 1280 748 Βραγχίδας

144 759 222 842 τούς
236 769 426 851 Μιλησίων.
443 761 525 853 μετά
540 764 577 834 δὲ
592 766 769 833 ἑκκαίδεκα
783 767 858 832 ἔτεα
872 758 912 830 τά
926 761 1035 830 τιάντα
1049 758 1149 850 άρξας
1162 771 1277 831 τελευ-

144 869 195 956 τᾷ,
210 871 257 960 τῷ
273 868 368 936 παιδὶ
385 867 502 958 Ψάμμι
516 863 687 959 παραδὸὐς
701 864 763 956 τὴν
776 863 892 959 ἀρχήν.

217 967 288 1038 Ἐπὶ
307 975 428 1040 τοῦτον
449 969 490 1062 δὴ
510 969 569 1042 τὸν
591 970 732 1060 Ψάμμιν
752 967 974 1060 βασιλεύοντα
997 966 1173 1055 Αίγύκτον
1197 963 1275 1036 άιτί-
1288 977 1347 1038 166

145 1099 243 1142 κνντο
253 1069 394 1144 Ἠλείων
408 1072 552 1166 [ἄνδρες]
568 1073 713 1162 ἄγγελοι,
729 1072 904 1164 αὐχέοντες
918 1071 1112 1141 δικαιότατα
1126 1072 1182 1140 καὶ
1196 1069 1276 1139 κάλ-

146 1185 240 1246 λιστα
254 1179 387 1248 τιθέναι
401 1177 460 1249 τδν
475 1183 512 1250 ἐν
525 1176 689 1268 Ὀλυμπίῃ
703 1173 818 1265 άνῶνα
832 1176 970 1247 πάντων
990 1172 1204 1266 ἀνθράκων,
1223 1176 1279 1244 καί

146 1349 342 1412 cuptemnegst
352 1347 444 1412 Heyse
455 1347 567 1410 Quaest.
581 1345 684 1399 Herod.
737 1347 884 1409 Psemmin,
901 1345 947 1411 qui
959 1345 1095 1397 Neronem
1107 1347 1218 1394 secutus
1229 1345 1279 1406 est,

145 1431 207 1482 pag,
227 1418 269 1478 65,
288 1415 316 1465 id
340 1415 474 1482 quomodo
497 1433 557 1468 eum
581 1417 686 1483 reliqua
738 1433 798 1468 mox
816 1421 961 1466 narrentur
980 1431 1047 1492 cup.⁸
1062 1413 1120 1466 166.
1196 1472 1209 1493 u

144 1501 283 1536 sscrorum
301 1484 430 1536 librorum
448 1489 605 1538 narratione
624 1504 686 1538 con·
772 1478 921 1536 ἑκκαίδεκα
937 1479 999 1535 ἔτεα
1017 1500 1052 1533 τα
1076 1478 1169 1532 πάντα
1186 1477 1279 1548 Ιαρξας

144 1555 233 1604 silleri
251 1561 348 1622 quest,
373 1555 496 1622 equidem
519 1557 590 1608 bend
607 1557 686 1608 intel·
737 1572 762 1606 κ.
776 1573 799 1606 τ.
818 1555 854 1622 λ.]
872 1557 914 1606 De
929 1555 1045 1606 sedecim
1055 1554 1150 1616 suuis,
1170 1554 1215 1618 qui
1227 1553 1280 1602 Ne·

144 1624 209 1690 ligo.
244 1625 360 1691 Reliqua
378 1627 506 1692 Aegyptii
518 1629 590 1692 regis
609 1629 686 1678 iacta
737 1627 800 1677 coni
826 1627 994 1688 tribuuntur,
1025 1623 1081 1674 dixi
1105 1623 1139 1673 sd
1164 1623 1203 1684 11,
1229 1619 1279 1672 158

145 1693 195 1743 hac
207 1695 235 1742 in
246 1695 419 1760 expeditione
434 1695 468 1745 eb
483 1697 622 1748 Herodoto
632 1713 686 1746 nou
737 1697 797 1746 init.
822 1697 903 1746 Hunc
919 1695 964 1760 qui
978 1694 1079 1760 excipit
1090 1693 1219 1754 Psameris,
1231 1707 1279 1743 sex

145 1763 310 1815 indicantur.
347 1765 401 1815 Sed
423 1781 455 1814 ex
478 1766 575 1816 iisdem
600 1768 685 1816 enoris
738 1781 824 1815 annos
851 1779 981 1830 regnasse
1008 1763 1107 1814 dicitur
1131 1779 1191 1828 cap.
1219 1763 1276 1824 161,

144 1832 221 1882 libris
245 1836 383 1898 novimus,
407 1835 542 1885 Neronem
561 1851 577 1885 e
597 1836 686 1886 Nebu-
738 1835 924 1886 consentiente
936 1834 1065 1884 Atriceno
1077 1831 1276 1899 spudSyucell.

145 1903 330 1954 chodonosoro
341 1905 375 1955 ad
385 1905 533 1955 Circesium
547 1905 623 1956 iuxts
633 1907 687 1956 Eu·
737 1921 801 1971 psg.
819 1907 852 1958 75
871 1921 894 1956 s.
907 1905 965 1966 141,
985 1904 1031 1954 nbi
1046 1898 1220 1968 Ψάμμονθις
1234 1917 1280 1952 vo·

145 1973 267 2038 pbretem
292 1975 382 2024 iusum
407 1975 578 2026 occubuisse.
622 1976 685 2026 Vid.
738 1983 830 2039 catur,
855 1975 1034 2026 dissentiente
1057 1973 1175 2024 Eusebio
1200 1971 1277 2036 (ibid.

146 2043 242 2092 ierem.
262 2044 362 2108 XLVI,
381 2047 407 2095 2.
432 2045 461 2094 11
481 2046 568 2110 Regg.
587 2045 687 2109 XXIV,
737 2061 800 2110 psg.
818 2045 851 2097 76
869 2061 891 2095 a.
911 2059 975 2110 pag.
996 2044 1066 2108 143),
1083 2043 1128 2094 ubi
1143 2033 1278 2107 Ψάμμον-

146 2113 278 2176 tibique
296 2113 416 2164 Thenius
439 2130 502 2180 pag.
524 2116 584 2165 411.
622 2115 686 2166 Chr.
738 2115 788 2173 θις
799 2111 902 2180 ἕτερος,
919 2105 950 2170 ὃς
968 2111 1015 2162 καὶ
1029 2105 1221 2178 Ψαμμήτιχος,
1239 2127 1279 2162 se-

145 2183 180 2231 11.
191 2182 295 2232 Kelkar
308 2183 475 2234 Lamentstt.
486 2186 587 2248 (Hevn.
597 2185 684 2250 1836.)
738 2186 899 2252 ptemdecim
919 2177 973 2249 (ιζ’)
992 2200 1078 2234 annos
1092 2197 1222 2249 regussse
1240 2181 1279 2232 di·

144 2267 207 2317 psg.
227 2251 243 2303 3
262 2268 337 2320 seqq.
373 2253 415 2304 De
432 2253 544 2320 reliquis
558 2254 620 2305 vide
633 2255 687 2305 Ex·
739 2258 822 2306 citur:
846 2254 927 2320 idque
945 2254 1033 2318 ipsum
1051 2253 1086 2304 ad
1109 2269 1201 2303 verum
1219 2267 1278 2317 pro-

144 2337 250 2372 cursum
270 2324 304 2374 sd
321 2324 346 2375 h.
367 2323 386 2374 l.
737 2327 798 2391 pius
811 2323 1182 2378 accederestatuitRosellini
1193 2323 1277 2388 (Mon.

180 2383 210 2440 ἐν
225 2386 401 2461 Μαηδόλῳ
425 2384 545 2458 ἐνίκησε)
566 2394 584 2444 1.
605 2411 628 2444 e.
652 2394 688 2443 ad
738 2395 885 2448 mericii.
905 2410 968 2460 pug.
987 2393 1036 2444 136
1048 2409 1123 2460 seqq.
1144 2393 1213 2459 151),
1231 2393 1279 2442 tri·

145 2461 373 2526 Mupdolumvicit.
410 2463 488 2514 Cous.
502 2465 539 2526 ΙΙ,
555 2463 603 2516 163
618 2464 684 2528 ibiq.
737 2467 823 2518 bueus
846 2465 908 2516 huie
933 2464 992 2532 regi
1017 2465 1169 2530 quindecim
1191 2478 1278 2514 eunos

143 2537 201 2582 not.
237 2534 278 2583 De
297 2534 357 2598 ipss
380 2534 446 2584 urbe
463 2533 542 2599 plura
563 2535 686 2600 dispute—
737 2552 873 2602 unumque
892 2551 1025 2585 mensem:
1052 2536 1085 2586 de
1112 2535 1209 2601 quibus
1228 2549 1278 2583 nu·
1323 2569 1328 2576 .

142 2601 229 2652 vimus
247 2603 275 2652 in
292 2605 417 2654 Excursu
434 2605 468 2654 ad
487 2607 512 2655 b.
530 2603 548 2658 l.
738 2607 818 2656 meris
845 2605 918 2657 conl.
940 2621 1046 2670 quoque
1069 2605 1187 2656 Boeclrb.
1213 2603 1231 2654 l.
1258 2603 1276 2653 l.

178 2663 337 2721 Κάδυτιν
370 2669 455 2723 πόλιν
484 2672 534 2738 τῆς
562 2671 683 2740 Συρίης]
736 2693 799 2742 pag.
824 2676 875 2728 733
898 2691 955 2740 seq.
990 2676 1124 2740 Equidem
1145 2673 1278 2724 Herodoti

143 2741 319 2808 Hierosolyma
329 2742 507 2809 intelligenda
525 2759 584 2794 esse
595 2744 621 2792 in
632 2745 684 2795 Hx·
736 2752 764 2797 et
782 2745 906 2798 Africani
929 2746 959 2806 (i.
983 2761 1006 2794 e.
1025 2743 1211 2808 Manethonis)
1231 2759 1278 2794 uu-

143 2825 224 2859 cursu
242 2812 277 2860 ud
296 2811 322 2862 b.
343 2811 360 2861 l.
383 2813 601 2862 monstravimus.
735 2817 889 2866 ctoritatem
903 2814 979 2878 sequi
994 2813 1082 2864 ruelirn
1092 2813 1206 2878 indeque
1216 2827 1276 2862 cum

177 2870 368 2944 irrepentem
379 2874 612 2946 τῦὺςΜιλησίων)
621 2881 682 2932 Vid.
733 2887 863 2936 Fisclrero
876 2883 994 2950 (Grieeh.
1008 2883 1153 2933 Zeittaielu
1163 2899 1187 2946 p.
1207 2881 1275 2943 165.)

142 2947 244 2998 Herod.
263 2949 286 3011 Ι,
304 2947 338 2999 92
355 2949 446 3015 ibique
464 2956 521 3000 not.
562 2951 603 3000 Ne
623 2953 684 3016 quis
734 2955 871 3006 Psummin
900 2955 1004 3003 huncce
1031 2968 1131 3018 ponere
1156 2953 1183 3000 in
1211 2965 1274 3000 unu.

143 3016 254 3066 miretur
271 3018 435 3069 Graecorum
453 3019 503 3069 deo
526 3025 630 3070 vestem
648 3021 682 3070 ab
734 3025 872 3076 606-565
887 3029 950 3074 ente
964 3021 1026 3072 Chr.
1043 3037 1070 3074 n.
1106 3022 1210 3071 Nomen
1226 3021 1274 3069 hu-

142 3087 336 3152 Aegyptiorum
354 3103 417 3154 rege
436 3087 555 3140 dedicari
566 3089 684 3155 indeque
733 3096 775 3144 ius
793 3095 865 3160 regis
883 3081 912 3143 iri
930 3091 1110 3142 monumentis
1127 3091 1275 3156 Aegyptio-

143 3171 248 3206 omuem
263 3157 333 3208 hunc
351 3160 533 3210 narrationem
549 3159 683 3224 improba·
733 3180 792 3214 rum
817 3165 925 3214 obvium
942 3162 1023 3212 scribi
1042 3161 1179 3222 Psametr'k,
1203 3161 1275 3210 idem

142 3225 224 3275 bilem
241 3227 328 3277 videri
346 3233 466 3292 statuet,
484 3233 515 3280 ut
534 3228 600 3278 iecit
619 3229 685 3279 wil·
734 3235 863 3285 observat
887 3231 1017 3284 Rosellini
1035 3231 1054 3281 l.
1073 3231 1091 3281 l.
1134 3232 1177 3281 Tu
1200 3231 1272 3281 conf.

141 3295 594 3364 kiusou.b1unnersetc.1.psg.
619 3299 682 3351 165:
732 3319 837 3370 quoque
856 3303 931 3354 Cless
949 3303 992 3352 iu:
1020 3301 1107 3367 Pauly
1128 3301 1275 3366 Reulency-

141 3365 202 3430 ipsa
219 3366 286 3416 baec
309 3383 352 3417 res
378 3370 446 3418 setis
470 3373 587 3419 testetur
613 3385 684 3420 com·
732 3374 868 3440 clop.V1‚
889 3373 911 3424 l.
931 3388 994 3438 pag.
1015 3371 1074 3424 166.

141 3436 268 3486 mercium
288 3437 483 3503 Aegyptiorum
500 3445 582 3504 atque
601 3439 683 3490 Grae·

141 3521 233 3557 corum
254 3507 317 3558 iude
339 3523 357 3558 s
376 3509 562 3560 Psummitichi
582 3515 683 3575 tempo·
921 3546 978 3597 Off
1007 3547 1077 3596 CLX

142 3576 217 3626 ribus
235 3577 315 3628 valde
337 3583 447 3630 suctum
470 3595 503 3629 eo
519 3587 681 3644 promotum,
981 3583 987 3596 '
1081 3583 1088 3597 '

141 3651 258 3712 apteque
276 3648 326 3698 boc
345 3647 403 3699 loco
415 3650 536 3700 meminit
545 3651 681 3700 Letrnnue
766 3639 871 3715 άνδηες
895 3641 1019 3716 ἄγγελοι]
1045 3639 1147 3713 ἄνδρες
1171 3649 1199 3698 in
1218 3645 1274 3712 plc-

141 3715 171 3780 (l.
192 3717 210 3768 l.
228 3733 292 3783 peg.
305 3719 349 3781 tu)
360 3719 479 3784 ipsorum
489 3719 600 3782 Ionum,
616 3735 681 3784 quo·
731 3725 823 3786 risque
842 3720 917 3771 libris
932 3721 1042 3784 seriptis
1057 3735 1111 3770 uon
1127 3718 1273 3779 invenitur,

139 3802 198 3836 rum
223 3803 305 3852 opera
322 3789 396 3840 Nece
419 3790 447 3838 in
471 3788 542 3839 bello
568 3790 680 3854 Syriaco
732 3790 779 3841 sed
805 3791 863 3840 iure
890 3789 1012 3841 additum
1043 3805 1060 3840 s
1081 3787 1272 3850 Wesselingio,

139 3857 181 3906 ita
198 3857 306 3907 adiutus
323 3858 413 3922 suerit,
433 3858 680 3910 uthocmodoeos
731 3859 1013 3926 quieoufert1‚90.
1040 3861 1098 3911 141.
1139 3857 1273 3922 Equidem

139 3929 305 3978 remunerari
326 3928 451 3979 voluerit.
488 3929 577 3994 Atque
600 3929 679 3979 Ams-
730 3930 807 3980 uncis
827 3929 942 3992 additis,
961 3935 992 3980 ut
1007 3929 1044 3992 ΙΙ,
1068 3929 1125 3990 158,
1144 3928 1172 3978 id
1185 3925 1273 3977 deela-

140 3995 221 4060 sidir,
242 3998 288 4063 qui
306 3998 433 4049 seminem
451 3999 583 4050 Greecsm
602 3999 683 4049 duxe-
733 4015 794 4049 rare
803 3999 903 4062 studui,
911 4000 983 4064 quod
992 4000 1063 4049 idern
1071 3998 1135 4048 iecit
1144 3997 1270 4056 Dietscb;

140 4070 184 4113 rut
201 4067 312 4132 ipseque
336 4062 469 4132 φιλέλλην
482 4083 498 4118 a
512 4068 612 4119 Nostro
632 4067 680 4132 (11,
732 4069 828 4134 reliqui
852 4069 1037 4134 neglexerunt.
1057 4095 1091 4105 -
1108 4068 1173 4117 Mox
1191 4058 1273 4130 αὐχέ-

141 4133 203 4196 178)
221 4135 337 4200 dicitur‚
356 4137 427 4188 dous
446 4138 610 4189 Graecorum
629 4139 681 4188 diis
732 4152 811 4196 οντες
835 4143 877 4187 est
899 4142 1036 4202 iactantes,
1059 4141 1213 4204 plor-tames,
1243 4140 1281 4186 ut·

138 4204 301 4270 templisque
319 4205 412 4257 oblata
429 4208 501 4257 intra
523 4223 681 4258 commemo·
731 4208 792 4269 VII,
814 4207 872 4258 10³.

139 4278 234 4322 rentur
258 4275 374 4337 11‚180.
416 4278 453 4326 Et
476 4277 549 4327 conf.
574 4292 680 4343 quoque
766 4266 1268 4343 τιθέναιτὸνίνὈλνμττίηάηάνα]

140 4355 187 4405 es,
206 4357 276 4407 quse
294 4343 327 4394 de
345 4345 471 4396 Eleorum
489 4345 626 4412 legatione
644 4347 679 4397 ad
729 4347 824 4398 Mouet
844 4345 976 4398 Vulclren.
1000 4345 1101 4408 (locum
1124 4345 1272 4411 adscripsit
