3088 4922
224 255 286 320 458
660 262 929 327 HERODOTI

226 447 364 528 εἴρηται.
395 433 478 526 φέρε
492 435 529 505 di
542 441 608 507 νῦν
621 439 677 508 καὶ
690 434 821 508 αὐτοῖσι
837 443 1064 526 Αἰγυπτίοισι,
1078 432 1121 518 ὥς
1137 443 1216 526 ἔχει,
1233 438 1363 527 φράσω.

226 552 260 612 ελ
278 560 339 629 σφι
367 538 540 629 ἐθελήσει,
573 536 617 621 ὥς
644 544 700 612 καὶ
725 541 890 630 πρότερον
912 541 1026 626 εἶπον,
1049 537 1070 630 ἡ
1090 541 1180 631 χώρη
1201 537 1222 630 ἡ
1241 548 1363 632 ἔνερθε

225 643 384 734 Μέμφιος
398 640 498 732 (αὕτη
512 643 576 734 γάρ
592 647 661 716 ἐστι
676 641 697 735 ή
711 643 936 734 αὐξανομένη)
953 642 1035 714 κατὰ
1050 643 1151 732 λόγον
1168 651 1229 716 τοῦ
1243 672 1361 734 ιιαροι-

224 751 368 840 χομένου
383 747 507 838 χρόνον
520 750 553 828 ἐς
567 746 653 830 ὕψος
665 745 882 837 αὐξάνεσθαι,
897 747 979 819 ἄλλο
989 777 1019 818 τι
1034 744 1055 838 ἦ
1068 753 1103 819 oi
1112 749 1218 838 ταύτῃ
1233 753 1361 820 οἰκέον-

224 881 277 934 τες
285 857 484 940 Αἰγυπτίων
498 852 706 942 πεινήσουσι,
723 860 755 922 εἰ
767 853 849 944 μήτε
863 881 901 940 γε
914 850 1033 923 ὕσεταί
1044 848 1135 941 σφιή
1150 853 1252 942 χώρη,
1265 853 1347 942 μήτε
1359 873 1367 922 1
1377 873 1409 924 lo

224 954 243 1027 ὁ
258 953 403 1045 ποταμὸς
419 949 487 1036 οἷός
502 953 533 1024 τ’
552 963 643 1025 ἔσται
659 960 691 1038 ἐς
705 955 762 1038 τὰς
778 955 925 1046 ἀρούρας
941 952 1173 1046 ὑπερβαίνεινς
1187 949 1306 1044 ‘Hyde
1321 955 1363 1045 δή

223 1067 290 1133 νῦν
307 1049 455 1149 γεοῦτοι
476 1056 706 1149 ἀπονητότατα
727 1058 858 1150 καρτὸν
876 1068 1065 1150 κομίζονται
1084 1063 1121 1128 ἐκ
1142 1065 1219 1148 γῆς,
1240 1066 1309 1130 τῶν
1326 1088 1362 1130 τε

224 1265 268 1317 28.
287 1266 331 1316 50.
352 1265 416 1324 151;
436 1262 469 1313 de
485 1264 595 1329 passivo
610 1253 713 1314 ὕεσθαι
727 1269 766 1314 ut-

225 1335 275 1386 tuli
293 1335 369 1385 locos
388 1333 423 1383 ad
441 1333 463 1395 1,
485 1332 549 1396 1933
575 1335 608 1384 de
627 1335 708 1385 modii
727 1335 767 1384 fu-

224 1411 301 1468 turo,
325 1404 397 1469 quod
421 1403 533 1468 passivo
557 1419 638 1454 sensu
658 1403 768 1454 adhibe·

225 1480 281 1536 tur,
301 1478 328 1524 et
346 1473 373 1523 11.
391 1474 408 1523 1.
429 1477 457 1522 et
472 1488 533 1536 cup.
553 1474 597 1536 tt,
618 1473 695 1539 pluru
713 1474 768 1524 dis-

818 1263 951 1314 neminem
980 1262 1065 1328 fugit,
1094 1277 1257 1327 quamquem
1290 1264 1362 1314 omui

818 1334 869 1384 hoe
888 1333 971 1383 dubio
989 1337 1073 1394 curet,
1090 1333 1244 1397 Aegyptum
1263 1332 1362 1398 pluviis

818 1419 925 1469 quoque
944 1401 1058 1452 coelitus
1082 1402 1173 1451 missis
1198 1403 1306 1469 irrigari
1324 1403 1362 1452 id-

820 1489 872 1538 que
901 1472 984 1523 cortis
1012 1471 1171 1537 plerumque
1198 1473 1363 1538 temporibus

225 1545 309 1595 seruit
327 1544 429 1593 lenson
448 1543 476 1591 in
493 1543 608 1593 Jahrbb.
630 1545 649 1595 i.
668 1542 767 1593 Philol.

225 1631 251 1664 n.
277 1613 398 1678 Puedeg.
426 1611 520 1676 Suppl.
547 1613 623 1664 XIX.
651 1611 679 1678 p.
707 1612 767 1664 510.

224 1684 319 1746 Puto,
338 1687 369 1732 ut
385 1681 517 1732 Valckeu.
534 1687 627 1744 notet,
647 1689 668 1734 t.
683 1683 721 1733 11.
740 1699 766 1747 p.

225 1753 318 1805 7611.
337 1752 435 1804 81111.
455 1752 507 1802 111.
527 1768 553 1817 p.
567 1753 613 1803 111
628 1753 658 1804 G.
679 1769 768 1820 aquom

223 1824 332 1888 pluviam
355 1821 424 1871 dixit
449 1812 483 1870 τὰ
506 1812 535 1871 ἔτι
554 1813 624 1879 Διὸς
648 1839 671 1873 s.
691 1814 768 1886 παρὰ

224 1891 275 1942 τοῦ
291 1883 361 1949 Διὸς
378 1881 483 1946 ὕδατα,
503 1883 537 1941 τὰ
556 1881 585 1940 ἔτι
597 1885 668 1950 Διὸς
686 1887 768 1942 ἰόντα

226 1955 343 2025 νάματα.
364 1993 397 2002 -
414 1963 455 2013 Do
474 1953 517 2012 ὅτι
536 1953 574 2028 μὴ
593 1963 665 2013 eous.
684 1963 706 2024 1,
727 1963 767 2013 18.

419 2202 486 2254 Cur.
504 2203 578 2254 XIV.

260 2304 290 2358 εἴ
309 2320 359 2370 σφι
380 2295 519 2371 ἐθελήσει]
546 2307 684 2357 Revocevi
706 2295 769 2356 ἐθε-

819 1541 878 1592 fieri
902 1558 953 1592 nee
972 1557 1025 1592 uuo
1053 1541 1202 1606 eodemque
1226 1543 1306 1594 modo
1332 1559 1364 1594 eo

819 1617 940 1676 temporo
959 1627 1006 1676 per
1018 1627 1110 1661 omues
1125 1611 1244 1677 Aegypti
1261 1615 1363 1678 portes.

818 1682 1029 1746 Frequentiores
1047 1681 1118 1732 euim
1133 1682 1233 1732 imbres
1251 1683 1280 1732 in
1296 1683 1364 1733 inie-

819 1752 884 1802 riori
911 1751 1030 1816 Aegypti
1059 1755 1163 1812 tractu,
1191 1752 1308 1803 rariores
1334 1753 1364 1802 in

819 1821 951 1886 superiori
962 1836 1049 1885 eoque
1060 1820 1194 1885 inprimis,
1208 1822 1256 1886 qui
1266 1837 1283 1872 e
1295 1821 1364 1872 The·

818 1892 861 1942 bis
885 1891 949 1940 iude
970 1906 1057 1954 nsque
1080 1890 1115 1940 ed
1134 1891 1249 1956 Syenem
1267 1891 1364 1942 tendit.

818 1961 903 2012 Plura
920 1957 1031 2024 collegit
1042 1961 1205 2012 Hertmuun.
1224 1960 1242 2011 1.
1261 1961 1280 2012 1.
1300 1977 1362 2027 pug.

818 2031 852 2084 32
871 2046 962 2094 seqq..
989 2030 1032 2079 cui
1052 2029 1115 2081 edd.
1134 2031 1167 2079 L.
1187 2029 1221 2080 de
1239 2031 1364 2082 Leborde

819 2101 847 2150 iu
870 2101 964 2150 Revne
990 2099 1122 2162 frangeis.
1150 2099 1264 2150 Jeuvier
1287 2102 1363 2152 1820.

819 2187 846 2236 p.
860 2170 903 2220 51.
917 2171 985 2230 not,
998 2169 1054 2219 Ios.
1069 2168 1102 2218 de
1114 2171 1250 2220 Hammer.
1271 2171 1298 2220 iu
1312 2171 1364 2220 An-

819 2238 886 2290 111111.
911 2237 1060 2288 viennens.
1080 2239 1140 2290 Vol.
1163 2240 1247 2290 XLV.
1269 2256 1295 2304 p.
1320 2241 1363 2302 07,

820 2309 907 2360 Ideler
936 2308 970 2357 ed
992 2309 1134 2360 Meteorol.
1164 2313 1231 2358 vett.
1260 2310 1305 2360 Gr.
1336 2315 1364 2359 et

225 2369 316 2442 λήσει,
341 2375 410 2440 quod
430 2375 627 2440 Wesselingius
649 2375 769 2438 dederet,
820 2381 898 2430 Rom.
917 2392 944 2440 p.
966 2377 1025 2429 106.

225 2465 242 2499 a
261 2444 413 2510 Schweigh.
441 2449 468 2494 et
492 2445 580 2496 Gaisi.
606 2447 770 2496 auctoritate
855 2437 945 2513 ήγάρ
965 2439 1068 2511 dipsis
1082 2460 1111 2509 γε
1129 2431 1362 2508 οὗτοιᾶττονητό·

225 2515 355 2576 Μεᾱίοεί,
374 2513 538 2578 morentini,
556 2514 669 2564 eliorum
689 2515 767 2569 codd.
820 2532 889 2567 τατοι
901 2511 1197 2580 τιαρτιὸνιιομίζονται]
1210 2513 1360 2580 Schweigh.

226 2589 359 2638 mutatum
375 2585 403 2633 in
420 2581 516 2647 θέλοι,
537 2585 613 2635 cuius
630 2585 768 2636 locoDin-
821 2604 881 2639 oum
902 2587 978 2636 hisee
1000 2587 1140 2648 comperet
1165 2583 1311 2634 Pindurioe
1333 2583 1363 2632 in

226 2655 290 2708 dori
306 2659 334 2704 et
343 2653 457 2704 Dietsch
475 2654 606 2704 dederunt
621 2644 716 2704 ἐθέλοι
735 2671 768 2706 se
820 2657 929 2722 Olymp.
955 2655 996 2716 11,
1017 2654 1076 2704 111.
1101 2669 1123 2702 s.
1143 2651 1178 2702 03
1196 2667 1289 2717 seqq..
1314 2653 1362 2702 ubi

226 2743 260 2778 ex
282 2725 354 2791 lege,
380 2739 413 2774 ex
435 2739 489 2788 quo
511 2723 680 2775 Herodotum
702 2742 769 2776 uun·
819 2727 961 2777 beatorum
985 2724 1121 2774 hominurn
1146 2722 1266 2773 conditio
1291 2723 1364 2772 simi-

226 2812 307 2863 quum
326 2790 437 2855 θέλειν,
462 2794 510 2844 sed
536 2809 641 2859 sempor
658 2785 768 2845 ἐθέλειν
819 2796 918 2846 1οτ11111
939 2793 1046 2844 modum
1065 2791 1237 2843 describitur.
1274 2793 1363 2858 Atque

226 2865 369 2932 scripsisse
399 2862 507 2914 volunt:
539 2864 574 2914 ei.
598 2865 716 2915 Brodov.
739 2881 766 2930 p.
818 2865 983 2916 Herodoteis
1000 2862 1099 2912 similia
1117 2861 1235 2926 produnt
1248 2862 1362 2912 Diodor.

228 2937 287 2998 117,
300 2935 346 3000 qni
359 2934 418 2999 ipse
430 2934 529 2998 probet
540 2923 677 2998 ἐθελήσει,
697 2933 769 3000 qnod
820 2936 843 2996 1,
857 2933 900 2984 30.
921 2931 1061 2983 Columell.
1081 2933 1114 2982 de
1131 2947 1161 2981 ro
1178 2936 1246 2981 rust.
1264 2932 1303 2994 11,
1316 2933 1361 2981 25.

227 3005 293 3056 mihi
310 3005 377 3055 locis
396 3003 510 3068 geminis
523 3004 561 3066 11,
577 3003 618 3054 11.
633 3001 711 3065 001,
724 3004 767 3056 32.
819 3003 963 3064 1111111110,
982 3003 1008 3053 8.
1024 3017 1051 3066 p.
1064 3000 1116 3052 203
1131 3000 1162 3050 C.
1198 3001 1252 3050 Sed
1270 3017 1363 3051 recen-

228 3074 278 3126 100
289 3073 350 3124 coll.
363 3074 428 3134 VII,
442 3073 554 3123 40111111
565 3073 768 3137 comprobatum
819 3073 898 3124 tioris
916 3073 1018 3122 notetis
1043 3072 1191 3134 scriptores
1211 3071 1233 3118 si
1256 3069 1362 3132 audies,

227 3144 347 3202 videtum
370 3143 516 3206 inquibus
540 3157 610 3208 quse
633 3142 670 3191 sit
692 3143 769 3193 verbi
819 3134 865 3192 vii
882 3141 939 3191 ullu
955 3142 1095 3191 invenitur
1112 3144 1198 3201 terro,
1222 3155 1362 3205 quaeque

227 3214 283 3275 vis,
302 3212 443 3275 attigimus
462 3211 496 3259 ud
514 3211 541 3274 1,
561 3211 594 3262 32
612 3215 640 3261 et
657 3212 700 3274 11,
721 3213 767 3272 113
819 3213 924 3262 fructus
937 3211 1017 3272 ieret,
1032 3210 1120 3274 megin
1131 3209 1268 3259 hominum
1281 3225 1363 3274 opere

227 3281 371 3332 defuturo
392 3280 428 3330 cf.
447 3280 581 3331 Matthiae
601 3281 647 3331 Gr.
668 3281 714 3332 Gr.
740 3297 768 3345 p.
819 3282 1034 3346 indigeutquem
1047 3280 1198 3344 Aegyptus.
1219 3279 1363 3329 Hiucern·

229 3350 296 3401 1017
314 3365 371 3414 seq.
399 3353 427 3398 et
444 3349 479 3399 ud
500 3339 566 3400 ἄλλο
584 3366 610 3399 τι
631 3338 768 3414 vitreorum)
819 3357 861 3401 tro
884 3365 951 3415 opus
980 3349 1096 3413 aliisque
1117 3349 1303 3398 instrumentis
1326 3349 1362 3398 sd

227 3435 309 3486 supro
326 3418 423 3480 1‚109.
442 3416 653 3484 παροιχομένου
669 3419 769 3469 retinui
820 3425 919 3470 terram
939 3418 1080 3469 colendum
1099 3417 1249 3482 etquidem
1269 3419 1361 3468 stetim

227 3507 288 3542 oum
300 3487 416 3540 Bredov.
431 3505 458 3554 p.
469 3488 519 3541 312
531 3505 579 3554 pro
593 3487 662 3538 falso
674 3504 770 3556 παρῳ-
819 3494 882 3555 post
891 3487 982 3539 Nilum
994 3501 1156 3552 regressum,
1170 3503 1203 3536 ne
1216 3487 1303 3538 solnm
1314 3487 1362 3538 flet

228 3573 378 3692 agriopae
397 3641 427 3691 pe
450 3615 550 3677 ὕσεταί
571 3639 621 3691 σφι
640 3615 657 3691 ἡ
678 3617 767 3692 χώρη]
820 3556 1362 3692 11111ιῖ11111ἰῗὲῗήτετὲῃοῑιαζῖῗὶξτῒτῖὺιιτξήε,11]]ιὲ

227 3701 268 3751 De
285 3697 403 3748 lectione
417 3711 488 3746 nnuc
505 3697 633 3746 restitute
648 3695 716 3746 nihil
731 3697 770 3746 di·
819 3699 870 3748 bus
890 3711 961 3762 uque
979 3711 1027 3760 per
1046 3711 1155 3760 campos
1173 3695 1362 3746 disseminetur

228 3767 410 3826 cerouttiuet3
424 3766 677 3830 deipresententis
690 3781 770 3830 quse·
820 3781 921 3831 eosque
947 3764 1092 3814 fertiliores
1119 3763 1225 3813 reddet.
1261 3765 1362 3815 Videas

229 3838 290 3887 dum
309 3835 409 3885 addere
426 3836 512 3884 iuvet.
549 3835 769 3898 NumqueHero-
819 3837 1017 3885 Hertmunuum
1031 3833 1081 3884 1.1.
1100 3847 1164 3897 pag.
1184 3831 1234 3882 100
1247 3837 1274 3883 ε1
1287 3833 1362 3884 coni.

229 3905 309 3956 dotus
336 3905 362 3952 in
390 3901 422 3954 ed
449 3903 505 3954 fero
531 3904 656 3968 opinione
683 3903 768 3952 fuisse
820 3905 904 3954 etiem
931 3902 1155 3967 Hengstenberg:
1182 3901 1235 3951 Dis
1256 3903 1376 3956 Biiohcr.

228 3972 352 4035 videtur,
375 3974 526 4038 Aegyptum
544 3973 643 4036 pluviis
665 3987 720 4022 nou
736 3973 770 4021 ir·
820 3974 906 4023 Musis
929 3989 957 4036 p.
975 3971 1026 4022 228
1045 3987 1103 4036 seq.
1140 3971 1236 4034 Neque
1258 3975 1363 4020 veteres

228 4041 322 4107 rigori.
359 4041 447 4102 Quem
471 4041 582 4092 eundem
608 4041 769 4090 seutentiam
820 4041 971 4106 Aegyptios
989 4039 1284 4106 ratisponensium,
1304 4040 1364 4103 ipse

229 4127 283 4162 non
295 4109 380 4160 solum
390 4114 496 4160 veteres
509 4109 639 4173 quosdam
650 4110 771 4159 tenuisse
821 4116 996 4161 monuments
1008 4112 1076 4161 setis
1089 4109 1243 4167 'declarent
1262 4109 1291 4157 in
1306 4109 1364 4172 qui-

230 4179 314 4242 (eoni.
335 4179 373 4232 Is.
391 4179 471 4228 Voss.
497 4177 531 4227 ed
555 4180 685 4242 Pompon.
705 4178 769 4228 Mel.
820 4180 871 4229 bus
885 4195 963 4230 omns
976 4195 1043 4244 opus
1061 4177 1192 4229 rusticum
1211 4193 1365 4242 repraesen-

229 4249 252 4310 Ι,
270 4249 287 4300 0
306 4246 392 4310 init),
415 4262 508 4296 vorum
534 4246 616 4295 etium
640 4247 771 4296 recentio-
820 4245 1365 4311 11111111σοῃτρ1τ1ο111ο11111111ο,α111ι11

228 4317 267 4369 ris
289 4316 388 4368 estatis
415 4316 632 4382 peregrinatores
657 4315 770 4380 aliquot,
821 4331 946 4382 agrorum
958 4317 1091 4367 culturum
1103 4316 1282 4381 pertinentis,
1295 4329 1365 4381 quoe
