3096 4930
634 307 807 370 0L10.1.
829 317 890 372 tur.
1264 307 1326 370 407

195 487 401 577 σαράκοντα,
430 487 499 552 τῶν
518 479 559 552 cci
580 481 689 552 πάντα
709 479 798 571 πλὴν
818 477 892 560 ἕνός
911 483 945 560 ές
965 479 1044 550 ἕλεά
1062 484 1168 551 τεκαὶ
1185 481 1326 569 τενάγεα

197 597 335 663 ἐκδιδοῖ.
386 589 424 656 έν
452 601 538 656 τοῖσι
572 583 774 674 ἀνθρώπους
807 589 1026 673 κατοικῆσθαι
1059 588 1194 672 λέγουσι
1228 590 1327 674 ἰχθῦς

200 691 310 783 ὠμοὺς
334 691 562 778 σιτεομένους,
590 691 706 777 ἐσθῆτι
734 689 770 757 δέ
798 694 992 778 νομίζοντας
1012 693 1157 777 χρᾶσθαι
1183 691 1327 776 φωκέων

144 809 153 826 ’
200 801 349 885 δέρμασι.
389 791 426 863 τὸ
442 793 478 862 δὲ
494 797 531 861 ἓν
550 795 618 861 τῶν
632 790 804 880 στομάτων
823 797 883 860 τοῦ
894 787 1036 878 Ἀράξεω
1050 793 1119 878 ῥέει
1142 789 1197 862 διὰ
1217 803 1325 862 καθα-

200 905 262 992 ροῦ
282 903 315 980 ές
332 895 394 986 τὴν
414 902 572 983 Κασπίην
598 894 782 964 θάλασσαν.
828 888 849 982 ἡ
873 892 909 962 dl
929 899 1064 980 Κασπίη
1083 893 1238 964 θάλασσά
1258 899 1327 965 ἐστι

199 1001 254 1075 ἐπ’
271 1005 413 1089 ἑωυτῆς,
428 996 469 1070 οὐ
483 1004 721 1087 συμμίσγουσα
733 1002 774 1086 τῇ
789 997 882 1085 ἑτέρη
897 995 1062 1084 θαλάσση.
1103 993 1165 1085 τὴν
1185 998 1247 1084 μὲν
1264 995 1328 1085 γὰρ

188 1107 347 1197 Ἕλληνες
368 1110 603 1173 ναυτίλλονται
626 1107 751 1188 πᾶσαν,
772 1101 827 1168 καί
850 1095 871 1189 ἡ
891 1101 953 1181 ἔξω
972 1101 1120 1186 στηλέων
1134 1099 1288 1168 θάλασσα
1310 1096 1331 1189 ἡ

200 1305 341 1362 Eichwald
350 1305 393 1356 1.1.
410 1321 472 1370 pag.
483 1307 526 1365 25,
545 1303 624 1354 modo
636 1307 741 1368 repnte-
791 1300 929 1367 usquead
948 1303 1074 1365 posterae
1098 1300 1197 1350 aetatis
1218 1299 1331 1364 scripto-

201 1397 268 1440 mus,
285 1378 357 1427 hunc
371 1375 470 1434 lacum,
484 1375 560 1424 cuius
573 1373 662 1422 tenuis
674 1372 741 1422 haec
792 1387 849 1433 ree,
870 1386 924 1420 uno
942 1373 1055 1434 excepto
1069 1367 1230 1430 Aristotele,
1249 1367 1331 1433 uulgo

200 1449 235 1500 ad
249 1446 416 1498 Herodotum
428 1444 583 1509 pervenerit
594 1444 678 1504 notio,
694 1441 742 1492 illa
792 1440 942 1502 tradidere,
958 1455 990 1489 ex
1007 1453 1109 1489 oceano
1127 1437 1333 1504 septentrionali

203 1523 294 1570 aetate
305 1531 392 1581 neque
405 1520 509 1564 tantum
523 1513 614 1574 luisse,
626 1516 742 1576 quantus
793 1511 920 1576 Caspium
935 1523 1009 1559 mare
1020 1509 1147 1570 influere,
1166 1507 1264 1572 quade
1276 1507 1333 1571 opi-

202 1605 273 1640 nuuc
290 1586 459 1646 inveniatur,
484 1598 571 1648 neque
589 1583 743 1632 accuratius
793 1581 874 1631 nione
891 1578 969 1644 plura
986 1578 1140 1629 Caaaubon.
1159 1575 1331 1626 adStrabon.

204 1659 312 1710 omuino
330 1655 476 1719 cognitum.
506 1651 566 1702 Alie
585 1651 697 1702 carrderu
714 1651 744 1700 in
794 1651 842 1701 XI.
857 1665 918 1714 pag.
931 1649 982 1698 507
996 1665 1018 1699 e.
1035 1647 1095 1709 773,
1113 1648 1193 1698 Voss.
1208 1645 1242 1694 ad
1256 1647 1334 1694 Pom-

204 1745 259 1780 rem
283 1725 361 1776 affert
380 1723 512 1788 Forbiger
527 1722 546 1771 1.
561 1721 579 1770 l.
599 1721 636 1771 11.
656 1737 681 1785 p.
699 1721 742 1782 rt,
793 1735 855 1784 pon.
880 1717 944 1768 Mel.
964 1717 1019 1779 111,
1035 1717 1127 1779 5,16,
1152 1731 1219 1780 quos
1239 1713 1334 1764 laudat

204 1798 252 1852 aed
266 1796 372 1846 cautius
387 1793 542 1858 pronuntiat
552 1791 639 1842 Ukert
652 1790 670 1842 l.
681 1789 700 1840 l.
715 1804 742 1853 p.
793 1787 1000 1852 Wesselingius‚
1013 1792 1041 1836 et
1054 1801 1123 1851 quae
1137 1785 1193 1834 alia
1203 1783 1281 1848 plura
1294 1783 1333 1831 ai-

205 1871 270 1928 222,
294 1882 327 1916 ex
351 1862 482 1914 Herodoti
499 1862 589 1912 verbis
607 1860 662 1910 tale
680 1858 744 1925 quid
795 1855 1055 1910 ferunthschueke
1067 1853 1200 1905 athelse
1212 1853 1231 1903 l.
1244 1852 1332 1916 l.pag.

205 1936 331 1990 concludi
347 1948 428 1998 posse
446 1947 558 1996 negans.
588 1930 666 1990 Quod
684 1929 745 1978 bra·
796 1927 846 1980 128
855 1941 929 1992 seqq.
941 1930 1010 1975 nott.
1022 1940 1131 1990 τηεμ,
1143 1922 1273 1986 Forbiger
1286 1919 1332 1973 l.l.

206 2008 295 2060 chium
311 2006 340 2054 in
358 2003 486 2067 Caspium
503 2015 576 2050 mare
593 1999 743 2060 delabetur¹
795 2016 821 2063 p.
832 1998 863 2047 31
883 2001 911 2046 et
924 1995 1041 2046 Ukertl.
1055 1995 1073 2044 l.
1094 2010 1119 2058 p.
1137 1992 1196 2052 211,
1217 1992 1262 2054 qui
1279 2005 1334 2038 om-

205 2079 234 2128 id
250 2091 320 2126 nunc
334 2074 391 2123 scre
405 2072 570 2122 exsiccatum
580 2069 667 2120 videri
680 2068 745 2119 scri-
796 2068 868 2117 nium
893 2065 1097 2115 accuratissime
1123 2066 1243 2111 veterum
1270 2059 1336 2108 scri-

206 2149 248 2198 bit
265 2142 420 2204 Eichwald,
445 2142 484 2190 its
502 2145 533 2190 ut
555 2138 687 2203 hodieque
704 2152 748 2186 ve-

207 2217 292 2280 stigia
308 2213 381 2264 alvei
397 2211 525 2274 cognosci
542 2209 664 2273 possint,
683 2210 748 2256 'cirm

207 2302 278 2338 suune
292 2285 366 2334 Oxus
377 2281 410 2346 (s.
425 2281 488 2328 Απα
501 2279 595 2340 Dorja,
609 2293 687 2342 quem
700 2291 747 2340 pro

208 2357 297 2407 Araxe
322 2351 414 2415 habet)
437 2353 513 2400 recta
536 2349 583 2398 ria
607 2348 635 2396 iu
660 2346 748 2397 lacum

209 2425 321 2478 Arelas
342 2419 476 2472 effundat:
500 2434 551 2483 quo
570 2417 631 2466 loeo
650 2415 749 2466 Araxis

209 2496 288 2548 huius
305 2493 369 2544 olim
386 2491 467 2540 tuerit
483 2489 595 2547 ostium,
621 2486 658 2536 ibi
676 2499 748 2534 nunc

209 2579 314 2632 quoque
332 2561 407 2612 cerui
426 2557 543 2619 insulae,
567 2555 748 2613 Tsehelekan,

210 2629 430 2699 Ogurtsehinslii‚
441 2627 510 2678 alias
521 2631 584 2676 ente
594 2625 687 2690 Caspii
696 2639 750 2673 ma-

210 2707 248 2756 ris
266 2704 353 2754 sinum
371 2696 540 2750 Kraanowod
557 2697 634 2747 sitas.

246 2763 276 2822 ἔν
302 2773 375 2822 coici
403 2758 579 2830 ἀνθρώπους
606 2759 751 2824 κατοικη.

214 2841 293 2908 σθαι]
313 2843 359 2894 Sic
370 2839 494 2890 meliores
506 2836 578 2886 libri.
602 2833 689 2898 Vulgo
702 2845 751 2879 κα-

213 2909 400 2965 τοικεῖσθαι.
414 2935 450 2946 -
471 2905 515 2956 Ad
533 2901 701 2969 νομίζοντας
724 2900 752 2948 in

214 2999 287 3061 seqq.
306 2982 343 3032 ci.
362 2981 385 3041 Ι,
402 2979 460 3031 130.

250 3049 307 3118 ὅττι
332 3042 380 3099 διὰ
405 3041 549 3110 καθαροῦ]
590 3035 751 3095 wesseling.

215 3121 333 3192 suppleri
349 3119 425 3170 iubet
441 3107 545 3174 τόπου,
565 3115 595 3159 ut
609 3104 684 3156 duvii
701 3101 752 3182 ljoc

216 3195 315 3246 ostium
333 3205 416 3240 unum
431 3183 599 3247 intelligatur
615 3189 665 3238 per
682 3173 752 3219 τακί·

215 3281 251 3315 nic
264 3261 387 3314 turbidior
402 3265 427 3308 ct
438 3258 545 3306 limosum
556 3247 622 3302 lobi,
638 3257 697 3290 cum
713 3254 753 3288 ro-

215 3336 289 3400 liqua
304 3331 376 3381 ostia
387 3329 415 3377 iu
426 3321 537 3390 paludes
550 3321 701 3378 stagnaque
714 3308 753 3358 iu-

216 3410 279 3454 tosa
301 3399 469 3450 evolvantur.
498 3388 547 3463 §ic
569 3377 754 3454 lusr⁸1V‚{)3

218 3475 252 3524 dc
270 3467 447 3534 Borysthene:
463 3449 529 3520 dee
548 3466 576 3500 τε
594 3447 754 3510 iudaeos

219 3533 296 3604 παρὰ
308 3533 463 3594 θολεροῖσι.
488 3526 578 3587 Quare
590 3535 643 3569 non
655 3517 753 3582 placet,

218 3609 300 3679 quod.
313 3597 463 3663 Schweigh.
478 3584 526 3642 διὰ
538 3585 671 3651 καθαροί·
685 3603 754 3637 eom-

219 3679 322 3733 modius
337 3667 456 3732 intelligi
466 3667 556 3730 putat:
574 3660 698 3723 perluor,
715 3655 757 3704 uti

219 3751 307 3800 millum
315 3743 399 3792 obstat
409 3735 611 3798 aprutiense,
625 3725 756 3786 cottvn,

222 3817 270 3872 lau
287 3821 315 3864 et
330 3805 467 3872 Aristoph.
486 3801 593 3853 Ecclcs.
610 3797 671 3848 320.

255 3875 272 3948 ἡ
295 3873 326 3930 di
348 3874 462 3938 Κασπίη
489 3857 619 3922 θάλασσά
639 3855 695 3916 έστι
717 3851 758 3912 ἐπ’

220 3947 326 4016 ἑωυτῆς
337 3965 363 3998 κ.
373 3963 397 3996 τ.
408 3943 441 4012 λ]
458 3944 532 3995 Satis
543 3941 610 3990 haec
622 3939 760 3994 evincunt,

222 4022 320 4074 eximia
337 4019 465 4069 Nostrum
481 4011 559 4062 huius
577 4008 658 4060 maris
675 4006 760 4056 scicn-

222 4095 262 4144 tia
280 4106 345 4156 prae
367 4085 465 4138 ceteris
483 4083 568 4132 fuisse
589 4080 759 4127 instructum.

223 4164 293 4214 Nam
307 4157 403 4222 reliqui
421 4153 567 4217 scriptores
584 4147 647 4197 inde
664 4145 698 4194 ab
707 4144 761 4192 He-

224 4237 319 4290 cstaeo
337 4225 443 4278 Milesio
467 4221 573 4286 (contra
595 4231 672 4280 quem
694 4213 762 4262 haec

224 4305 286 4367 ipsa
302 4299 337 4349 ab
354 4293 495 4346 Herodoto
519 4289 621 4352 scripta
638 4283 764 4334 videntur

225 4367 373 4428 Kluuscnio
383 4363 419 4416 ed
428 4359 561 4414 Hecataei
575 4357 671 4423 fragm.
682 4369 709 4420 p.
718 4349 762 4417 9²)

798 2141 902 2201 plorum
924 2134 1081 2184 testimonia
1099 2131 1132 2180 de
1149 2129 1217 2179 mari
1236 2127 1335 2192 Caspio

798 2204 901 2256 retulit.
937 2203 1027 2268 Magis
1051 2200 1086 2251 ad
1109 2197 1275 2248 Herodotum
1297 2197 1336 2245 ia-

798 2276 874 2326 ciunt
894 2271 1033 2324 Aristotel.
1057 2267 1198 2319 Meteorol.
1218 2265 1287 2328 11,1
1308 2269 1336 2313 et

798 2343 910 2396 Diodor.
939 2341 1022 2392 Sicul.
1045 2337 1186 2396 xvl11,5
1214 2340 1241 2384 ct
1267 2348 1336 2400 quae

799 2412 962 2478 Kephalides
973 2407 1122 2472 disputavit
1132 2405 1165 2454 de
1178 2404 1242 2454 hist.
1254 2403 1335 2467 casp.

799 2498 865 2534 mar.
888 2499 914 2547 p.
929 2483 971 2531 65.
998 2477 1070 2526 Hine
1088 2474 1260 2524 Ptolemaeus
1283 2473 1336 2537 pri·

799 2569 858 2603 mne
871 2552 957 2601 fertur
966 2549 994 2596 in
1008 2543 1108 2594 tabulis
1121 2548 1232 2593 notasse
1244 2555 1337 2591 verum

799 2622 927 2673 ambitum
937 2616 1016 2666 huius
1029 2614 1119 2663 maris.
1133 2639 1168 2648 -
1181 2611 1259 2662 Ocni.
1273 2613 1337 2660 Bre-

800 2693 861 2742 dov.
888 2683 1035 2747 Uranolog.
1065 2698 1127 2746 pag.
1152 2681 1257 2730 XXVII
1280 2695 1338 2744 req.

802 2767 828 2812 ot
841 2771 908 2822 quae
921 2768 1006 2816 nuper
1020 2752 1053 2800 de
1065 2751 1107 2800 his
1120 2750 1248 2799 dissensit
1257 2748 1333 2798 Alex.

802 2831 835 2880 ab
853 2821 1014 2874 Humboldt:
1037 2821 1101 2870 Acie
1119 2817 1240 2868 centrata
1258 2817 1295 2866 II.
1310 2833 1337 2880 p.

803 2897 851 2946 161
863 2909 919 2955 seq.
933 2917 967 2926 -
982 2889 1024 2940 Ad
1036 2889 1199 2937 locutionem
1213 2875 1257 2933 ἔπ’
1272 2875 1339 2932 ioru-

800 2961 850 3026 της
864 2960 936 3010 coni.
948 2957 1050 3008 Herod.
1063 2957 1085 3016 1,
1099 2957 1149 3006 142
1166 2955 1258 3018 ibique
1269 2956 1338 3003 nott.

836 3023 889 3093 τὴν
904 3021 956 3090 μὲν
968 3019 1021 3091 γὰρ
1030 3015 1165 3088 Ἕλληνες
1177 3021 1340 3072 ναυτίλλον-

801 3115 846 3149 ται
862 3095 967 3162 πᾶσαν]
988 3095 1096 3146 Indicat
1112 3109 1194 3152 mere,
1213 3090 1284 3158 quod
1300 3092 1341 3140 in·

803 3176 846 3220 tra
863 3167 1001 3218 columnas
1017 3165 1168 3215 Herculeas
1186 3165 1241 3221 cat,
1264 3161 1341 3210 medi-

802 3249 944 3291 terraneum
960 3251 1047 3294 mare,
1068 3234 1138 3300 quod
1157 3247 1239 3296 supra
1255 3232 1278 3290 1,
1291 3230 1341 3281 185

803 3307 945 3360 dicebatur
962 3293 1016 3368 ἥθι
1034 3296 1052 3367 ἡ
1070 3295 1214 3364 θάλασσα,
1230 3299 1343 3350 Graecis

805 3378 919 3430 maxime
932 3379 997 3424 nota
1009 3377 1036 3422 ct
1047 3373 1188 3437 navigata.
1216 3369 1343 3433 Sequitur

803 3451 858 3500 iam
876 3445 991 3495 Oceanus
1010 3443 1154 3492 Atlanticus
1178 3439 1236 3487 sive
1260 3451 1342 3496 mare,

806 3516 876 3585 quod
898 3519 976 3565 extra
992 3510 1119 3562 Herculis
1137 3507 1275 3558 columnas
1292 3508 1343 3564 est,

804 3605 837 3639 ac
856 3587 970 3650 denique
985 3581 1099 3631 Oceanus
1109 3578 1230 3630 συναυλία
1247 3589 1268 3623 s.
1290 3587 1344 3622 ma-

806 3673 888 3724 gnum
909 3651 983 3704 istud
1005 3665 1095 3710 mare,
1119 3644 1190 3713 quod
1212 3644 1305 3693 Asiam
1328 3656 1346 3689 s

807 3725 918 3778 meridie
935 3721 1027 3783 alluit,
1046 3719 1165 3770 Africam
1178 3714 1212 3764 ab
1231 3713 1345 3770 oriente,

808 3795 932 3862 quodque
947 3791 1057 3840 Indicum
1075 3786 1157 3851 vulgo
1175 3785 1288 3833 vocatur
1306 3784 1346 3830 al·

809 3881 859 3931 que
876 3864 911 3914 ab
923 3859 1061 3912 Herodoto
1080 3852 1249 3907 orientalium
1264 3849 1347 3900 homi-

809 3951 871 3984 num
886 3949 918 3982 ex
928 3946 999 3980 more
1013 3928 1111 3978 dieitur
1123 3914 1141 3988 ἡ
1153 3913 1281 3986 Ἐρυθρὴ
1293 3918 1345 3980 (cc.

811 3995 951 4065 θάλασσα)
970 3999 1029 4064 pari
1048 3995 1125 4046 modo
1142 3997 1223 4056 atquc
1242 3989 1284 4050 11,
1304 3987 1346 4036 ll.

812 4071 875 4134 102,
898 4075 971 4120 recto
988 4071 1112 4117 monente
1130 4063 1152 4112 1.
1171 4061 1303 4111 Seemann
1319 4056 1348 4104 in

812 4143 878 4193 diss.
898 4139 932 4188 de
949 4138 1029 4187 rebus
1047 4134 1132 4200 gestis
1151 4129 1269 4180 mabam
1287 4125 1348 4188 (Be-

810 4211 889 4261 rolin.
903 4205 983 4262 1835)
1003 4221 1029 4270 p.
1042 4207 1068 4254 4.
1095 4205 1132 4254 Et
1149 4199 1211 4249 ride
1230 4198 1268 4247 eis
1285 4209 1349 4260 quo·

813 4296 863 4346 que
877 4278 912 4328 ed
928 4277 951 4338 1,
965 4277 978 4326 l
997 4278 1066 4325 nott.
1079 4279 1106 4322 et
1120 4270 1154 4320 ad
1168 4269 1192 4329 1,
1207 4267 1258 4318 180
1269 4267 1349 4322 nott..

812 4350 860 4402 ubi
878 4347 911 4400 de
928 4346 1007 4400 huus
1026 4342 1107 4395 maris
1126 4343 1217 4408 parte,
1238 4335 1272 4386 de
1290 4331 1351 4384 sinu
