3058 4928
218 296 279 360 548
645 293 915 356 HERODO'I'I

218 477 387 559 γυιιτίοισι
410 475 478 539 αἰεί
493 495 568 540 κοτε
584 465 624 538 τὰ
645 464 815 557 οὐνόματά
834 467 903 536 ἐστι
925 461 962 535 ἓν
978 469 1019 554 τῇ
1035 466 1137 553 χώρῃ.
1185 465 1272 551 λέγω
1297 461 1351 552 δὴ,

14 577 15 586 ’
110 659 113 666 ι
217 573 257 644 τὰ
275 577 409 662 λέγουσι
422 570 517 644 αὐτοὶ
528 573 720 661 Αἰγύπτιοι.
758 577 828 641 τῶν
848 569 886 640 dl
905 565 946 637 οὔ
964 589 1046 656 φασι
1060 572 1154 638 θεῶν
1170 566 1353 654 γινώσκειν

217 678 257 748 τὰ
278 675 464 766 οὐνόματα,
485 665 576 761 οὗτοι
601 679 642 746 δέ
655 703 711 765 μοι
734 677 889 745 δοκέουσι
907 667 974 742 ὑπὸ
995 675 1182 758 Πελασγῶν
1204 668 1348 760 οὔνομα-

216 787 358 871 σθῆναι,
385 779 473 869 πλὴν
499 784 738 860 Ποσειδέωνος.
779 781 900 848 τοῦτον
927 773 1152 846 ricbercto
1172 771 1263 865 παρὰ
1286 783 1348 844 Ac·-

215 885 311 975 βύων
325 882 503 955 ἐπύθοντο.
540 882 682 974 οὐδαμοὶ
696 881 761 972 γὰρ
774 879 831 952 ἀπ’
855 878 957 971 ἀρχῆς
973 881 1205 958 Ποσειδέωνος
1222 875 1350 966 οὕνομα

217 995 388 1078 ἔκτηνται,
413 994 444 1057 εἰ
467 986 511 1077 μὴ
535 995 676 1078 ιζίβυες·
702 987 758 1056 καὶ
780 987 916 1074 τιμέωσι
939 981 998 1053 τὸν
1021 980 1105 1053 θεὸν
1127 987 1249 1052 τοῦτον
1271 988 1348 1050 αἰεί.

171 1109 207 1168 51
218 1099 388 1182 νομίζουσι
408 1088 441 1161 d'
459 1082 507 1161 ὦν
523 1090 704 1180 Αἰγύπτιοι
722 1085 796 1159 οὐδ’
816 1084 923 1180 ἥρωσι
936 1083 1048 1157 οὐδέν.
1084 1091 1196 1156 Ταῦτα
1211 1087 1274 1175 μέν
1283 1113 1350 1154 νυν

216 1294 295 1358 poeni
305 1294 334 1342 in
345 1289 454 1343 dunell.
471 1289 662 1356 Heidelbergg.
679 1290 755 1342 1821.

215 1379 257 1414 nr,
276 1363 317 1414 60.
337 1379 364 1427 p.
382 1363 442 1423 1147,
459 1361 487 1410 in
505 1361 602 1426 quibua
620 1376 692 1411 nunc
711 1376 757 1410 ac·

234 1433 355 1483 uieecere
385 1430 486 1482 malim.
512 1459 547 1466 -
571 1431 613 1481 Ad
642 1431 755 1480 sormam

215 1448 328 1566 dentur,
341 1516 410 1566 quae
423 1499 482 1550 sole
495 1505 537 1549 eet
548 1499 712 1564 Herodotea,
724 1505 755 1550 ut

215 1573 238 1633 1,
256 1572 306 1622 207
326 1561 482 1634 Τομύριος,
501 1570 573 1620 conl.
592 1570 709 1622 Bredov.
725 1585 754 1689 p.

216 1639 276 1692 268.
308 1639 398 1690 Verba
411 1636 467 1688 τῶν
481 1630 573 1688 ἄλλων
586 1637 665 1688 θεῶν
678 1671 713 1680 -
739 1655 755 1688 ν

214 1707 250 1776 τῇ
270 1700 347 1774 χώρῃ
372 1709 479 1758 valent:
504 1707 668 1774 reliquorum
693 1710 755 1760 deo·

215 1793 273 1830 rum
292 1779 402 1828 nomina
419 1779 453 1828 cb
471 1779 542 1828 omni
561 1780 618 1829 lere
636 1785 756 1846 tempore

214 1849 357 1914 Aegyptiis
373 1849 401 1898 in
413 1853 486 1898 terre
501 1849 637 1900 exsistunt
652 1847 685 1914 (e.
705 1851 756 1900 Ae-

214 1920 369 1984 gyptiorum
393 1919 420 1968 in
448 1923 523 1968 terre
545 1920 709 1970 exstiterunt
732 1934 754 1970 e.

215 1989 410 2054 obtinuerunt).

249 2045 330 2106 orirer
353 2054 371 2106 d
378 2054 390 2106 ε’
413 2070 461 2122 μοι
479 2053 613 2106 δοκέουσι
630 2073 656 2106 ιι.
676 2072 699 2106 τ.
719 2055 755 2122 1.]

214 2127 356 2192 Repetitur
375 2120 595 2189 illectatione,
615 2141 694 2192 quam
713 2141 756 2176 eu·

214 2212 264 2261 pra
273 2197 307 2246 ad
319 2197 356 2258 ΙΙ,
369 2198 403 2246 42
413 2195 601 2246 indicavimus.
636 2197 669 2246 In
679 2211 754 2261 seqq.

215 2265 277 2316 dedi
290 2269 475 2315 cumreoentt.
492 2265 552 2316 edd.
564 2254 755 2330 οὕνομανθῆ-

214 2349 260 2383 ναι
278 2351 326 2399 pro
345 2327 555 2398 ὀνομασθῆναι.

248 2396 323 2467 π1ὴν
342 2400 538 2461 Ποσειδέωνος
556 2418 582 2452 ιι.
600 2420 625 2457 τ.
643 2402 680 2470 1.]
702 2404 753 2454 Nc·

212 2477 327 2538 ptunurn
352 2473 501 2537 Aegyptios
526 2479 669 2524 venerator
693 2489 754 2524 eene

213 2543 323 2592 minime
340 2541 482 2606 probabile
505 2551 562 2605 est,
587 2559 646 2594 cum
669 2559 752 2604 mare,

214 2616 245 2660 ut
260 2611 441 2676 Typhonium,
456 2611 572 2664 oderint.
602 2613 685 2664 Cuius
698 2613 754 2663 odii

214 2695 312 2730 causas
338 2681 504 2746 investigare
528 2682 606 2733 huius
629 2681 681 2733 loci
699 2698 753 2733 non

213 2755 265 2800 eet.
302 2750 356 2801 Sed
380 2750 489 2802 accolae
509 2757 604 2817 genter
622 2753 752 2817 Libycae,

213 2817 325 2870 multum
346 2836 393 2886 per
411 2822 497 2871 maria
513 2821 650 2886 palantes,
674 2822 753 2872 deum

212 2890 295 2940 rnarie
324 2891 440 2941 coluieea
472 2891 643 2958 eiusdemque
673 2907 752 2943 eecra

212 2959 246 3010 ad
263 2959 333 3010 11111
346 2959 470 3011 natione·
481 2961 606 3012 attulisse
618 2961 753 3014 videntur.

214 3029 256 3080 Tu
275 3030 330 3081 rid.
350 3029 475 3082 Crcuzer.
494 3031 513 3098 1,
532 3030 550 3082 l.
570 3031 622 3082 111.
646 3047 671 3096 p.
691 3032 708 3082 9
726 3037 753 3083 et

213 3099 264 3150 258
286 3115 370 3164 seqq,
396 3101 443 3165 qui
467 3116 539 3150 nuno
562 3099 596 3150 ed
618 3101 753 3152 Herodoti

213 3167 301 3217 locum
325 3169 445 3219 conferri
462 3169 520 3219 vult
539 3171 612 3221 inira
634 3171 682 3234 IV,
702 3171 752 3222 188

214 3236 276 3287 coll.
295 3238 422 3288 Euetatb.
442 3237 478 3288 ed
489 3241 598 3291 Homer.
613 3239 713 3304 Odyae.
728 3242 752 3304 1,

213 3307 256 3357 25.
273 3322 300 3372 p.
323 3305 363 3370 13,
377 3307 412 3358 rt
427 3308 543 3360 ed.Bae.
554 3314 582 3360 et
594 3309 751 3375 Apollodor.

213 3375 267 3438 ΙΙΙ,
287 3377 328 3440 15,
342 3379 367 3438 4,
381 3377 427 3428 ubi
438 3377 494 3429 vid.
511 3380 612 3444 Heynii
624 3379 750 3431 obaervr.

212 3461 240 3510 p.
257 3444 318 3497 338.
355 3446 426 3497 Add.
445 3447 534 3498 Itocth
555 3449 574 3501 l.
593 3448 611 3499 1.
630 3455 699 3500 nott.
722 3466 750 3515 p.

212 3516 263 3566 20⁶2
281 3521 309 3566 et
322 3531 390 3582 quae
409 3517 442 3566 de
454 3518 579 3582 Neptuno
590 3517 675 3570 tradit
686 3519 751 3570 Ger-

211 3583 288 3635 lrard:
297 3585 403 3636 Griech.
412 3587 564 3652 Mytholog.
573 3587 598 3650 ὅ.
608 3587 655 3640 231
665 3605 750 3654 seqq,

211 3669 266 3704 non
283 3671 298 3704 e
315 3655 412 3720 Libye,
431 3655 478 3706 ced
494 3658 602 3708 cCarie
619 3657 752 3710 deihuiua

209 3725 342 3856 tritt
363 3728 752 3850 ‘ttitffln‘tlt‘ttlttt

211 3877 228 3910 a
251 3831 391 3914 Dindo’rlio
413 3833 545 3918 mulatudr
565 3867 593 3918 in
615 3812 749 3932 devietur,

211 3945 280 3994 quae
304 3932 391 3983 torma
412 3933 474 3985 aliie
497 3953 563 3988 seue
587 3937 654 3989 looie
678 3939 750 3988 exhi-

210 3999 289 4048 betur
305 4016 322 4050 e
339 4003 472 4055 Bredorio
495 4006 616 4058 collectis
639 4023 666 4072 p.
688 4008 748 4059 329.

210 4067 271 4118 Hoc
287 4075 377 4120 autem
398 4071 458 4124 loco
482 4076 621 4142 alteroque
646 4077 689 4138 ΙΙ,
715 4081 749 4130 44

209 4152 226 4186 1
238 4137 350 4206 vulgata
362 4142 448 4192 lorma
462 4157 516 4195 non
533 4147 662 4198 recedunt
677 4147 748 4210 libri,

210 4221 290 4270 quern
307 4215 337 4259 ut
359 4217 503 4274 mutarem,
528 4213 602 4265 nulle
622 4217 748 4281 apperuit

209 4275 282 4326 iuste
294 4295 387 4331 cauea.
416 4281 524 4348 Reliqui
538 4285 619 4335 etiem
632 4287 659 4334 in
670 4301 745 4351 seqq.

207 4343 334 4414 τιμέωσι,
358 4350 435 4400 cuiue
453 4350 513 4404 loco
536 4367 606 4405 unua
623 4353 690 4405 liber
708 4370 747 4404 τι-

312 4573 365 4584 μ

807 1285 894 1353 peior,
918 1303 936 1338 1
953 1286 1088 1338 Bredovio
1104 1301 1168 1352 pag.
1187 1284 1250 1349 386,
1271 1301 1350 1351 quam

808 1359 931 1424 requitur
953 1357 1078 1421 Dindori,
1101 1360 1235 1408 mutatum
1257 1355 1286 1405 in
1309 1370 1349 1404 τι-

806 1423 919 1493 μέονσι;
941 1426 1011 1476 bano
1034 1428 1105 1478 enim
1128 1426 1241 1476 formam
1262 1425 1349 1476 oolam

806 1497 988 1548 Herodoteam
1004 1511 1064 1548 eree
1082 1496 1188 1546 volunt.

842 1564 987 1630 νομίζουσι
1004 1557 1032 1614 δ’
1056 1553 1097 1616 ὦν
1114 1558 1263 1630 Αἰγύπτιοι
1281 1552 1347 1612 οὐδ’

805 1625 895 1702 ἥρωσι
914 1626 1011 1701 οὐδέν]
1031 1636 1050 1686 1.
1062 1651 1086 1686 1.
1101 1651 1184 1700 porro
1196 1650 1242 1684 nec
1256 1633 1348 1684 terem

806 1707 857 1756 ulto
871 1707 939 1756 curru
951 1713 1137 1771 prosequuntur
1148 1705 1275 1770 Aeppptii.
1303 1704 1348 1753 lte

807 1776 956 1826 Creuzerue
978 1775 1007 1824 in
1026 1775 1176 1826 Commeat.
1198 1773 1300 1825 Herod.
1318 1789 1347 1838 p.

807 1847 867 1908 ⁶205,
885 1846 932 1896 ubi
949 1845 1001 1896 hoc
1024 1845 1115 1896 addit:
1139 1859 1212 1910 „quo
1235 1841 1347 1893 deloco

808 1915 872 1981 quid
889 1915 937 1966 clii
954 1915 1114 1978 iudicarint,
1134 1920 1165 1964 ut
1183 1911 1347 1963 Meinereiue

806 1985 836 2035 in
853 1985 922 2036 libro
941 2000 1049 2036 vernec.
1073 1985 1168 2036 hietor.
1189 1985 1249 2034 crit.
1274 1997 1346 2033 omn.

807 2054 903 2122 religg.
924 2056 947 2118 I,
966 2071 992 2120 p.
1008 2057 1069 2119 327,
1088 2053 1211 2105 consulto
1229 2056 1350 2118 praeter-

807 2125 894 2176 mitto.
931 2123 1001 2174 illud
1023 2124 1146 2190 inprimis
1168 2123 1255 2173 teneri
1273 2121 1347 2184 volo,

808 2194 879 2259 quod
903 2195 955 2259 ipsi
974 2194 1130 2244 secerdotes
1154 2193 1283 2242 hicterico
1308 2191 1349 2240 di-

806 2269 879 2314 11111
896 2263 1050 2326 declarent,
1068 2280 1097 2314 re
1114 2254 1210 2328 ἥρωάς
1229 2263 1287 2311 eive
1305 2277 1347 2312 ee-

805 2334 898 2384 rnr'deoe
914 2336 939 2382 in
960 2337 1013 2384 ertia
1029 2335 1113 2384 oacrio
1134 2348 1181 2382 non
1198 2347 1346 2396 aprroecere.

804 2403 909 2468 Zoega,
928 2402 975 2468 qui
992 2403 1076 2467 probe
1099 2402 1225 2464 sentiret,
1251 2416 1346 2466 perum

805 2473 896 2523 lavere
907 2473 958 2522 hoc
968 2472 1151 2522 testimonium
1158 2486 1223 2522 euae
1234 2469 1344 2534 rationi,

805 2543 845 2593 ite
862 2543 945 2592 vertit
968 2541 1017 2609 (de
1039 2542 1166 2592 obelisco.
1184 2557 1247 2606 pag.
1267 2541 1345 2605 302):

804 2612 936 2678 „‚,Neque
958 2612 1075 2662 territur
1099 2613 1268 2674 defunctio
1290 2610 1345 2660 Ae-

801 2685 883 2748 ppptii
895 2682 992 2747 aliquid
999 2682 1094 2746 offerre
1106 2680 1343 2732 concurrerunt-“⁴⁸

804 2752 921 2814 (Statuit
932 2751 1003 2802 enim
1020 2751 1062 2801 vir
1074 2751 1178 2814 doctus,
1194 2750 1343 2815 Aegyptios

803 2823 892 2887 prisco
909 2836 978 2872 uero
991 2821 1064 2872 heud
1081 2819 1161 2871 aliter
1177 2835 1211 2870 ac
1224 2817 1344 2884 reliquae

804 2891 861 2942 lere
879 2896 974 2958 genter
988 2891 1095 2942 inferiis
1107 2895 1266 2956 prosecutor
1285 2901 1345 2938 ecee

804 2959 1346 3024 defunctosdocumentumquehuiuerno-

804 3032 840 3081 rie
860 3033 959 3096 repetit
983 3047 1016 3081 ex
1034 3031 1142 3082 Osiridis
1159 3028 1344 3094 religionibus,

804 3116 883 3167 quem
900 3117 982 3168 repere
995 3101 1119 3166 primitus
1132 3099 1272 3149 Plrileneem
1281 3103 1345 3163 poet

803 3177 918 3222 mortem
941 3175 1021 3237 grate
1048 3170 1185 3220 hominum
1215 3167 1345 3218 memoria

804 3241 839 3291 ad
858 3241 922 3291 dcoe
945 3245 1067 3292 erectum
1091 3255 1150 3290 esee
1168 3237 1271 3304 putat.)
1290 3238 1345 3287 He·

802 3309 914 3362 rodotua
932 3315 1022 3361 autem
1047 3310 1080 3360 de
1097 3312 1198 3359 mortuis
1220 3307 1248 3359 lr.
1267 3307 1285 3359 l.
1304 3305 1345 3356 nil

802 3378 935 3446 loquitur,
955 3379 1003 3431 ced
1020 3383 1196 3445 posteaquam
1213 3377 1278 3427 deos
1296 3391 1344 3442 po-

801 3451 868 3514 euit,
894 3465 961 3515 quoa
979 3449 1076 3502 Graeci
1099 3448 1143 3499 vel
1166 3463 1199 3499 ex
1216 3449 1343 3512 Aegypto

801 3519 845 3569 vel
859 3520 968 3570 aliunde
986 3519 1167 3582 adsciverint,
1185 3517 1344 3583 simpliciter

802 3589 896 3640 adiicit
923 3589 982 3639 illa:
1016 3589 1162 3652 „Heroides
1190 3586 1252 3637 nillil
1272 3588 1345 3637 aceri

802 3661 881 3710 cultrre
899 3659 1010 3709 tribuunt
1025 3657 1175 3725 Aepyptr'i,“
1193 3657 1342 3722 respiciens

801 3729 836 3778 cd
862 3729 994 3790 Graecos,
1024 3745 1041 3778 a
1063 3729 1160 3794 quibus
1187 3725 1239 3776 hac
1261 3727 1289 3775 in
1312 3739 1343 3774 re

800 3799 916 3849 maxime
945 3797 1071 3849 different
1100 3797 1238 3862 Aegyptii.
1283 3795 1341 3846 Nee

800 3868 882 3918 eliam
897 3882 963 3918 eane
974 3868 1223 3932 interpretationem
1233 3865 1343 3930 permit·

800 3943 861 3988 tunt
875 3939 978 3989 Graeca
994 3937 1135 4001 scriptoris
1148 3935 1235 3986 nostri
1246 3934 1340 3996 verbe,

800 4008 828 4057 in
838 4007 935 4073 quibue
943 4007 1064 4057 dativum
1074 4007 1248 4057 observemus
1258 4004 1341 4054 verbo

801 4075 924 4141 νομίζειν
942 4076 1078 4140 additum,
1100 4081 1132 4126 ut
1149 4090 1233 4140 cupre
1250 4075 1287 4136 II,
1306 4075 1340 4124 42

799 4151 827 4196 et
840 4146 911 4210 opud
925 4145 1074 4210 Thucydid.
1096 4147 1133 4209 II,
1153 4145 1195 4208 38,
1214 4145 1261 4194 ubi
1278 4159 1342 4194 con-

799 4216 850 4266 eul.
870 4217 1022 4280 interprett.
1047 4221 1074 4267 et
1096 4217 1189 4282 Viger.
1213 4213 1246 4263 dc
1271 4213 1341 4263 idio-

798 4287 869 4336 11111.
881 4301 943 4351 peg.
960 4285 1021 4336 267.
1056 4287 1098 4336 De
1114 4287 1273 4350 argumento
1287 4283 1342 4332 loci

797 4355 870 4406 coni.
896 4355 977 4405 etiam
997 4353 1122 4406 Oreuaer.
1146 4351 1266 4420 symbol.
1284 4351 1339 4403 ΙΙΙ.
