3058 4928
194 260 255 322 550
621 253 891 317 HERODOTI

195 441 236 526 τῇ
256 432 365 524 χαίρῃ,
387 427 472 500 ὅθεν
493 453 556 518 περ
578 429 634 498 καὶ
645 423 805 519 Ἕλληνες
821 427 964 520 ἤρξαντο
982 434 1197 520 νομισθῆναι.
1237 423 1328 508 ὅστις

197 541 234 610 di
249 536 289 608 sd
303 541 484 624 Καβείρων
497 529 593 622 ὄργια
614 531 796 624 μεμύηται,
816 532 856 604 τὰ
869 532 1105 624 Σαμοθρήοκες
1120 530 1327 604 ἐπιτελέουσι

196 637 446 731 παραλαβόντες
460 635 549 724 παρὰ
556 643 758 726 Πελασγῶν,
774 628 870 719 οὗτος
885 634 1079 728 deducitis,
1094 635 1131 706 sd
1146 637 1244 724 λέγω.
1265 632 1328 724 τὴν

195 745 259 836 γὰρ
287 746 532 832 Σαμοθρηῑκην
555 751 668 812 οἴκεον
695 741 858 832 πρότερον
879 745 1049 830 Πελασγοὶ
1070 730 1180 824 οὗτοι,
1210 733 1329 826 οἵπερ

194 849 402 938 Ἀθηναίοισι
418 842 569 916 σύνοικοι
585 847 739 932 ἐγένοντο
758 847 814 915 καὶ
837 844 927 937 παρὰ
946 846 1077 916 τούτων
1090 841 1328 934 Σαμοθρήλκες

196 1053 319 1113 aienses,
338 1047 366 1097 id
385 1049 426 1097 est
442 1046 541 1111 primos
560 1045 668 1096 Atticae
685 1049 739 1096 ter·
789 1053 856 1098 trem
874 1049 960 1099 molta
981 1052 1108 1116 arguunt.
1145 1046 1198 1099 Sed
1223 1045 1256 1095 de
1281 1047 1331 1096 Ga-

196 1137 244 1174 rse
260 1118 363 1170 incolas
382 1116 418 1167 ad
436 1116 608 1182 Pelasgicam
626 1116 738 1180 stirpem
788 1119 852 1170 hiric
869 1119 936 1184 ipsis
955 1118 982 1168 h.
998 1119 1017 1168 l.
1036 1119 1064 1168 in
1081 1119 1237 1168 universum
1250 1131 1332 1180 agere

197 1185 738 1258 pertinuisseNosterenuntiaverat:hos
789 1204 842 1238 non
860 1193 950 1239 vacat.
986 1185 1222 1251 DeCahiris,qui
1240 1185 1332 1236 111811-

196 1263 282 1328 igitur
299 1258 480 1310 Athenienses
492 1255 573 1320 longo
591 1260 654 1320 post
672 1260 739 1306 tem·
789 1257 940 1309 mothreeia
968 1258 1105 1322 coluntur,
1137 1254 1277 1307 Herodoto
1300 1259 1332 1306 ut

198 1347 275 1398 pore,
312 1345 372 1380 cum
403 1328 457 1377 iarn
489 1325 617 1377 Hellenos
643 1324 738 1376 haberi
789 1328 832 1377 hic
857 1327 932 1380 loeus
958 1327 1091 1388 declarat,
1122 1327 1190 1377 bene
1213 1325 1351 1390 cognitis.

198 1400 352 1465 coepissent
384 1403 537 1462 statumque
566 1394 738 1461 Pelasgicum
790 1401 852 1464 post
870 1398 1031 1448 Creuaerum
1049 1396 1176 1462 (Dionys.
1196 1410 1258 1460 pag.
1283 1395 1332 1445 140

198 1469 363 1536 primitivum
376 1467 453 1533 quasi
467 1466 612 1528 exuissent,
622 1465 651 1513 iu
663 1481 741 1515 suam
792 1482 850 1532 seq.
869 1465 989 1532 symbol.
1010 1467 1062 1518 ΙΙΙ.
1085 1484 1111 1531 p.
1138 1467 1170 1516 17
1191 1480 1265 1530 seqq.
1289 1464 1331 1514 ed.

198 1549 298 1591 terram
313 1528 358 1602 (ἐν
373 1535 408 1602 τῇ
421 1527 509 1600 χώρῃ)
525 1535 593 1584 alios
606 1535 742 1600 recepisse
792 1538 868 1600 tert.)
883 1542 910 1587 et
926 1535 1071 1602 Schelling.
1083 1535 1136 1602 (Da
1147 1533 1332 1586 Samothrece.

199 1612 298 1662 Noster
313 1608 352 1658 ait
364 1606 495 1670 Pelasgos
512 1605 631 1654 advenas
646 1603 741 1654 ovvor'-
792 1608 920 1671 Mysterr.
943 1623 968 1671 p.
988 1606 1022 1656 07
1041 1622 1098 1670 seq.
1126 1607 1174 1656 107
1201 1603 1270 1670 seq.)
1289 1621 1333 1654 ac-

199 1693 277 1740 11οος,
297 1679 315 1728 1.
336 1693 360 1727 e.
379 1691 433 1726 une
452 1690 511 1724 cum
531 1675 598 1740 ipsis
621 1674 741 1726 interra
793 1680 886 1728 curate
906 1676 1034 1727 disseruit
1049 1675 1170 1728 Gerhard
1187 1674 1206 1726 l.
1232 1675 1250 1724 l.
1270 1689 1332 1738 pag.

200 1749 294 1800 Attica
310 1747 479 1804 habitantes:
499 1743 571 1795 unde
588 1749 673 1809 patet,
692 1745 741 1794 hos
792 1747 844 1797 208
869 1761 943 1812 seqq.
970 1746 1021 1796 tro
1051 1761 1124 1812 seqq.
1172 1744 1332 1810 Guigniaut:

200 1819 330 1882 Pelasgos
350 1813 491 1882 postmodo
516 1815 670 1879 ingressos,
695 1813 742 1879 qui
792 1815 933 1881 Religions
951 1816 984 1866 de
999 1813 1156 1881 l'antiquitd
1170 1819 1222 1882 etc.
1243 1814 1276 1863 T.
1294 1814 1333 1862 ll.

200 1889 329 1940 Mercurii
347 1901 426 1938 sacra
438 1889 600 1948 statuasque
617 1901 632 1934 a
651 1884 743 1935 Semo·
793 1887 825 1936 P.
837 1887 889 1936 111.
908 1902 933 1951 p.
955 1883 1335 1950 rorrseqq.,ubisimu1re-

203 1958 309 2008 thracia
328 1955 484 2018 attulerint,
503 1955 573 2004 bene
591 1953 743 2004 discernen-
794 1961 887 2007 censet
903 1956 994 2005 varias
1012 1956 1130 2006 virorum
1144 1955 1283 2004 doctorum
1301 1953 1335 2003 de

202 2029 251 2078 dos
270 2043 328 2078 esso
347 2025 453 2076 abillis
473 2024 617 2090 primitivis
635 2024 744 2074 Atticae
794 2026 835 2075 his
856 2025 1010 2076 numinibus
1025 2025 1182 2085 sententiae,
1197 2023 1336 2074 Welclreri

202 2104 291 2149 terrae
309 2095 418 2158 incolis,
438 2111 505 2160 quos
522 2099 549 2144 st
563 2094 637 2158 ipsos
651 2093 743 2144 Pelas·
794 2094 934 2160 (Aeschyl.
953 2093 1056 2159 Trilog.
1074 2111 1100 2159 p.
1115 2093 1167 2143 232
1183 2091 1284 2158 seqq),
1304 2092 1334 2144 C.

203 2183 252 2232 goe
271 2167 355 2216 fuisso
372 2163 505 2214 Herodoti
522 2165 575 2214 sert
593 2164 741 2223 sententia;
795 2165 828 2216 0.
848 2163 972 2214 Muelleri
996 2164 1172 2228 (Orchomen.
1198 2179 1260 2228 pag.
1284 2163 1337 2214 450

203 2237 252 2286 sed
272 2236 352 2284 iidem
371 2235 456 2284 luisse
478 2233 604 2283 ridentur
621 2232 742 2296 Pelasgi,

203 2306 249 2372 qui
260 2296 292 2353 τὸ
307 2295 483 2367 Πελασγικὸν
493 2305 692 2364 exstruxerunt,
712 2303 745 2352 de

203 2391 257 2440 quo
280 2372 382 2422 Herod.
406 2373 439 2435 V,
463 2371 506 2434 64,
537 2371 637 2436 quique
662 2371 744 2421 etiam

204 2445 265 2494 aliis
289 2441 422 2492 Herodoti
445 2439 513 2490 locis
536 2455 745 2491 commemorau-

204 2519 249 2564 tur
270 2512 318 2575 VI,
339 2510 387 2561 130
407 2527 462 2575 seq.
485 2509 544 2561 140.
562 2509 610 2572 lv,
632 2511 744 2561 115.Ἢ

205 2581 294 2632 τελεῖν
318 2569 497 2643 ἒςἝλληνας
520 2585 574 2629 est:
600 2580 746 2630 Hellenibus

204 2653 345 2714 accenseri,
357 2650 453 2714 deque
461 2649 538 2700 verbi
550 2649 661 2700 notione
672 2651 744 2700 coni.

204 2721 297 2786 Vigor.
311 2721 344 2770 de
362 2719 490 2770 idiotism.
502 2735 529 2784 p.
548 2718 596 2771 187
609 2725 635 2769 et
648 2721 745 2771 Sohae-

206 2792 255 2842 ier.
267 2789 370 2840 hielett.
385 2805 448 2856 pag.
465 2790 509 2840 28.
546 2791 588 2840 Ad
605 2805 746 2855 argumen-

206 2867 263 2912 tum
281 2860 334 2909 looi
353 2859 425 2910 haud
444 2860 501 2910 seio
522 2875 557 2909 en
575 2859 669 2909 referri
684 2876 745 2924 pos-

206 2933 243 2981 sit
255 2930 397 2994 antiquum
410 2929 537 2980 Mercurii
550 2930 656 2994 signum
665 2929 747 2980 Athe-

206 3015 300 3050 narum
316 2999 344 3048 in
367 3015 430 3050 erce
453 2999 482 3048 in
501 2997 622 3048 Poliadis
647 2999 746 3064 templo

207 3087 223 3120 a
241 3069 374 3132 Cecrope,
393 3075 423 3119 ut
440 3069 576 3131 serebant,
595 3069 746 3120 dedicatum

207 3143 406 3203 myrtorumque
417 3139 489 3188 loliis
502 3138 630 3202 velatum,
646 3155 680 3189 ne
697 3139 748 3188 sci-

206 3209 271 3258 licet
278 3208 428 3258 Mercurius
442 3207 642 3272 ithyphallicus,
657 3213 747 3260 erecto

207 3277 313 3327 luscino
331 3283 563 3341 repraesentatus,
584 3280 747 3345 conspicuus

208 3347 279 3396 roret
296 3347 462 3412 virginisque
480 3348 649 3399 castissimae
666 3350 694 3398 in
706 3364 748 3400 sa·

208 3417 297 3468 erario
315 3415 383 3465 talia
396 3422 567 3480 apparerent.
603 3414 664 3468 Vid.
678 3419 748 3468 Pau-

209 3487 348 3547 11111127
363 3491 391 3535 et
406 3487 509 3536 Stuart.
523 3487 634 3552 Antiqq.
649 3488 747 3540 Athen.

208 3557 231 3611 1.
250 3571 313 3620 pag.
333 3556 382 3606 471
405 3572 475 3606 vers.
496 3571 615 3620 germen.
725 3609 727 3614 ,

242 3620 320 3681 ὅστις
338 3618 370 3674 di
384 3617 419 3674 τὰ
438 3621 587 3691 Καβείρων
603 3617 685 3690 ὄργια
702 3641 748 3690 με·

209 3687 323 3760 μύηεαι]
344 3689 478 3762 Κάβειροι
496 3693 622 3745 dicuntur
640 3697 677 3745 dii
695 3713 749 3747 ma-

209 3765 269 3829 gni,
288 3769 426 3828 potentes,
445 3765 491 3831 qui
504 3767 532 3814 in
544 3765 748 3816 Samothracum

210 3833 295 3883 initiis
319 3835 456 3896 coluntur,
485 3835 596 3886 multum
620 3835 749 3887 celebrati

210 3907 331 3952 veterum
360 3905 387 3954 in
419 3905 604 3971 religionibus.
650 3908 683 3957 Iu
708 3906 750 3956 his

210 3971 316 4022 Cabiris
324 3974 516 4025 Samothraoiis
525 3979 649 4041 quartum
661 3976 750 4026 locum

212 4041 332 4091 tenuisse
358 4049 466 4092 constat
487 4046 616 4096 Carnulum
642 4045 749 4096 1.οΜ-

211 4112 303 4171 milum‚
324 4112 437 4162 eundem
460 4114 516 4162 iere
541 4120 621 4180 atque
645 4115 749 4165 Mercu·

211 4181 287 4239 rium,
307 4194 384 4242 quem
397 4182 475 4232 modo
487 4182 666 4237 indicavimus
681 4185 750 4250 ithy-

212 4247 356 4312 phallicum
372 4249 400 4298 iu
416 4253 550 4317 mysteriis
563 4253 673 4314 cultum,
692 4255 749 4319 qui-

212 4318 263 4368 bus
285 4318 422 4370 initiatum
445 4320 528 4372 luisse
552 4321 681 4372 historias
704 4340 749 4387 pa-

794 2233 893 2300 seqq),
913 2234 1045 2284 Lobechii
1064 2231 1252 2299 (Aglaophem.
1272 2248 1334 2298 pag.

797 2301 864 2354 1202
882 2303 980 2369 seqq),
1000 2303 1127 2354 aliorum:
1152 2319 1222 2367 quae
1247 2303 1338 2352 omnia

796 2373 893 2424 afferre
916 2373 950 2424 ab
973 2373 1024 2424 hoc
1047 2374 1109 2425 loco
1135 2373 1252 2424 alienum
1276 2387 1337 2424 esse

795 2442 912 2493 videtur.
968 2445 1062 2509 Neque
1092 2445 1163 2493 enim
1194 2460 1234 2494 me
1252 2443 1337 2505 ,fugit

796 2528 901 2563 omnem
922 2511 992 2562 hanc
1016 2513 1050 2563 de
1072 2513 1178 2563 Cabiris
1202 2514 1338 2578 quaestio-

796 2599 858 2702 qrem
875 2585 970 2632 nostra
991 2587 1082 2703 {legitate
1105 2583 1186 2703 valdte
1204 2583 1338 2647 discepte·

809 2665 993 2702 amesseae
1058 2669 1075 2702 11
1151 2663 1213 2702 ho
1251 2667 1337 2702 ream:

795 2721 867 2773 unde
889 2720 918 2770 id
940 2727 1013 2772 certe
1024 2669 1102 2772 eqilqi
1118 2669 1339 2788 cporoliurvieposss

796 2791 918 2854 videtur,
943 2792 1102 2843 cabirorum
1120 2793 1237 2858 indeque
1254 2793 1337 2842 etiam

796 2861 908 2912 Casmili
928 2879 949 2912 s.
979 2863 1120 2926 Mercurii,
1151 2865 1197 2929 qui
1226 2867 1339 2928 quartus

797 2932 955 2982 Gabirorum
965 2937 1021 2996 est,
1041 2948 1120 2984 saera
1132 2949 1165 2983 ex
1178 2933 1282 2983 oriente
1301 2931 1338 2981 al-

796 3003 854 3052 lata
873 2999 966 3064 (utvel
982 3018 1077 3054 nomen
1088 3003 1203 3069 indicat)
1216 3017 1276 3052 cam
1290 3003 1339 3052 Pe-

795 3071 881 3136 lasgis
906 3071 1075 3136 tribuantur,
1108 3074 1182 3138 ipsos
1206 3071 1338 3136 Pelasgos

796 3157 829 3192 ex
846 3141 956 3191 orientis
975 3143 1132 3208 regionibus
1151 3144 1180 3192 ia
1203 3144 1337 3206 Europam

798 3211 991 3277 Graeciamque
1009 3213 1096 3276 ipsam
1113 3214 1251 3276 ingressos
1269 3225 1338 3270 esse,

798 3286 927 3346 utsupra
951 3281 986 3330 ad
1008 3282 1031 3344 Ι,
1049 3283 1081 3333 57
1103 3281 1166 3332 οοΙΙ.
1190 3281 1339 3346 posuimus.

799 3350 860 3402 Alia
884 3350 940 3400 rid.
966 3355 1037 3401 nott.
1067 3351 1102 3401 ad
1131 3352 1184 3413 111,
1216 3351 1248 3402 37
1277 3349 1338 3400 coll.

799 3420 898 3472 Rosth:
917 3420 1016 3472 Gesch.
1042 3419 1067 3470 d.
1092 3421 1196 3472 Philos.
1219 3421 1242 3470 1.
1269 3424 1339 3470 nott.

799 3507 826 3557 p.
848 3491 898 3541 110
915 3505 991 3555 seqq.

835 3556 869 3608 οῗ
881 3573 933 3622 περ
952 3554 1139 3623 Ἀθηναίοισι]
1158 3555 1247 3621 Vulgo
1273 3553 1339 3604 τοί-

800 3629 1192 3750 11ἱῖ111111λέωοὶ111λῖ
1210 3628 1340 3744 lilith

801 3769 965 3819 auctoritate
977 3735 1037 3818 curri
1049 3765 1159 3818 Stravio
1171 3763 1296 3829 (Quaest.
1309 3763 1342 3813 de
1390 3787 1398 3804 ·

801 3837 867 3890 dial.
886 3839 987 3889 Herod.
1011 3837 1035 3886 Ι.
1060 3854 1087 3902 p.
1115 3835 1156 3901 10)
1182 3834 1291 3898 reposui
1309 3829 1348 3881 or

801 3924 888 4025 περ.ὶ
908 3908 995 4028 Οοδίε1
1012 3907 1080 4026 legi1
1089 3903 1163 3956 vult:
1189 3897 1340 4021 ΙΙελαογρλ,

1024 4015 1029 4026 .
1200 3989 1242 4023 me
1266 3987 1302 4022 an
1316 3987 1342 4021 e-

801 3993 877 4098 itt
896 3991 1038 4110 extis.
1062 3991 1287 4110 (hiltine.
1309 4041 1343 4091 r.

801 4115 935 4180 Pelasgis,
954 4117 1008 4182 qui,
1024 4119 1168 4182 antequem
1185 4113 1214 4162 in
1224 4112 1343 4163 Atticam

802 4187 956 4252 migrarint,
974 4185 1186 4236 Samothraciam
1198 4183 1344 4234 tenuerint.

801 4255 880 4319 Quod
898 4255 1064 4306 Herodotum
1093 4255 1182 4304 dicere
1206 4258 1289 4316 negat
1307 4249 1343 4300 H.

800 4325 894 4380 Riedel
917 4323 1040 4390 (lehrbb.
1057 4325 1076 4375 i.
1096 4323 1167 4376 Phil.
1181 4321 1275 4388 Suppl.
1294 4320 1342 4370 IV.
