3058 4928
561 273 809 336 EUTERPE.
832 275 872 335 ΙΙ.
897 282 941 338 st.
1259 277 1320 342 629

182 453 275 538 πυρί.
329 452 399 516 ἔστι
423 445 461 516 dl
480 447 536 516 καὶ
553 441 573 536 ἡ
589 450 662 536 ριζα
678 453 739 516 τοῦ
757 453 866 518 λωτοῦ
882 448 1005 520 τούτου
1030 453 1178 576 ἐδωδίμη
1192 453 1247 520 καί
1263 454 1317 539 ἐγ-

182 552 319 639 γλύσσει
349 551 538 635 ἐπιεικέως,
573 547 630 620 ἐὸν
658 552 884 640 στρογγύλον,
916 556 1064 643 μέγαθος
1090 551 1173 622 κατίι
1200 561 1317 643 μῆλον.

173 654 265 725 Ἔστι
294 655 330 724 dl
347 656 404 722 καὶ
424 652 510 723 ἄλλα
528 661 644 744 κρίνεα
661 655 789 742 ῥόδοισι
805 658 967 781 ἐμφερέα,
987 661 1025 726 ἐν
1041 663 1088 751 τῷ
1111 664 1248 751 ποταμῷ
1264 687 1317 746 γι-

181 759 308 848 voprem
333 759 389 826 καί
421 762 543 827 ταῦτα·
586 747 667 842 ἐξ
641 787 690 828 ων
714 754 733 828 ὁ
755 757 882 848 καρπὸς
907 763 945 830 ἐν
962 757 1047 849 ἄλλη
1066 760 1188 831 κάλυκι
1207 786 1315 852 παρα

181 864 335 951 φυομένη
357 862 394 930 ἐκ
413 866 520 950 τῆςι
486 863 520 950 ps
516 868 577 948 ’ζης
592 869 740 949 γίνεται,
760 870 866 956 κηρίῳ
887 869 1031 951 σφνκιιλν
1048 859 1177 952 ίιλέην
1162 865 1317 954 ομοιότα-

180 993 249 1036 τον.
286 961 449 1057 ἐντούτῳ
466 963 615 1054 τρωκτὰ,
636 962 716 1035 ὅσον
730 994 765 1036 τε
788 963 901 1055 πυρὴν
921 970 1049 1056 ἐλαίης,
1069 971 1237 1054 ἐγγίνεται
1254 989 1310 1037 σν·

179 1069 253 1159 qod.
291 1067 455 1157 τρώγεται
472 1073 509 1136 de
528 1069 585 1138 καί
601 1063 713 1138 ἁπαλὰ
736 1072 910 1138 ταῦτακαὶ
930 1061 1006 1140 αὖα.
1047 1067 1117 1158 Τὴν
1133 1070 1170 1138 dl
1188 1071 1319 1158 βίβλον

179 1170 242 1262 τὴν
265 1173 415 1242 ἐπέτειον
432 1173 615 1260 γινομένην
634 1170 737 1242 ἐπεὰν
755 1170 973 1242 ἀνασπάσωσι
989 1176 1026 1242 ἐκ
1042 1179 1110 1242 τῶν
1132 1175 1253 1258 ἑλέων,
1278 1171 1319 1241 τὰ

183 1341 218 1390 ad
235 1341 345 1392 Homer.
365 1337 409 1388 Ili.
432 1355 459 1404 p.
479 1335 545 1404 481,
564 1339 607 1393 31.
644 1338 727 1390 Intel—
776 1338 838 1405 τον]
859 1341 901 1391 Ad
920 1331 1002 1404 ἐιλέην
1021 1340 1092 1390 conl.
1108 1339 1145 1403 11,
1159 1341 1202 1403 71,
1222 1340 1255 1389 de
1273 1355 1319 1389 vo·

181 1410 244 1475 ligit
257 1425 356 1476 ριαιια,
376 1423 446 1474 quse
458 1409 550 1476 grands
565 1409 726 1475 papsvereis
777 1409 874 1460 osbulo
906 1409 1009 1474 κηρίον
1040 1410 1112 1461 οοιιλ.
1146 1410 1255 1459 Ιιιιιεοιι.
1290 1410 1319 1458 λιι

182 1479 283 1530 similia
306 1479 386 1541 dicit,
412 1477 495 1530 eloti
518 1480 654 1545 capitibus
680 1493 726 1529 ex·
776 1479 891 1531 Jahrbb.
910 1481 930 1530 l.
950 1479 1047 1529 Philol.
1066 1495 1094 1531 u.
1110 1479 1230 1545 Peedag.
1252 1477 1318 1543 Sup-

183 1555 269 1612 emta‚
297 1564 365 1614 quse
385 1547 446 1599 dein
465 1549 577 1614 pinsunt
596 1554 623 1600 et
640 1563 725 1614 panes
776 1547 857 1614 plem.
882 1549 961 1600 VIII.
987 1565 1013 1614 p.
1040 1548 1091 1602 490
1115 1564 1171 1614 seq.
1212 1549 1318 1613 Vespas

182 1619 246 1670 inde
271 1623 401 1682 coquunt.
437 1619 506 1669 Nam
531 1617 659 1668 πτίσσειν
683 1623 726 1669 est
776 1619 821 1669 hio
840 1634 905 1684 spes
928 1619 1001 1668 feres
1020 1618 1074 1669 (liei
1099 1619 1319 1669 exintimatllee-

178 1694 296 1753 pinsere,
320 1689 426 1738 tundere
453 1685 641 1753 (sermelmen,
670 1703 726 1738 zer·
776 1704 833 1739 ren.
855 1686 874 1738 l.
893 1687 912 1738 l.
951 1689 1025 1750 Quos
1045 1689 1116 1738 enim
1139 1689 1196 1739 lavi
1216 1687 1319 1738 forulos

181 1757 311 1818 stosseu).
775 1757 878 1808 habeut
896 1757 930 1808 ad
946 1758 999 1808 mel
1014 1759 1190 1820 servandum,
1210 1757 1319 1808 eosdem

217 1818 358 1891 ἐγγλύσσει
384 1815 537 1892 ἐπιεικέως]
562 1824 634 1876 Male
657 1825 725 1876 baec
776 1827 878 1878 inloto
896 1827 1072 1878 viderelieot
1095 1827 1129 1877 ad
1155 1843 1242 1893 grano
1265 1843 1320 1877 ser-

182 1897 211 1947 in
234 1896 396 1962 quibusdam
420 1894 481 1945 edd.
500 1897 637 1958 seiuncta,
665 1911 725 1946 cum
776 1897 881 1962 venda,
905 1913 974 1964 quae
995 1898 1055 1963 ipse
1073 1899 1166 1962 grauis
1185 1897 1318 1962 oleegiuis

183 1967 322 2017 distinctio
341 1969 403 2043 post
416 1955 559 2021 ἐπιεικέως
571 1965 726 2031 reponenda
776 1982 887 2032 prorsus
906 1967 1006 2017 similia
1024 1971 1143 2016 testetur
1159 1966 1230 2016 idem
1247 1967 1319 2016 Hoe-

182 2041 264 2088 esset.
284 2025 445 2100 ἐγγλνσσειν
460 2036 569 2100 (dulcem
585 2034 651 2101 esse)
662 2051 726 2086 neu-

181 2107 287 2156 traliter
298 2105 342 2155 hic
355 2103 552 2182 accipiendum.
563 2135 598 2144 -
608 2105 726 2170 Sequen-

181 2175 234 2226 tia:
254 2165 303 2224 ἐὸν
321 2164 494 2238 στρογγυλον
512 2179 650 2224 structura
661 2191 725 2240 qno·

182 2245 325 2297 dammodo
351 2247 458 2294 mutata
484 2247 512 2293 et
542 2243 577 2293 ad
604 2245 725 2309 proxime

181 2316 300 2381 positum
323 2309 452 2378 μέγαθος
481 2313 643 2378 respiciente
665 2331 725 2380 per-

181 2387 271 2436 tinent
287 2384 323 2435 ad
340 2383 474 2446 radicem,
492 2384 600 2434 minime
612 2399 677 2435 vero
691 2384 725 2435 ad

180 2453 230 2506 loti
248 2455 365 2506 fructum
384 2468 511 2519 agrena
529 2469 612 2520 supra
627 2470 726 2505 memo-

183 2530 253 2576 rata.
289 2523 432 2577 simillimo
450 2523 574 2574 modom
592 2540 667 2590 seqq.
688 2525 726 2574 ‹li-

180 2597 221 2647 xit
234 2585 405 2672 ὁμοιότατον
415 2598 512 2644 neutro
532 2610 646 2660 genere,
665 2611 726 2645 eum

181 2665 217 2718 sd
238 2655 349 2726 καρπὸς
372 2663 522 2744 referetur,
550 2680 638 2730 neque
663 2664 726 2715 iude

181 2733 371 2786 mutandum'
364 2750 392 2783 ιιι
410 2702 592 2797 ὁμοιότατος,
616 2737 648 2783 ut
666 2749 727 2798 pro-

180 2805 272 2871 posuit
299 2803 498 2854 Benedictio
527 2803 601 2853 Aott.
629 2804 725 2854 semin.

181 2891 237 2939 reg.
257 2872 335 2933 Lips.
354 2872 392 2922 11.
411 2888 437 2950 p.
455 2869 516 2922 289.

200 2933 344 3022 μέγαθος
368 2933 439 2990 κατὰ
464 2937 568 3005 μῆλον]
591 2941 633 2990 De
656 2932 728 2990 κατὰ

182 3009 392 3076 praepositionis
407 3024 459 3060 usu
478 3010 551 3060 conl.
571 3009 593 3072 I,
607 3009 651 3061 84.
665 3011 725 3062 121.

213 3118 287 3210 'l‘g
266 3114 306 3195 sos
324 3133 339 3194 ὁ
347 3137 482 3224 ’.καρπὸς
492 3137 522 3194 ἐν
538 3135 607 3212 ἄλλη
625 3139 727 3197 sellom

182 3205 391 3282 παραφυομένη
405 3205 482 3264 ἐπ’
448 3229 498 3278 της
515 3199 597 3300 ῥίζης
606 3215 725 3282 γίνεται]

183 3289 202 3339 i.
221 3305 244 3338 e.
263 3301 297 3336 ιω
320 3282 511 3370 perstrepitis)
534 3287 577 3351 qni
600 3291 728 3338 enascitur

176 3355 295 3422 ‘frutetum
318 3357 343 3405 in
362 3355 509 3418 nitescenti,
534 3358 666 3420 ηαλλιωία
689 3361 727 3408 αλ-

182 3437 260 3480 tmsm
279 3424 418 3483 adcrescit,
437 3425 557 3476 erudies
573 3427 667 3488 prodit
686 3443 727 3478 ve-

181 3512 283 3562 sparum
305 3494 365 3558 sevo
392 3461 429 3542 ιιέλ
452 3498 559 3556 speeiem
586 3497 727 3548 ελπλίλλκιιιι.

181 3513 272 3628 κάλυξ
285 3563 330 3614 λιλο
344 3579 398 3613 non
417 3568 459 3613 est
470 3564 629 3614 Latinorum
648 3570 728 3633 colpe

185 3639 215 3703 (i.
235 3653 259 3688 e.
278 3632 462 3695 luminosum,
486 3635 558 3698 quod
578 3635 669 3686 florem
689 3643 728 3686 te-

185 3709 227 3775 git
249 3709 298 3757 sut
322 3703 439 3753 fructum
464 3703 595 3766 includit,
622 3704 727 3763 Kelol),

185 3778 233 3829 sed
257 3776 290 3826 de
308 3771 394 3824 altero
415 3775 483 3825 cauli
499 3775 575 3840 (ιιοιιι
601 3771 728 3840 Stenpet)‚

184 3849 231 3914 qui
249 3848 326 3896 iuxta
343 3844 457 3894 alterum
481 3859 496 3894 e
514 3843 606 3894 radice
625 3845 729 3894 enasci-

184 3923 243 3980 tur,
262 3911 478 3980 intelligendum.
505 3913 660 3993 Hesychius
679 3905 727 3962 ια’-

185 3983 235 4046 λνξ
257 3983 321 4034 inde
349 3983 468 4047 explieat
498 3975 650 4048 βλαστημα.
692 3985 730 4033 Et

184 4055 303 4121 probent
318 4051 386 4102 baec
401 4051 452 4102 loti
464 4051 567 4118 figurae
583 4055 729 4112 elienses,

185 4139 254 4190 quas
269 4124 338 4173 citat
353 4121 506 4172 Laroberus
524 4122 559 4172 ad
577 4121 605 4174 λι.
622 4123 659 4186 l..
687 4123 732 4174 oui

185 4194 268 4244 etism
286 4189 450 4256 suffragetur
461 4191 581 4243 Heereu.
599 4191 618 4243 l.
631 4191 649 4243 l.
665 4207 730 4258 pag.

186 4261 248 4314 358.
266 4259 328 4312 ³59.

222 4327 313 4395 κηρίῳ
341 4327 460 4392 σφηκῶν
489 4318 611 4394 ἐιλέην
599 4319 731 4394 ομοιότα-

776 2036 903 2087 reniusl.
922 2036 941 2088 l.
959 2052 1023 2102 pag.
1043 2035 1157 2088 359.-
1123 2027 1270 2100 -πνρὴν
1289 2035 1317 2084 λιι

777 2121 852 2172 seqq.
872 2111 914 2156 est
929 2123 1050 2174 pronum,
1070 2108 1185 2168 nucleus,
1209 2119 1320 2168 τρωκτα

775 2175 964 2256 intelliguntur
992 2177 1119 2227 cenetense
1145 2190 1239 2242 prona.
1286 2173 1319 2222 In

777 2261 851 2312 seqq.
867 2237 1002 2306 duelies
995 2263 1015 2296 1.
1027 2261 1051 2296 e.
1063 2253 1160 2307 tenera,
1178 2243 1211 2293 ιλιι
1228 2243 1320 2293 fructu

776 2320 873 2366 recenti
864 2316 1004 2396 indeque
1022 2317 1100 2375 molli,
1120 2315 1164 2365 oui
1181 2329 1320 2379 opponun-

776 2389 821 2435 tur
839 2401 910 2442 αια,
930 2389 1027 2436 siccem
1044 2384 1159 2464 indeque
1180 2384 1255 2433 duro.
1321 2422 1327 2434 .

811 2447 865 2532 τὴν
881 2421 913 2503 δέ
935 2451 984 2573 pv
957 2445 1044 2520 νβλον
1062 2469 1115 2518 την
1134 2444 1262 2503 ἐπέτειον
1279 2467 1319 2517 γι-

778 2517 915 2590 νομένην]
948 2521 1070 2586 πέτειον,
1089 2524 1163 2590 quod
1180 2537 1272 2574 omnes
1290 2521 1321 2571 li-

776 2595 818 2645 bri
848 2593 964 2655 habent,
995 2594 1109 2644 retinui·
1138 2594 1175 2644 of.
1203 2593 1247 2655 11,
1274 2593 1319 2644 25.

775 2663 877 2716 Reddit
894 2663 962 2713 haee
979 2663 1019 2712 ita
1035 2662 1319 2730 δολπολρλιιοιιιοιιιιι

778 2733 894 2798 ‚byblum
910 2733 952 2796 (id
968 2737 1010 2783 est
1018 2731 1164 2799 papyrum),
1184 2748 1249 2796 qnae
1262 2746 1322 2795 quo-

776 2773 859 2854 ἐαιιιιίε
877 2805 902 2854 in
918 2800 1054 2865 paludibus
1072 2800 1217 2852 ιιιιιιλίια.“
1253 2801 1321 2848 Lar-

776 2872 873 2923 cherus
892 2871 1005 2921 liberius
1022 2871 1090 2920 haee
1113 2871 1154 2919 ita
1172 2869 1319 2932 expressit

776 2944 819 3004 „le
838 2940 926 3007 byblus
948 2947 987 2991 est
1006 2954 1054 2988 nne
1072 2942 1160 3002 plante
1175 2939 1321 2987 annuellef‘

776 2979 947 3090 Quamquam
976 3008 1050 3058 houd
1074 3007 1207 3084 diffiteor,
1237 3005 1322 3056 verba

776 3072 829 3144 τὴν
854 3069 981 3127 ἐπέτειον
1005 3068 1160 3142 γινομένην
1184 3073 1249 3124 mihi
1266 3089 1320 3124 uon

777 3149 845 3198 satis
870 3148 996 3212 expedita
1019 3145 1120 3206 νλιλοιλς
1146 3160 1214 3210 quae
1231 3144 1320 3208 ipsum

778 3217 1063 3282 Schweighaeuserum
1091 3215 1173 3266 etiam
1198 3212 1323 3264 nonnihil

778 3287 925 3338 offendisse
950 3287 1109 3348 uideantur,
1141 3285 1186 3349 qui
1209 3284 1261 3334 boo
1282 3284 1322 3334 ita

778 3357 881 3407 dictum
895 3361 987 3422 putat,
1006 3357 1084 3420 quasi
1102 3354 1256 3419 signitioere
1268 3354 1322 3403 No-

778 3432 835 3477 ster
853 3426 983 3487 voluerit‚
1003 3425 1071 3475 duas
1089 3429 1136 3474 eut
1154 3423 1244 3488 plures
1262 3439 1321 3473 esse

777 3497 875 3562 papyri
893 3496 1012 3562 speeies,
1043 3509 1156 3560 quarum
1180 3507 1236 3542 uua
1260 3482 1322 3540 ἐπέ-

777 3580 853 3623 τειος
865 3567 910 3632 sit,
928 3565 1049 3631 reliquae
1060 3579 1114 3615 uon
1126 3564 1200 3612 item.
1220 3561 1253 3610 Iu
1269 3575 1322 3624 quo

778 3651 821 3686 me
833 3627 905 3686 certe
918 3649 974 3686 non
990 3634 1185 3685 assentientem
1197 3631 1323 3690 hebebit;

777 3705 888 3770 byblum
906 3704 996 3754 malim
1012 3703 1166 3768 intelligere
1177 3700 1324 3766 quotannis

778 3780 951 3836 nascentem,
969 3775 1010 3824 ita
1023 3779 1054 3822 ut
1072 3771 1148 3838 bybli
1165 3769 1259 3835 plures
1278 3783 1324 3818 au-

779 3859 829 3894 uos
847 3849 930 3894 ustse
949 3858 1028 3892 usum
1046 3841 1081 3892 ad
1100 3841 1202 3891 victum
1219 3837 1324 3889 scilieet

779 3928 881 3978 negare
907 3913 1007 3962 Noster
1037 3911 1164 3962 voluerit.
1209 3907 1263 3959 Sed
1289 3923 1323 3959 no

778 3981 848 4032 baec
863 3981 970 4047 quidem
988 3995 1098 4045 prorsus
1115 3977 1266 4036 sufficiant3
1282 3978 1324 4026 vi-

781 4051 863 4101 deant
874 4051 908 4102 de
922 4051 965 4102 his
979 4065 1021 4101 me
1035 4049 1192 4115 peritiores,
1209 4061 1323 4112 quorum

780 4119 910 4171 iudicium
932 4124 1071 4185 exspecto.
1105 4117 1177 4168 Illud
1196 4131 1260 4168 vero
1277 4117 1324 4166 vix

781 4207 889 4241 monere
907 4190 1023 4252 attinet,
1039 4187 1206 4240 Herodotum
1224 4185 1267 4234 hic
1284 4182 1323 4236 lo-

782 4260 827 4325 qui
846 4260 879 4310 de
897 4276 930 4311 ea
947 4226 1056 4324 planis,
1082 4273 1115 4306 ex
1133 4271 1186 4320 qua
1207 4269 1324 4318 papyrus

782 4327 936 4392 conticitum
948 4328 1037 4396 quod
1029 4343 1118 4394 ipsum
1127 4324 1237 4376 silentio
1245 4337 1323 4390 prse-
