3058 4928
207 273 282 374 ’664

655 279 922 342 ΗΕΕΟΒΟΤΙ

219 447 374 538 μούνοισι
401 459 708 544 Λακεδαιμονίοισι.
766 457 801 522 oi
823 451 980 543 νεώτεροι
1016 450 1129 524 αὐτῶν
1155 470 1239 525 τοῖσι
1274 483 1355 544 τιμε·

221 556 411 642 σβυτέμοισι
438 557 726 646 συντυγχάνοντες
753 566 880 627 εἴκουσι
902 562 959 647 τῆς
984 553 1067 630 ὁδοῦ
1096 559 1151 628 καλ
1171 558 1355 648 ἐκτράττον-

222 678 292 726 ται·
320 659 377 726 καὶ
404 663 535 730 ἐπιοῦσι
557 664 590 743 ἐξ
608 664 707 752 ἕδρης
728 655 976 732 ὑπανιστέαται.
1028 663 1111 732 Τόδε
1133 664 1248 749 μέντοι
1278 661 1338 732 ἄλ·
1352 677 1398 732 111

223 770 309 830 λοισι
327 757 497 852 Ἐλλήνων
521 761 698 854 οὐδαμοῖσι
721 768 967 854 συμφέρονται·
1003 761 1078 836 ἀντὶ
1104 771 1164 834 τοῦ
1188 786 1354 854 προσομο-

223 864 337 954 geriem
358 861 523 956 ἀλλήλους
537 872 575 938 ἐν
587 874 662 958 τῇσι
679 864 786 939 ὁδοῖσι
811 871 1057 956 προσκυνέουσι
1078 871 1247 949 κατιέντες
1262 872 1358 958 μέχρι

177 973 285 1038 81τοῦ
307 966 469 1057 γούνατος
493 968 555 1062 τὴν
579 987 683 1062 χεῖρα.
733 969 950 1043 Ἐνδεδύκασι
974 973 1011 1042 δὲ
1041 977 1192 1052 κιθῶνας
1215 975 1357 1058 λινέους,

222 1141 359 1190 testantur
381 1139 529 1204 scriptores
551 1144 673 1192 veteres:
704 1140 765 1194 Gel-
979 1173 1046 1226 cu.
1067 1173 1191 1224 LXXXI

221 1207 274 1258 lius
288 1209 380 1259 Noott.
395 1209 453 1259 Ati.
465 1209 503 1270 11,
515 1210 558 1261 15.
587 1211 762 1277 Aristopbsn.

223 1278 295 1329 Nub.
314 1277 376 1330 939.
395 1279 535 1330 Plutarch.
559 1281 764 1346 11412350,
844 1267 1031 1328 Ἐνδεδύκασι
1049 1271 1080 1328 δὲ
1092 1274 1222 1334 κιθωνας
1234 1275 1358 1342 λινεονς]

223 1345 322 1468 23170,
341 1347 455 1469 elrshde
461 1349 559 1414 quibus
571 1350 675 1402 consul
689 1352 766 1402 Wes-
815 1346 894 1398 Coni.
915 1348 992 1410 cdl,
1013 1348 1072 1399 195.
1092 1346 1130 1410 ΙΙ,
1149 1347 1193 1399 31.
1221 1346 1358 1397 Calnsirin

222 1433 291 1469 seru
337 1418 373 1468 ud
436 1418 446 1468 l

256 1433 419 1536 εὕδουσι
384 1485 435 1552 τῆς
454 1481 527 1538 ὁδοῦ
543 1484 591 1537 eet
611 1479 765 1552 ἐκτοοὶτιον-

222 1555 278 1623 ται]
288 1557 306 1608 i.
314 1573 338 1608 e.
346 1557 440 1608 obviam
448 1558 635 1610 occurrentibus
642 1560 766 1609 decedunt

223 1627 256 1676 de
277 1631 333 1687 uia,
361 1631 393 1676 ut
414 1628 534 1680 reddidit
556 1627 764 1691 Valckenarius,

222 1695 254 1746 de
264 1696 325 1761 ipsu
338 1700 483 1760 stmctura,
496 1713 575 1764 quam
585 1699 666 1748 etiam
676 1698 766 1750 Kueli-

222 1781 271 1816 ner
282 1766 328 1818 Gr
342 1766 389 1818 Gr.
403 1766 427 1828 3.
448 1770 507 1831 512,
528 1769 551 1819 Ι.
566 1769 668 1834 attigit,
686 1769 765 1834 plura

223 1835 347 1888 afferens.
384 1837 452 1888 Inde
468 1837 594 1904 frequens
611 1840 765 1890 Pausaniae

222 1905 291 1957 baec
302 1905 433 1970 termula,
452 1913 564 1959 notente
576 1909 676 1960 Siebel.
693 1908 729 1959 ad
741 1909 764 1972 Ι,

223 1977 267 2026 44.
286 1976 312 2039 3.
331 1979 358 2028 2.
393 1978 436 2028 De
454 1971 575 2028 forma
562 1975 766 2029 νπανιοτέατοιι

223 2046 277 2097 rid.
295 2046 449 2112 Bredor.p
454 2046 541 2098 ..329

258 2107 430 2181 τόδεμέντοι
432 2063 569 2166 pilleum
568 2107 704 2180 Ελλήνων
718 2131 765 2164 ου-

223 2185 345 2265 δαμοῖσι
359 2183 562 2250 συμφέρονται]
585 2187 627 2236 Ι)ο
653 2201 766 2236 accuss-

224 2256 274 2306 tivi
299 2247 390 2337 (τόδε)
415 2271 466 2305 usu
492 2260 520 2305 et
543 2255 570 2304 h.
589 2254 607 2304 l.
636 2259 663 2306 ct
684 2255 765 2320 paulo

224 2325 331 2376 antee
323 2341 350 2374 m
369 2323 595 2374 similisententie
608 2325 680 2376 conf.
696 2339 766 2389 qnae

223 2393 411 2444 ιι11ιι111ΕΙ1ιι
403 2410 443 2443 in:
455 2393 577 2451 Jahrbb.
592 2393 618 2444 d.
630 2393 765 2459 Philolog.

225 2469 277 2514 etc.
297 2463 396 2548 Suppl.
409 2463 458 2512 IX.
477 2478 540 2527 pag.
561 2462 621 2512 115.
648 2463 766 2528 Elegan-

223 2538 278 2584 tem
291 2532 366 2582 vocis
377 2524 460 2588 ἄλλος
470 2547 548 2582 nsum
559 2531 665 2597 aliquot
679 2549 766 2582 exem-

222 2602 274 2666 plis
291 2601 453 2662 illustravit,
473 2603 666 2662 monenteGr„
684 2602 766 2652 Hein-

223 2672 293 2724 dorf.
312 2671 347 2721 ad
365 2671 475 2723 Platon.
499 2671 639 2724 Phaedon.
658 2688 684 2737 p.
704 2671 764 2734 234,

223 2743 267 2794 cui
280 2737 349 2792 sddc
358 2742 397 2793 sia
405 2741 511 2792 Aetium
521 2741 556 2792 ad
565 2741 637 2792 Plat.
648 2741 764 2792 Pheedr.

222 2827 284 2879 pag.
304 2811 364 2872 241,
384 2812 430 2877 qui
448 2811 613 2862 adiectivnrn
637 2813 666 2862 in
690 2811 766 2861 hisee

222 2899 270 2948 pro
280 2882 410 2934 adverbio
424 2878 539 2944 (omnino,
555 2897 673 2946 prorsus,
688 2897 766 2946 prac-

222 2949 307 3014 terea)
325 2953 390 3018 poni
408 2953 516 3002 statuit.

258 3012 288 3071 ἐν
319 3020 385 3088 crios
414 3013 509 3070 ὃδοισι
545 3017 765 3086 προσκυνέουσι]

223 3094 397 3155 ποοσιννειν
415 3091 449 3142 de
466 3091 652 3142 venerationis
668 3105 767 3152 genere

222 3163 251 3214 iu
269 3161 334 3212 deos
352 3165 400 3211 aut
417 3176 495 3225 reges
514 3159 638 3212 adhibito
653 3161 768 3226 plerum·

222 3246 274 3297 que
300 3230 414 3291 dicitur,
438 3246 491 3294 quo
513 3231 592 3295 proni
614 3231 643 3280 in
666 3235 799 3282 terram

223 3302 282 3351 sire
299 3299 372 3348 humi
390 3300 596 3363 procumbentes
620 3300 688 3352 alios
709 3301 768 3350 sive

222 3370 287 3420 deos
305 3369 364 3418 sive
382 3369 517 3434 principes
533 3369 691 3432 adoramus,
710 3385 767 3420 ma-

221 3441 347 3491 iestatem
366 3437 472 3489 illorum
491 3445 662 3490 venerantes.
688 3439 768 3502 Quod

222 3511 296 3576 npud
318 3511 418 3560 Persas
442 3513 591 3575 gentesque
620 3508 767 3560 orientales

222 3580 368 3646 praecipue
388 3579 538 3630 obtinuisse
557 3579 625 3628 satis
647 3583 766 3630 constat.

222 3653 265 3701 'l'u
284 3651 339 3701 vid.
359 3647 464 3702 Oomel,
491 3649 590 3712 Nepet.
614 3648 643 3698 in
662 3647 766 3700 Conon.

223 3721 276 3781 ΙΙΙ,
297 3720 313 3770 3
336 3725 364 3770 ο1
385 3734 456 3784 quae
477 3718 516 3768 ibi
535 3717 651 3782 plurima
669 3717 767 3769 attule-

222 3794 286 3841 mnt
304 3789 479 3852 interpretes,
502 3803 557 3836 non
575 3790 767 3852 praetermisso

223 3858 365 3910 Sturnio'
358 3873 385 3906 ιιι
404 3857 497 3907 Lexic.
517 3857 689 3921 Xenophont.
713 3859 766 3908 ΙΙΙ.

223 3945 285 3994 pag.
311 3925 372 3977 726.
420 3925 499 3976 Coni.
526 3926 629 3977 Herod.
657 3928 680 3985 1.
709 3929 767 3979 134.

224 3996 410 4060 11,121.111.
435 3995 478 4046 86.
504 3995 628 4054 V11,13.
672 3998 768 4047 Oneto-

224 4082 283 4116 rum
308 4080 378 4130 quas
399 4065 557 4115 Herodotus
583 4065 615 4115 de
642 4065 766 4116 manibus

222 4136 250 4184 in
268 4133 413 4184 salutando
432 4133 556 4184 demissis
573 4136 682 4196 scribit,
700 4136 767 4198 ipsis

223 4207 456 4254 monumentorum
482 4204 646 4267 imaginibus
669 4203 767 4254 contir-

222 4273 291 4324 mari
312 4277 431 4323 testatur
454 4271 619 4325 Wilkinson.
640 4275 769 4323 Manners

224 4347 276 4394 ete.
296 4341 335 4392 11.
356 4357 382 4406 p.
402 4339 445 4392 33.

815 1421 930 1480 vestem,
952 1433 1033 1483 quam
1062 1417 1192 1482 Aegyptii
1210 1417 1358 1478 vocabant,

815 1487 935 1537 tunicam
962 1487 1048 1538 inisse
1072 1487 1227 1538 interiorem
1257 1487 1359 1551 perspi-

816 1571 895 1606 cuum
914 1562 969 1618 est,
988 1573 1058 1622 quae
1075 1557 1163 1622 ipsum
1180 1560 1285 1621 tegeret
1300 1572 1359 1606 cor-

815 1641 876 1690 pus,
886 1625 1030 1676 interulam
1043 1627 1101 1678 sire
1114 1625 1281 1688 subuculam,
1290 1641 1360 1692 quae

816 1697 890 1746 cirea
923 1711 1003 1746 crura
1032 1696 1169 1746 fimbriata
1204 1695 1239 1746 sd
1270 1711 1360 1760 genus

815 1770 921 1816 tentum
953 1767 1128 1831 pertingeret.
1177 1764 1256 1827 Quod
1282 1765 1360 1816 vocis

817 1836 902 1901 ipsius
923 1835 1000 1901 origo
1018 1835 1178 1886 confirmare
1195 1835 1316 1898 videtur,
1335 1835 1360 1885 si

816 1905 923 1971 quidem
940 1905 1004 1956 ΙΙοΙί
1023 1921 1045 1956 s.
1070 1905 1132 1956 Keli
1158 1905 1264 1956 indicat
1283 1920 1360 1970 genu,

816 1990 890 2036 crus,
931 1975 1070 2040 vestisque
1102 1975 1187 2040 igitur
1212 1974 1359 2036 indicetur,
1459 1999 1468 2012 κ

816 2060 887 2110 quae
918 2045 954 2096 ed
986 2060 1065 2094 crura
1096 2059 1183 2110 usqne
1217 2045 1358 2110 pertingit.

816 2114 879 2166 Vid.
903 2113 1045 2166 lablonek.
1073 2129 1150 2164 voce.
1174 2114 1304 2180 Aegyptt.
1329 2130 1359 2179 p.

819 2184 867 2234 102
885 2199 960 2250 seqq.
985 2188 1059 2234 recte
1082 2183 1285 2246 observantem,
1312 2199 1360 2234 ees

816 2259 908 2306 vestes
926 2255 955 2304 in
968 2255 1162 2317 monumentis,
1181 2270 1252 2319 quae
1267 2255 1361 2304 etism-

816 2339 879 2372 num
899 2325 1050 2389 supersint,
1075 2324 1149 2374 cerni
1172 2339 1267 2388 posse,
1289 2322 1362 2390 quod

818 2393 889 2442 idem
918 2398 1056 2444 testantur
1083 2398 1111 2443 et
1135 2393 1310 2445 Wilkinscn.·
1333 2399 1362 2444 et

817 2462 950 2512 Rosellini
967 2463 985 2513 l.
1005 2479 1068 2513 mox
1085 2463 1104 2514 l.
1138 2463 1298 2524 E„iusmodi
1311 2464 1363 2514 cir·

817 2546 862 2580 ros
880 2533 909 2581 in
932 2531 1036 2598 aliquot
1059 2533 1219 2584 mumisrum
1243 2533 1362 2584 Thebai-

816 2616 908 2652 earum
926 2602 1096 2652 vestimentis
1112 2609 1270 2667 repererunt
1288 2601 1363 2652 docti

817 2670 898 2722 Galli.
934 2671 997 2722 Vid.
1025 2661 1143 2722 Iomard.
1172 2673 1200 2721 in
1222 2671 1361 2736 Descript.

817 2741 851 2790 tle
866 2740 988 2805 l'Egypt.
1009 2741 1121 2806 Antiqq.
1141 2757 1187 2791 sur
1200 2740 1241 2792 les
1258 2741 1360 2806 hypog.

818 2809 957 2862 deTbbb
982 2817 1050 2861 sect.
1068 2811 1101 2860 X.
1127 2813 1154 2872 3.
1172 2810 1270 2877 &pag
1273 2809 1360 2862 ,3411

819 2879 872 2941 Qui
889 2879 960 2930 idem
979 2879 1017 2945 (p.
1031 2879 1094 2943 365)
1105 2881 1141 2931 ad
1159 2827 1253 2932 vocepm
1235 2827 1361 2929 Ιιεζτιθοῖ-

818 2963 869 3005 νας
887 2946 997 3008 λινέους
1013 2955 1127 3001 revocat
1141 2950 1273 3015 hodieque
1285 2963 1362 3000 usur-

817 3023 909 3084 patam
926 3019 1003 3085 Aegy
1023 3021 1069 3070 tiis
1087 3025 1191 3070 vestem
1209 3018 1315 3085 nrilayelt
1334 3021 1361 3069 et

818 3088 853 3138 sd
871 3085 972 3152 εἵματα
988 3036 1095 3153 sielsoe
1113 3089 1225 3153 pallium
1242 3089 1362 3140 Arabum

810 3160 934 3215 ,domena
938 3157 1007 3212 ‘.‘Cr
1027 3158 1097 3209 Add.
1111 3158 1274 3208 Wilkinson.
1285 3159 1362 3208 Men·

817 3243 879 3278 nera
896 3232 949 3280 etc.
963 3229 1015 3278 111.
1031 3244 1057 3293 p.
1078 3227 1129 3279 346
1146 3227 1207 3279 coll.
1225 3229 1276 3279 140
1294 3243 1362 3292 aeq„

819 3298 864 3363 qui
882 3297 952 3347 idem
970 3291 1078 3358 εἰρίνεα
1096 3295 1204 3360 εἵματα,
1221 3313 1291 3363 quae
1307 3297 1363 3348 No·

818 3373 874 3418 ster
892 3367 1034 3433 Aegyptiis
1053 3367 1162 3429 tribuit,
1186 3383 1247 3418 cum
1266 3383 1298 3417 eo
1317 3383 1364 3416 ve·

819 3438 946 3488 ι11οιοιι1ο
961 3442 1116 3502 comperet,
1136 3437 1207 3502 quod
1225 3452 1297 3487 nunc
1314 3453 1364 3502 per

817 3507 971 3572 Aegyptum
990 3522 1149 3570 omnemque
1162 3507 1272 3557 Africae
1287 3521 1364 3556 oram

818 3577 1057 3642 septentrionalem
1072 3576 1152 3626 valde
1162 3578 1295 3626 usitatum
1310 3583 1362 3638 est,

818 3647 924 3698 nomine
941 3648 1060 3698 Berosus
1078 3661 1101 3698 s.
1120 3647 1248 3708 Burnum,
1268 3649 1299 3696 ut
1316 3662 1364 3696 no-

819 3720 920 3766 strates
943 3716 1099 3794 qunnutur.
1141 3717 1183 3766 De
1212 3719 1290 3766 veste
1319 3731 1362 3776 ea,

819 3802 888 3851 quae
898 3777 1043 3849 καλοίσιρις
1057 3785 1156 3836 dicitur
1168 3791 1249 3851 etque
1264 3801 1298 3835 ex
1308 3786 1365 3835 He-

817 3856 915 3905 rodoto
930 3857 1025 3917 opinor
1037 3859 1262 3906 commemoratur
1276 3853 1365 3904 nPol-

818 3925 879 3975 luce
898 3922 972 3988 (VII,
994 3924 1039 3990 16)
1060 3929 1088 3974 et
1106 3924 1231 3975 fluidae.
1250 3939 1288 3986 v.,
1308 3939 1365 3974 mo-

818 3994 878 4043 nuit
890 4007 998 4057 quoque
1010 3993 1143 4045 Rosellini
1152 3996 1272 4045 Menum.
1288 3991 1364 4043 civil.

818 4063 1162 4130 11.p.417,13netium
1182 4063 1263 4114 Rossi
1287 4077 1366 4113 secu-

819 4137 877 4192 tus,
902 4130 948 4196 qui
965 4133 1162 4198 Aegyptiarum
1185 4149 1281 4184 vocem
1299 4129 1366 4196 (μολ

818 4201 903 4264 λομεν,
915 4201 1045 4268 polleyo)
1059 4203 1254 4269 interpretatur
1261 4206 1366 4252 vestem

819 4273 999 4337 luxuriosam,
1022 4274 1128 4333 mollem,
1161 4273 1294 4323 delicatam
1319 4271 1368 4322 vel

820 4342 935 4392 unicam.
