3020 4930
481 297 547 357 AD
569 295 826 362 HERODOT.
847 297 895 371 H,
920 304 979 360 175.
1232 297 1294 361 893

161 470 325 540 stinguunt,
341 485 435 538 unum,
450 470 525 542 qnod
539 474 623 540 caput
637 469 784 524 arietinum
798 469 908 524 leonino
926 470 1035 540 corpori
1049 469 1204 540 impositum
1219 471 1293 524 exbi-

162 557 224 624 bet;
239 555 365 624 alterum,
382 555 456 627 quod
470 554 603 608 muliebre
614 555 816 625 caputleonino
831 556 941 628 corpori
953 555 1069 608 inditum
1081 556 1208 624 praebet:
1224 556 1294 608 tales

159 657 228 694 varo
242 639 396 709 Sphingos,
417 640 514 712 quales
528 640 665 694 Herodoti
686 640 764 694 locus
785 641 904 709 indicat,
926 633 1149 711 ἀνδρόσφιγγας,
1168 641 1188 692 ἱ.
1206 659 1231 693 e.
1247 641 1297 693 oiri

160 729 245 795 caput
257 725 391 792 serentes,
406 725 511 777 Thebis
527 731 602 778 certe
617 725 765 778 sevidisse
780 731 884 793 negent
894 722 932 792 *).
962 726 1020 788 Qui
1032 733 1099 796 post
1111 724 1175 778 illos
1193 743 1295 780 omnem

159 811 316 880 Aegyptum
339 811 455 880 eiusque
475 815 648 864 monumenta
672 816 782 863 vetusta
799 817 927 863 accurate
949 816 1143 880 perscrutatus
1164 816 1210 863 est
1223 809 1293 861 Wil-

159 889 331 961 kinson**),
354 893 454 963 triplex
469 895 623 964 Sphingum
642 911 733 962 genus
754 912 804 964 per
824 894 980 965 Aegyptum
1001 895 1174 964 observavit,
1200 913 1293 963 unum,

157 978 188 1031 in
203 994 258 1050 quo
272 977 382 1031 leonino
397 980 506 1048 corpori
527 979 684 1048 impositum
706 984 750 1032 est
769 997 871 1050 corpus
887 981 1044 1048 humanum,
1063 981 1192 1049 alterum,
1219 981 1294 1052 quod

157 1061 264 1130 arietis,
278 1063 398 1130 tertium,
415 1064 490 1135 quod
504 1064 644 1134 accipitris
656 1065 713 1116 sert
726 1069 810 1134 caput
824 1063 935 1118 leonino
949 1065 1058 1136 corpori
1072 1064 1201 1133 additum,
1218 1065 1293 1118 siva:

157 1148 388 1220 Androsplringes,
405 1150 607 1220 Griorpltingea,
621 1150 875 1222 Hieracorpbingen
897 1150 1028 1220 Sphingis
1043 1167 1110 1203 vero
1126 1149 1215 1218 figura
1233 1167 1293 1203 cum

157 1232 193 1283 ad
213 1233 315 1300 regiam
336 1233 496 1301 dignitatern
513 1233 702 1287 declarandam
723 1234 869 1305 ipsumque
884 1252 975 1303 regem
995 1235 1064 1288 adeo
1080 1241 1293 1303 repraesentan-

157 1316 221 1369 dum
237 1315 343 1382 valeat,
364 1317 432 1370 adeo
449 1325 480 1370 ut
494 1318 522 1370 in
540 1317 614 1371 notis
628 1317 842 1388 hieroglyphicis
857 1319 990 1390 Sphingis
1010 1321 1101 1390 figura
1125 1319 1226 1372 domini
1247 1337 1292 1372 re·

157 1401 239 1468 gisve
255 1401 330 1453 notio
346 1399 601 1470 significetur***),
623 1403 761 1472 sphinges
778 1403 843 1456 inde
856 1404 993 1458 masculos
1009 1423 1073 1458 esse
1087 1405 1198 1468 debere,
1221 1405 1292 1458 idem

157 1485 202 1538 vir
216 1485 315 1538 doctus
336 1487 513 1555 pronuntiat,
539 1479 761 1556 ἀνδρόσφιγγας,
787 1493 818 1540 ut
839 1489 999 1542 Herodotus
1021 1489 1154 1561 loquitur.
1190 1489 1290 1560 Atque,

157 1569 211 1622 alia
231 1575 262 1622 nt
282 1575 400 1637 mosam,
430 1571 553 1624 miranda
575 1569 621 1624 illa
641 1573 774 1642 Sphingis
797 1571 896 1640 moles,
925 1591 996 1644 quae
1016 1591 1031 1626 e
1054 1591 1120 1626 saxo
1148 1573 1292 1644 exsculpta

156 1659 222 1706 anm
236 1643 392 1724 pyramides
407 1656 547 1722 cernitur,
570 1659 681 1711 bominis
700 1657 825 1728 adeoque
839 1659 889 1710 oiri
902 1659 998 1711 faciem
1020 1657 1142 1710 ostendit
1149 1659 1198 1725 †)=
1220 1659 1290 1711 mai-

157 1737 290 1810 cnlosque
310 1740 448 1808 Sphingos
470 1740 545 1793 solos
567 1741 626 1794 iere
655 1759 705 1810 per
724 1741 880 1811 Aegyptum
901 1742 1022 1796 inveniri
1048 1749 1123 1796 recte
1148 1743 1292 1795 contendit

156 1823 357 1891 Seyfferth††)
372 1831 455 1896 atque
466 1824 721 1895 Champcllio†††).
753 1826 851 1898 ltaque
861 1833 937 1880 recte
947 1827 1108 1880 Herodotus
1122 1820 1292 1896 ἀνδρόσφιγ-

155 1927 207 1976 γας
228 1907 298 1960 dixit
311 1908 462 1977 Sphingum
483 1913 605 1976 statuas,
632 1926 703 1980 quae
717 1911 766 1963 ciri
781 1910 878 1963 faciem
899 1912 995 1983 utique
1015 1929 1083 1981 prae
1104 1930 1135 1964 se
1151 1912 1288 1964 ferebant.

155 1992 207 2044 His
222 1991 309 2060 igitur
321 1992 473 2061 Sphingum
489 1995 587 2062 liguris
605 1995 749 2047 humanum
762 1995 804 2047 vel
822 1995 902 2048 etiam
917 1997 1064 2050 arietinum
1078 2002 1163 2066 caput
1177 1995 1288 2048 leonino

155 2076 265 2146 corpori
280 2076 436 2145 impositum
453 2079 666 2148 praebentibus,
681 2079 870 2148 magnitudine
885 2097 936 2133 sua
951 2087 1035 2152 atque
1046 2081 1148 2134 ambitu
1163 2080 1288 2133 colossos

155 2163 215 2214 iere
229 2161 414 2231 aequantibus
430 2163 496 2233 quid
511 2163 618 2217 omnino
629 2163 760 2232 Aegyptii
774 2163 897 2218 indicare
911 2164 1052 2219 voluerint
1060 2165 1163 2237 quidve
1178 2165 1287 2219 omnino

155 2245 323 2315 spectarint,
341 2246 366 2298 si
381 2263 544 2318 quaeramus
555 2253 701 2319 menteque
717 2247 797 2300 simul
815 2255 988 2319 reputemus,
1011 2251 1166 2303 huiusmodi
1181 2251 1286 2319 figuras

155 2347 188 2382 ex
210 2330 347 2390 hominum
369 2348 457 2402 aeque
484 2351 516 2386 ac
538 2332 677 2385 beluarum
699 2333 836 2402 partibus
849 2335 1014 2405 compositas
1037 2336 1111 2405 apud
1132 2335 1286 2405 Aegyptios

155 2432 209 2466 non
229 2415 319 2466 minus
334 2416 497 2486 frequenter
514 2435 593 2488 quam
608 2417 681 2486 apud
698 2416 845 2486 Assyrios,
871 2419 987 2488 Persas,
1009 2421 1077 2473 alios
1093 2421 1225 2490 reperiri,
1248 2419 1287 2471 sl-

155 2499 213 2551 tius
231 2499 298 2570 quid
313 2502 464 2554 tesseraria
478 2503 586 2554 ratione
602 2501 762 2569 significari,
784 2504 858 2574 quod
874 2505 907 2556 ad
924 2503 1072 2572 religiones
1088 2517 1116 2557 et
1131 2523 1210 2558 secra
1221 2505 1287 2558 deo-

156 2599 215 2636 rum
229 2583 376 2652 pertineat,
392 2585 512 2638 dubitari
527 2587 573 2637 vix
589 2586 702 2656 poterit.
734 2587 832 2658 ltaque
848 2589 920 2640 Galli
936 2589 975 2641 illi
991 2590 1130 2660 Sphinges
1145 2591 1180 2644 ad
1195 2591 1288 2642 sidera

154 2672 239 2738 atque
258 2667 404 2721 Zodiacum
420 2666 465 2740 *),
487 2670 611 2739 inprimis
631 2671 665 2722 ad
686 2673 775 2725 Solem
794 2689 924 2726 revocare
946 2675 1129 2744 studuerunt,
1154 2677 1188 2728 ad
1210 2693 1288 2746 quem

226 2916 253 2982 *)
272 2917 290 2968 1.
309 2918 328 2970 1.
348 2935 375 2985 p.
395 2919 456 2970 ase.
513 2896 522 2906 '

223 3006 269 3074 **)
291 3009 420 3060 Manners
438 3013 491 3060 etc.
515 3009 568 3059 111.
587 3026 614 3075 p.
629 3009 672 3062 23.
690 3008 750 3061 Sec.
770 2987 829 3061 Ser.
842 3011 880 3060 11.
899 3026 926 3075 p.
941 3009 992 3061 200
1002 3027 1078 3076 seqq.
1115 3010 1203 3076 Anglo
1225 3012 1286 3063 viro

153 3077 447 3214 gocgg3arsdsqtgpulatur
463 3078 580 3144 Ampere
598 3080 641 3130 in:
669 3080 764 3132 Revne
782 3080 808 3130 d.
825 3081 897 3131 deux
916 3079 1029 3132 mondes
1048 3080 1140 3146 (1846)
1159 3083 1192 3132 Τ.
1212 3082 1285 3134 XVI.

224 3236 285 3304 ***)
302 3240 345 3290 De
358 3254 411 3304 qno
424 3242 516 3290 tamen
528 3238 637 3288 dubitat
649 3239 682 3289 Ε.
695 3237 726 3288 C.
736 3238 920 3302 Ravenshaw,
936 3242 984 3306 qni
1002 3240 1034 3292 de
1045 3240 1213 3307 Sphingibus
1231 3242 1286 3294 dis·

152 3309 239 3361 seruit
254 3309 283 3358 in
299 3309 394 3359 Journ.
414 3308 443 3359 ol
459 3307 506 3358 tha
522 3307 628 3358 Asiatic
642 3307 752 3372 Society
770 3309 844 3372 XVI,
865 3305 888 3360 l.
905 3325 933 3375 p.
957 3312 1014 3362 104.

223 3399 253 3465 †)
272 3400 342 3452 Vide
359 3401 453 3452 Revue
470 3398 631 3465 Archdolog.
650 3399 683 3450 X.
703 3416 730 3464 p.
749 3399 800 3452 715
818 3416 894 3466 seqq.

224 3489 273 3556 ††)
292 3491 419 3558 Beitrage
436 3491 590 3544 zurGesch.
606 3491 632 3544 d.
650 3491 697 3540 alt.
710 3491 827 3556 Aegypt.
839 3493 877 3542 ΙΙ.
891 3508 918 3557 p.
931 3492 990 3544 187.
1022 3492 1172 3558 Triplioem
1186 3491 1284 3558 Sphin-

150 3575 213 3626 gem
227 3559 336 3611 exhibet
347 3561 511 3627 tiuigniaut:
529 3560 669 3626 Religions
684 3559 868 3626 d'Antiqnitda
887 3565 940 3612 etc.
960 3563 991 3610 Τ.
1005 3562 1053 3613 IV.
1072 3563 1102 3612 P.
1118 3564 1142 3612 2.
1161 3561 1197 3628 pl.
1210 3563 1283 3624 XLI,

151 3631 200 3680 ubi
219 3629 369 3680 exhibetur
392 3647 433 3682 nr.
454 3632 503 3683 170
527 3629 647 3696 Sphinx,
672 3631 750 3680 cuius
774 3631 882 3696 corpori
905 3631 1014 3682 leonino
1035 3633 1182 3682 arietinum
1201 3637 1285 3697 caput

151 3701 311 3765 impositum
327 3703 385 3762 est,
404 3716 444 3750 nr.
466 3699 516 3751 160
533 3698 638 3764 Sphinx
658 3698 743 3750 faciei
759 3701 900 3765 virgineae
919 3704 1007 3751 etur.
1028 3701 1079 3752 170
1105 3701 1210 3766 Sphinx
1228 3701 1283 3752 viri

151 3773 238 3834 caput
256 3768 365 3818 leonino
384 3772 493 3834 corpori
510 3769 670 3834 impositum
689 3773 859 3832 monstrans;
879 3769 915 3821 ci.
936 3771 1114 3836 Explication
1131 3771 1196 3820 ibid.
1211 3771 1241 3821 Ρ.
1260 3771 1283 3821 1.

152 3853 180 3907 p.
201 3837 236 3889 53
254 3853 311 3903 seq.
332 3837 393 3888 coll.
413 3839 446 3890 Τ.
466 3839 489 3888 Ι.
507 3839 539 3889 P.
555 3839 581 3888 2.
600 3854 627 3904 p.
641 3836 702 3890 503.

222 3927 291 3994 †††)
309 3928 452 3980 Pantheon
464 3929 601 3995 Egyptian
612 3927 653 3979 Pl.
664 3929 706 3979 24.
718 3929 751 3978 E.
769 3928 829 3993 (ubi
838 3928 903 3980 talis
913 3929 1042 3997 Sphingis
1052 3928 1169 3981 masculi
1181 3943 1213 3978 ec
1223 3929 1284 3978 bar·

149 3997 212 4046 bati
229 3998 377 4063 imaginem
391 3996 541 4062 exhibuit):
563 3997 615 4061 „la
629 3997 686 4048 tete
701 3997 830 4050 humaine
846 3998 879 4048 de
899 3998 927 4049 la
943 3999 1002 4065 plus
1019 4000 1122 4065 grande
1142 3999 1230 4063 partie
1249 3998 1283 4048 de

149 4065 255 4131 Sphinx
274 4067 307 4117 de
325 4067 428 4118 travail
444 4065 654 4119 vdritablement
673 4067 825 4132 Egyptian,
842 4071 952 4119 estune
968 4070 1024 4120 tere
1042 4069 1122 4132 mtle,
1141 4067 1283 4118 charactd-

149 4134 223 4186 risde
243 4151 293 4201 par
306 4137 334 4186 la
350 4137 466 4188 barbe.“

220 4226 248 4291 ¹i)
267 4228 335 4278 Inde
354 4245 461 4294 quoque
474 4230 531 4280 Fea
542 4227 561 4278 l.
572 4227 684 4293 supral.
704 4226 840 4294 Sphinge,
861 4226 933 4292 qnod
950 4225 1038 4278 leonis
1056 4233 1084 4277 et
1102 4230 1217 4295 virginis
1234 4227 1283 4278 hu·

149 4301 362 4416 :nappeempertes
381 4298 480 4362 habet,
499 4299 553 4348 duo
570 4297 685 4348 Zodiaei
699 4299 794 4363 signa,
811 4295 917 4348 leonem
933 4300 961 4346 et
979 4297 1129 4361 virginem,
1147 4297 1284 4350 declarari
