3058 4928
228 275 288 339 618

662 275 925 340 ΗΕΒΟΒΟΤΙ

228 455 314 540 peius
338 455 670 540 κατατετμημένοισι,
703 447 919 538 ὑποχρίοντες
934 454 982 543 τῷ
999 448 1118 539 κόμμι,
1143 455 1189 542 τῷ
1209 447 1251 538 δὴ
1272 445 1347 518 e’rvrl
1356 467 1406 521 14³

230 553 350 643 κόλλης
367 553 407 624 τὰ
424 553 531 624 πολλὰ
553 557 715 644 χρέωνται
735 554 922 641 Αἰγύπτιοι.
976 555 1140 623 ἐνθεῦτεν
1158 553 1195 622 δὲ
1214 558 1361 642 παραδε-

229 657 368 748 ξάμενοί
384 687 444 748 μιν
460 664 495 728 οἱ
509 658 743 748 προσήκοντες,
763 663 937 754 ποιεῦνται
952 655 1089 740 ξύλινον
1100 656 1208 727 τύπον
1224 653 1361 747 ἂνθρω-

229 764 382 846 τιοειιλέα,
409 761 627 850 ποιησόμενοι
647 760 684 831 db
703 761 922 850 ἕσεργνόουσι
947 757 1006 830 τόν
1027 760 1167 849 νεκρόν·
1219 761 1275 830 καλ
1302 788 1361 830 κα-

228 873 466 955 τακληΐσαντες
481 862 569 934 οὕτω
586 873 827 955 θηοαυριῖοοσι
845 867 883 934 ἐν
904 863 1057 955 οἰκήματι
1072 871 1223 958 θηκαίῳ,
1249 864 1361 934 ἱστόν-

229 1068 289 1129 (lin.
311 1068 352 1118 17.
367 1065 413 1130 18)
428 1083 528 1132 μεντοι
541 1070 631 1120 linteos
648 1071 721 1119 recte
732 1069 772 1118 in-

229 1141 392 1202 terpretatur
411 1138 434 1188 I.
453 1139 553 1188 Franz.
578 1139 606 1187 in
625 1138 705 1202 Corp.
725 1138 770 1187 In·

229 1223 282 1257 aer.
303 1207 415 1258 Graece.
433 1209 465 1259 Τ.
477 1209 529 1259 111.
548 1225 574 1272 p.
589 1207 649 1270 838,
669 1207 770 1257 dissen-

229 1279 315 1328 tiente
330 1279 489 1328 Drumanno
510 1277 683 1340 (Untersucb.
705 1277 771 1327 iiber

229 1347 256 1399 d.
276 1347 381 1398 Inecbr.
394 1364 420 1398 v.
436 1347 556 1413 Rosett.)
568 1363 630 1413 pag.
646 1348 695 1396 reu
712 1363 769 1412 seq.

229 1448 264 1457 --
272 1415 434 1476 ostensivus
447 1417 513 1467 dicit
527 1418 628 1480 sarcina
638 1417 769 1480 dissectus,

229 1486 300 1553 quod
312 1487 434 1537 additum
445 1482 711 1551 κατατετμημένοισι
728 1501 770 1536 ee·

229 1557 266 1606 tia
296 1558 399 1620 arguit,
428 1561 512 1621 atque
535 1557 690 1607 Pausaniae
715 1558 768 1606 λλο-Ι

230 1631 316 1676 strum
332 1627 465 1676 imitantia
488 1642 553 1677 usus
572 1627 609 1689 11,
631 1628 671 1678 λλ.
697 1627 768 1690 §.⁴l,

229 1695 301 1760 quod
319 1695 393 1747 haud
405 1697 478 1762 {ugit
491 1696 590 1747 Siebel.
622 1696 692 1747 Add.
710 1695 770 1747 Sal-

229 1779 297 1816 mas.
316 1765 351 1816 sd
373 1767 485 1830 Vopisc.
509 1766 646 1817 Aurelian.
669 1782 695 1830 p.
718 1767 770 1816 422

195 1845 201 1852 ·
230 1834 295 1900 (vol.
314 1835 363 1902 11).
400 1835 455 1886 Alii
473 1840 530 1888 loru
548 1837 769 1900 interpretantur,

229 1904 264 1956 ud
282 1921 337 1955 reru
355 1905 427 1955 haud
446 1906 530 1968 fuleo,
550 1921 770 1972 quemquamne

229 1975 326 2026 cabulo
345 1975 433 2026 minus
450 1975 502 2026 bac
519 1975 547 2024 in
565 1992 594 2026 re
606 1975 719 2026 solemni
731 1978 771 2025 et-

230 2061 283 2110 que
293 2045 407 2096 usitato.
436 2045 537 2096 Videas
555 2045 681 2096 Creuner.
695 2045 771 2096 Surn·

229 2131 300 2164 mum
319 2131 384 2165 vero
402 2113 559 2178 artificium,
577 2115 649 2180 quod
661 2116 690 2164 in
706 2115 771 2164 umi-

228 2185 333 2234 ciendis
344 2184 523 2235 cadaveribus
542 2184 714 2234 adhibuerint
726 2199 771 2234 re·

229 2259 300 2305 teres
325 2253 469 2318 Aegyptii,
493 2255 561 2304 satis
585 2269 657 2304 nune
679 2253 771 2303 mumi·

229 2339 305 2374 arum
314 2323 444 2388 reliquiae
458 2323 594 2385 indicant,
614 2338 682 2387 quas
698 2322 771 2373 baud

230 2392 324 2442 rniuori
336 2407 402 2442 curs
416 2392 584 2442 illustrarunt
603 2391 676 2442 docti
687 2391 768 2444 Gelli.

229 2461 322 2522 Unde,
340 2460 395 2511 ulie
407 2466 438 2511 ut
449 2466 564 2524 taceam,
583 2466 706 2526 apparet,
727 2477 770 2512 su-

228 2547 277 2596 per
300 2530 392 2580 fasciis
416 2530 547 2596 applicita
570 2547 629 2582 esse
651 2531 770 2596 duplicia

229 2599 382 2664 triplicieve
399 2616 431 2650 ae
449 2615 530 2666 saepe
545 2601 623 2666 plura
634 2603 738 2651 ctiam'
730 2618 770 2651 rn-

228 2673 386 2735 tegumenta
404 2686 419 2720 e
441 2675 556 2722 cotoneo
575 2675 711 2734 contexte,
730 2676 769 2722 at-

228 2755 281 2805 que
298 2740 326 2789 in
343 2739 386 2789 his
405 2740 510 2791 demum
519 2742 712 2806 integumentis
729 2743 770 2824 pi-

228 2814 321 2860 cturae
340 2825 400 2860 esse
417 2811 551 2860 exhibitas
566 2812 636 2861 varii
653 2813 768 2877 generis.

228 2881 270 2930 De
294 2879 392 2945 quibus
415 2897 476 2931 cunr
498 2880 578 2946 plane
600 2885 693 2932 taceat
715 2883 769 2932 No

228 2953 285 3000 ster
308 2950 423 3000 strictim
445 2950 631 3001 tantummodo
655 2965 770 3002 summa-

228 3020 330 3084 timque
347 3035 462 3070 narrans
472 3020 543 3071 banc
557 3021 719 3071 cadaverum
730 3021 769 3071 iu-

227 3089 292 3140 sciie
320 3089 543 3140 involvendomur
570 3092 715 3152 rationem,
740 3091 768 3140 id

228 3162 292 3208 autc
310 3161 401 3208 omniu
419 3159 578 3220 tenendum,
603 3159 678 3210 illam
695 3159 768 3210 haud

227 3228 348 3278 caruisse
364 3229 493 3279 interiore
505 3229 621 3295 quadam
635 3229 736 3295 etque'
728 3245 768 3279 ιιι-

227 3297 348 3362 siguiore
364 3297 577 3362 significatione,
597 3305 625 3349 et
640 3299 768 3364 Aegypti·

227 3382 303 3417 orum
321 3381 380 3417 curn
393 3369 528 3432 mysteriis
540 3370 710 3420 coniunctam
727 3369 768 3418 λιι-

227 3437 295 3495 isse;
314 3435 348 3487 de
366 3436 540 3501 quibuscum
560 3437 696 3488 silentium
715 3438 768 3488 eibi

225 3507 385 3570 imposuerit
399 3507 507 3569 Noster,
521 3524 575 3558 nou
589 3509 693 3580 ιιιλιιιιιι,
708 3524 767 3557 eum

226 3580 283 3626 tum
301 3577 418 3626 strictim
436 3581 464 3626 et
486 3577 541 3627 lesi
558 3567 637 3642 quisi
655 3577 766 3629 brachio

225 3645 293 3694 haec
311 3646 448 3709 attigisse.
483 3646 546 3697 Vid.
568 3645 765 3697 Greuuernml.

225 3714 244 3764 l.
265 3714 357 3779 ibique
377 3714 496 3765 Iemerd.
516 3715 624 3776 (Descr.
643 3716 676 3766 de
692 3717 764 3778 l’lip.

225 3783 336 3848 Antiqq.
351 3785 389 3834 11.
409 3789 476 3835 sect.
493 3785 529 3836 X.
546 3789 572 3849 s.
588 3783 614 3836 8.
633 3801 696 3851 pag.
714 3785 766 3837 338

225 3867 283 3916 seq.
311 3853 410 3918 Royer.
427 3853 494 3906 ibid.
505 3855 540 3905 X.
558 3871 585 3919 p.
603 3854 680 3920 210);
701 3855 764 3905 add.

224 3920 363 3972 Minutoli:
383 3923 541 3989 Nachtrtige
559 3927 612 3975 etc.
631 3939 694 3990 pag.
714 3925 766 3976 200

224 4005 253 4040 se

255 4005 446 4120 λιτοηρίοντες
463 4055 503 4124 τῷ
520 4050 618 4122 κόμμι]
646 4057 705 4108 scil.
725 4071 766 4107 ιε-

224 4121 369 4188 λιιμιόνας,
389 4128 429 4176 ita
446 4130 478 4176 ut
491 4127 592 4206 susque
612 4127 766 4193 intelligan-

226 4198 271 4243 tur
281 4209 370 4257 μιιοιιιιι
365 4195 493 4246 ἰιιλιλίιαα
520 4188 606 4258 κόμμι
615 4197 674 4246 sive
692 4212 765 4262 gurn-

223 4262 262 4311 mi
279 4261 424 4313 Arabicum
448 4279 480 4313 ex
504 4265 582 4328 spina
599 4281 712 4314 meusne
731 4266 764 4315 si·

223 4329 764 4398 millimelotoOyrenaeaememoretllo·

822 1071 878 1118 ster
896 1067 935 1128 II,
953 1067 996 1118 66.
1028 1067 1141 1132 Capitur
1159 1067 1316 1119 humoriste
1331 1085 1364 1119 ex

823 1138 900 1201 spina
922 1137 1057 1203 Aegyptia
1076 1137 1134 1188 sive
1152 1139 1261 1202 acacia,
1283 1154 1362 1204 quem

821 1207 928 1272 plurimi
951 1207 1108 1258 existiment
1130 1209 1252 1259 ιιιίιιιοιαιιι
1275 1209 1363 1258 Niloti-

820 1293 875 1326 cam
893 1276 1022 1338 Linueei,
1047 1278 1175 1341 guttatim
1198 1279 1262 1328 inde
1281 1277 1362 1328 deflu-

822 1362 879 1396 ens.
911 1350 1000 1412 Atque
1010 1346 1090 1396 fidem
1100 1347 1233 1398 Herodoti
1244 1347 1288 1397 hic
1298 1363 1362 1412 quo-

822 1431 873 1482 que
893 1421 1004 1466 tucntur
1012 1417 1197 1480 experimenta
1214 1417 1242 1465 in
1254 1417 1361 1468 meniis

821 1486 957 1548 institute,
969 1501 1038 1551 quse
1048 1487 1166 1536 resinam
1184 1485 1363 1537 exbibuerunt

821 1556 1000 1616 tenaciorem,
1035 1555 1109 1620 ignis
1139 1557 1242 1606 admoti
1272 1557 1299 1605 vi
1328 1573 1361 1608 ex

820 1625 980 1676 mumiarum
993 1625 1141 1676 involucris
1154 1625 1359 1678 redundantem.

821 1696 904 1747 Pluru
926 1695 1075 1746 Creurerur
1096 1695 1115 1746 l.
1139 1695 1157 1746 l.
1194 1697 1358 1749 Munitelil.

820 1767 840 1818 l.
858 1781 920 1830 pag.
942 1765 993 1844 lup
1015 1781 1073 1830 seq.
1097 1781 1128 1816 eo
1151 1766 1258 1831 quidem
1282 1767 1358 1818 incli-

820 1840 885 1897 nat,
903 1839 934 1884 ut
952 1826 1037 1899 κόμμι
1055 1835 1192 1886 existimet
1210 1851 1271 1888 esse
1287 1853 1362 1903 gum-

821 1921 858 1955 rn1
850 1904 1025 1966 Arebrcum
1045 1905 1141 1969 quod
1133 1922 1161 1956 ru
1172 1906 1298 1971 Aegypto
1309 1912 1362 1958 ter·

820 1975 910 2040 risque
940 1942 1127 2025 sdiscbutibne
1150 1977 1279 2054 copiose
1288 1993 1339 2042 cs
1342 1995 1363 2027 ι

821 2049 892 2095 stur.
929 2044 983 2095 Sed
1001 2045 1113 2095 Iohnius
1122 2036 1209 2108 κόμμι
1221 2046 1255 2096 eb
1268 2047 1362 2097 Aethi-

821 2115 918 2180 opibus
935 2115 990 2164 dici
1011 2119 1091 2179 putet
1119 2113 1247 2166 lacrimas
1273 2118 1363 2168 Tarsus

821 2184 957 2246 Sterculus,
984 2185 1025 2234 ita
1055 2189 1086 2235 ut
1108 2185 1182 2234 illurn
1210 2187 1361 2250 materiam,

821 2271 891 2320 quse
916 2270 988 2304 nune
1005 2253 1155 2305 Surcueolla
1177 2254 1259 2320 vulgo
1281 2272 1362 2307 vocs-

822 2328 878 2386 tur,
903 2323 1042 2374 commode
1064 2324 1195 2374 adbibere
1212 2327 1361 2390 potuerint.

820 2395 945 2444 Formam
964 2394 1051 2443 dativi
1069 2391 1110 2454 soi
1125 2386 1211 2456 κόμμι
1231 2395 1286 2446 noli
1305 2412 1362 2447 mu-

820 2468 893 2524 tare,
917 2463 982 2512 licet
1005 2447 1125 2515 Anecdd.
1149 2464 1266 2516 Beklrer.
1289 2467 1313 2516 λ.
1332 2481 1360 2530 p.

823 2535 881 2594 104,
903 2533 930 2581 λι
948 2525 1098 2596 κόμμι6ι“
1081 2549 1099 2596 η
1119 2528 1228 2597 δοτική·
1242 2524 1360 2598 Hpo'du

819 2617 868 2660 τος
879 2598 1013 2668 eleusippe
1024 2603 1096 2667 quod
1107 2603 1290 2654 Herodoteum
1300 2621 1363 2678 pes

820 2673 917 2723 merito
936 2675 1021 2736 negat
1038 2672 1155 2722 Bredov.
1175 2690 1201 2738 p.
1220 2675 1280 2737 268,
1299 2691 1361 2726 euru

820 2742 984 2808 posteriores
1001 2742 1146 2820 scriptores
1156 2743 1280 2794 flexerint
1293 2737 1361 2823 ηόμ-

820 2809 904 2876 μιιλος
928 2816 956 2860 et
980 2803 1172 2875 κόμμειος.-
1138 2814 1253 2864 -Μοιι
1274 2805 1360 2878 κόλλη

819 2886 861 2933 est
877 2883 971 2946 pluton.
1190 2928 1192 2934 ,

854 2948 1004 2999 ποιεῦνται
1013 2940 1175 3010 ξόλινον’
1140 2965 1233 3000 conoe
1244 2941 1359 3012 όνλλοιι

819 3015 985 3085 ποιιιλόαῌ.
1010 3035 1162 3084 eropum
1183 3023 1360 3076 ωαλιίααλιιιιι

819 3097 911 3140 noant
927 3090 1132 3153 domaisfipurc
1169 3090 1222 3140 Ubi
1244 3091 1361 3142 observa

818 3175 897 3210 usum
915 3159 997 3209 medii
1014 3159 1091 3209 verbi
1102 3158 1260 3240 ποιεισθηιι,
1280 3177 1360 3242 quom

819 3229 961 3294 attigimus
979 3243 1062 3293 supra
1080 3229 1103 3289 I,
1122 3227 1166 3278 31.
1201 3222 1294 3278 cdxcv
1310 3245 1361 3279 αν-

818 3294 1001 3362 θηωιιοειιλέα
1018 3265 1153 3348 intellexit
1166 3313 1300 3361 cupsums.
1316 3317 1360 3350 ur-

818 3385 872 3419 eam
883 3368 1029 3418 uddourinis
1036 3369 1143 3432 fipurum
1157 3369 1273 3430 effictam,
1287 3385 1361 3433 pror·

819 3453 865 3487 sus
888 3441 918 3486 ut
939 3437 1010 3501 apud
1029 3437 1141 3487 Diodor.
1162 3437 1184 3499 1,
1203 3439 1246 3488 ¹21.
1266 3439 1359 3502 1v‚u.

818 3507 907 3574 Atque
936 3505 1073 3572 singulare
1106 3507 1241 3557 fabrorum
1273 3525 1359 3573 genus

818 3577 904 3628 fuisse
922 3575 1046 3638 videtur,
1070 3577 1117 3641 qui
1141 3577 1297 3628 istiusmodi
1315 3593 1360 3629 ca-

817 3661 882 3712 psae
903 3646 1039 3708 iacerent,
1058 3645 1211 3711 etquidem
1230 3663 1262 3697 ex
1282 3663 1360 3713 syco-

818 3717 886 3766 mori
905 3716 990 3780 (quae
1007 3715 1088 3764 arbor
1104 3720 1147 3765 est
1160 3717 1225 3778 flora
1235 3722 1362 3783 τμεοιιιονι·

817 3786 944 3846 Linuaei,
964 3784 1032 3834 Isidi
1047 3783 1137 3850 sacra)
1155 3783 1241 3850 ligno.
1276 3787 1360 3838 Plura

818 3822 976 3904 Oreunerbs.

847 3912 1079 4003 {repperierunt
1052 3933 1103 3969 ιον
1122 3911 1234 3985 νεκρόν]
1253 3919 1312 3970 scil.
1331 3912 1360 3979 ἐς

817 3982 1071 4052 ξόλινοντόιιονι.
1087 3991 1115 4039 in
1130 4005 1220 4040 arcem
1231 3989 1357 4054 ligneam.

852 4049 1101 4142 θηοανρίζοιισιέ
1102 4073 1119 4106 ν
1144 4049 1278 4122 οἰκήματι
1302 4057 1359 4123 θη-

816 4126 928 4193 καίοι]
920 4143 939 4177 ι
958 4143 982 4177 e.
1002 4125 1149 4190 (inclusum
1168 4127 1297 4194 cadaver)
1315 4145 1358 4178 re-

814 4199 942 4260 ponuntin
955 4196 1094 4247 conditorio
1102 4199 1246 4260 sepulcrali,
1265 4205 1373 4248 rectum·

814 4273 953 4316 summere
975 4267 1012 4315 cd
1028 4268 1160 4327 parietem.
1196 4267 1357 4334 Elegantem

815 4349 893 4386 usum
923 4335 1000 4384 verbi
1029 4333 1214 4400 θησαυρίζειν
1247 4335 1358 4401 exponit
