3064 4940
651 294 777 357 GLIO.
800 297 825 358 Ι.
848 306 891 362 62.
1281 299 1339 364 133

202 481 333 560 ἴσχουσι
349 473 561 558 Μαραθῶνα.
589 473 625 540 ἐν
646 471 684 542 δὲ
696 471 802 566 τούτῳ
817 477 863 566 τῷ
876 473 974 566 χῶροι
993 493 1054 562 σφι
1073 480 1336 564 στρατοπεδευο-

203 577 333 665 μένοισι
353 577 439 642 οἵτε
458 575 495 640 ἐκ
515 578 575 642 τοῦ
594 571 711 656 ἀστεος
731 582 908 648 στασιῶται
928 574 1106 664 ἀπίκοντο,
1128 575 1223 648 ἀλλοι
1242 606 1278 649 τε
1301 583 1338 649 ἐκ

204 683 274 748 τῶν
295 675 411 765 δήμων
430 679 652 766 προσέρρεον,
681 673 788 768 oluit}
814 683 973 772 τυραννὶς
994 678 1060 771 πρό
1078 685 1276 774 ἐλευθερίης
1295 674 1339 773 ἦν

206 778 464 870 ἀσπαστότερον.
491 769 583 850 οὗτοι
597 781 659 870 μὲν
674 779 715 872 δὴ
730 792 954 873 συνηλίζοντο.
991 781 1183 875 Ἀθηναίων
1198 785 1235 856 δὲ
1255 791 1291 856 ol
1301 789 1338 857 ἐκ

207 890 266 955 τοῦ
291 881 423 968 ἀστεος,
451 886 513 963 ἕως
538 884 600 972 μὲν
620 893 857 974 Πεισίστρατος
881 887 921 958 τὰ
948 887 1097 978 χρήματα
1122 886 1253 979 ἤγειρε,
1282 893 1338 961 καὶ

204 992 361 1078 μεταῦτις
376 981 419 1068 ῶς
438 993 512 1076 ἔσχε
526 995 748 1078 Μαραθῶνα,
771 989 872 1077 λόγον
890 987 1013 1060 οὐδένα
1035 991 1134 1080 εἶχον.
1163 995 1239 1063 ἐπεί
1249 1021 1285 1064 τε
1301 995 1338 1064 δὲ

203 1092 374 1162 ἐπύθοντο
391 1093 427 1159 ἐκ
450 1095 511 1161 τοῦ
523 1097 743 1181 Μαραθῶνος
764 1090 868 1164 αὐτόν
890 1091 1095 1181 πορεύεσθαι
1115 1097 1168 1164 ἐπὶ
1187 1093 1224 1164 τδ
1243 1093 1338 1184 ἀστυ,

201 1192 290 1266 οὕτω
312 1193 354 1284 δὴ
373 1196 559 1282 βοηθέουσι
580 1192 634 1264 ἐπ’
651 1193 765 1267 αὐτόν.
790 1199 845 1266 καὶ
866 1187 963 1268 οὗτοί
974 1223 1010 1266 τε
1024 1203 1228 1289 πανστρατιῇ
1241 1195 1341 1287 ἤϊσαν

202 1301 256 1370 ἐπὶ
270 1297 349 1380 τούς
363 1297 553 1380 κατιόντας·
578 1300 682 1371 καλοί
691 1298 777 1390 ἀμφὶ
792 1309 1053 1390 Πεισίστρατον,
1080 1296 1124 1382 ῶς
1138 1297 1342 1390 ὁρμηθέντες

157 1407 240 1475 dode
260 1407 480 1492 Μαραθῶνος
498 1400 599 1492 ἤϊσαν
617 1405 669 1473 inl
693 1401 731 1474 τό
753 1401 854 1490 isso,
881 1408 915 1484 ἐς
936 1401 1046 1474 τῶυτδ
1064 1404 1241 1486 συνιόντες
1262 1401 1340 1476 ἀπι-

200 1510 354 1578 κνέονται
370 1507 425 1575 ἐπὶ
439 1512 651 1595 Παλληνίδος
666 1504 845 1597 Ἀθηυαίης
862 1505 952 1598 ίρδν,
971 1509 1027 1577 eal
1044 1505 1143 1578 ἀντιά
1165 1514 1286 1579 ἔθεντο
1301 1506 1342 1578 rol
1447 1503 1450 1510 ¹

137 1723 151 1738 ¹·
200 1713 272 1761 intrs
290 1709 318 1760 id
336 1713 458 1774 tempus,
487 1705 560 1773 quod
577 1709 743 1760 nominatur.
793 1711 872 1772 ipsius
894 1711 1008 1760 asseclis.
1044 1709 1124 1760 Coni.
1141 1709 1268 1760 Kuehner
1292 1709 1339 1762 Gr.

200 1809 235 1819 -
257 1781 299 1830 De
320 1782 482 1845 argumento
513 1777 585 1829 conl.
612 1783 682 1830 nott.
709 1779 744 1829 ad

217 1889 329 1982 ὀίσιὴ
352 1912 489 1980 τυραννὶς
510 1907 578 1979 πρὸ
602 1907 745 1965 ἐλευθε-

202 1987 278 2054 ρίης
302 1977 338 2052 ἦν
368 1977 593 2054 ἀσπαστότερον]
624 1987 665 2036 De
693 2001 745 2036 usu

201 2048 489 2189 titl'lt‘tt‘tl
498 2055 745 2190 ,tt‘tiltllt‘

205 2199 258 2246 lert
268 2196 364 2247 lacobs
378 2195 411 2246 ad
421 2195 528 2247 helian.
542 2196 576 2246 N.
589 2195 621 2246 Δ.
635 2196 688 2256 ΙΙΙ,
700 2195 744 2248 23.

205 2268 258 2317 Pro
276 2259 331 2315 υλσι
349 2266 445 2316 Struve
457 2265 575 2330 Specim.
593 2266 705 2329 Quaest.
720 2266 744 2316 Ι.

203 2353 230 2402 p.
256 2335 289 2388 23
311 2336 479 2386 scribendum
512 2339 606 2386 censet
639 2338 743 2385 τοῖσι.

201 2407 255 2460 Sed
280 2405 340 2457 libri
358 2407 544 2472 refragantur,
566 2420 679 2471 quorum
698 2419 745 2456 au-

200 2477 321 2530 ctoritati
331 2477 358 2526 in
372 2477 413 2526 his
431 2473 554 2526 nonnihil
571 2475 744 2526 tribuendum

199 2563 350 2600 censemus.

233 2613 281 2667 ιιαλ
300 2604 384 2666 οότοί
399 2627 427 2662 τε
452 2611 627 2678 πανστρατιῇ
646 2605 743 2681 ἤϊσαν]

198 2687 288 2754 Vulgo
306 2673 393 2752 ἦσαν,
422 2684 499 2734 cuius
517 2682 577 2734 loco
596 2683 643 2734 alii
661 2671 743 2750 η’σαν,

199 2755 272 2824 quod
291 2755 438 2822 nuperrimi
461 2754 579 2804 editores
594 2757 745 2808 ¹mutarunt

199 2830 228 2879 in
246 2819 345 2893 ἤϊσαν,
364 2825 393 2874 iu
407 2823 547 2875 Herodoto
563 2823 642 2874 unice
659 2824 746 2874 ieron·

199 2899 277 2960 dum,
289 2901 327 2963 ¹ut
339 2897 494 2946 monstrant
506 2892 590 2942 allata
602 2893 744 2944 aBredov.

199 2985 227 3035 p.
245 2967 307 3019 400.
324 2995 361 3004 -
381 2956 532 3020 κατιόντας
550 2963 578 3012 iu
596 2977 672 3030 seqq.
691 2964 748 3015 No-

199 3043 257 3089 ster
275 3052 320 3088 eos
339 3034 419 3098 dicit,
439 3035 482 3101 qni
492 3033 625 3083 αδιαεὶλίο
639 3034 747 3084 redeant

197 3111 239 3160 vel
255 3108 352 3158 reditus
368 3106 432 3156 οιόιιι
444 3103 493 3154 τῶι
504 3109 606 3166 parent.
635 3103 677 3154 cf.
691 3103 744 3166 111,

199 3180 244 3232 ιο.
265 3178 313 3240 ιν,
333 3175 358 3228 s.
378 3175 411 3237 V,
429 3173 473 3224 οι.
492 3173 541 3234 1x‚
561 3171 604 3224 ιο.

234 3238 262 3305 ἐς
290 3237 382 3296 τῶυτὸ
412 3234 567 3309 συνιόντες]
594 3244 612 3293 i.
638 3259 662 3294 s.
686 3258 745 3294 οοιι-

194 3318 282 3386 ρττιει·
297 3315 400 3367 eundem
422 3317 543 3365 inlocum
563 3315 679 3376 conniis,
702 3315 745 3379 qni

197 3403 235 3440 επ
254 3387 316 3438 mdc
337 3385 433 3436 obviarn
450 3386 545 3446 ierant,
568 3399 591 3433 s.
610 3397 745 3433 οεεαττεο-

197 3467 239 3510 tss
262 3455 346 3506 εοιΙιυι
372 3457 398 3505 in
420 3457 474 3504 loco
495 3457 548 3504 etc.
585 3453 745 3503 Distinctio-

197 3543 276 3588 nem,
295 3541 365 3590 quae
382 3523 446 3575 olim
463 3527 525 3588 post
540 3514 686 3580 συνιόντες
704 3525 744 3572 in-

196 3595 373 3658 veniebatur,
406 3609 468 3644 cum
490 3591 577 3644 Gaias.
603 3592 742 3658 posuimus

198 3671 263 3734 post
277 3655 355 3716 ἀστυ.
380 3664 446 3715 Cum
458 3678 511 3728 quo
521 3661 614 3713 eodem
625 3663 654 3712 iu
666 3677 742 3727 seqq.

199 3736 324 3788 dedimus
335 3725 519 3784 ἀπικνέονται
537 3737 565 3783 et
581 3727 682 3781 ἔθεντο
694 3747 744 3797 pro

199 3823 247 3869 eo,
273 3803 345 3870 quod
364 3803 463 3854 Aldina
486 3802 595 3853 exhibet
615 3791 746 3851 ἀπικνέε-

198 3891 245 3926 ται
270 3879 298 3925 et
321 3869 418 3936 ἔθετο,
441 3873 570 3938 'quodque
593 3887 678 3936 nuper
701 3871 746 3921 de-

199 3945 289 3997 fendit
298 3946 447 3996 Hermann.
459 3943 495 3992 sd
506 3943 598 4008 Vigor.
608 3957 672 4007 pag.
684 3941 744 4002 700,

200 4017 256 4082 qui,
275 4014 452 4065 distinctione
469 4017 532 4077 post
543 4005 689 4069 συνιόντες
705 4027 746 4061 re·

200 4089 315 4146 vocata,
353 4083 387 4134 ad
415 4083 499 4134 verba
526 4074 690 4132 ἀπικνέεται
719 4084 746 4131 et

796 1779 841 1830 Gr.
861 1781 887 1842 9.
906 1779 968 1842 474,
988 1778 1014 1830 δ.

818 1839 1002 1896 ἀπικνέονται
1012 1837 1057 1896 int
1065 1843 1245 1910 Παλληνίδος
1258 1837 1340 1912 Ἀθη-

797 1914 880 1982 ναίης
902 1909 977 1980 ἱρὸν]
1009 1917 1061 1966 Est
1091 1916 1221 1982 templum
1242 1916 1340 1965 Miner·-

796 2003 857 2048 oas,
877 2001 947 2051 quoe
957 1987 1116 2036 Pellenensis
1130 1989 1245 2036 vocatur
1255 2000 1270 2034 e
1281 1985 1341 2036 loco
1356 2029 1361 2048 ,

797 2057 871 2121 ipso,
894 2056 942 2106 ubi
960 2055 1089 2120 templum
1113 2059 1155 2106 est
1173 2059 1340 2105 exstructum

797 2129 823 2176 et
845 2125 891 2175 ubi
915 2125 966 2176 dos
997 2124 1106 2177 colitur.
1146 2125 1216 2176 Nem
1235 2124 1341 2175 Pallene

795 2195 860 2262 pagi
879 2195 964 2246 Attici
986 2201 1028 2246 est
1050 2211 1161 2258 nomen,
1188 2193 1234 2260 qui
1255 2210 1339 2260 prope

795 2264 936 2318 Acheruns
950 2265 1035 2316 inisse
1048 2265 1165 2328 videtur,
1177 2265 1339 2315 observante

795 2337 884 2388 Kruse
898 2334 1003 2400 (Hellas
1017 2335 1054 2398 11,
1069 2335 1094 2386 1.
1106 2351 1169 2400 pag.
1181 2332 1245 2397 290)
1257 2341 1339 2400 atque

795 2405 888 2456 Leake
909 2405 975 2472 (Die
991 2405 1094 2455 Demen
1117 2405 1233 2455 Attica's
1257 2419 1284 2470 p.
1304 2404 1339 2456 40

796 2493 810 2526 e
838 2491 910 2525 vers.
942 2476 1166 2539 Westermann.),
1194 2474 1241 2540 qui
1267 2475 1340 2524 intra

795 2543 963 2596 Pentelicum
980 2549 1098 2594 montem
1116 2549 1143 2594 et
1154 2543 1279 2609 Hymetti
1298 2559 1340 2592 ra-

796 2615 868 2666 dices
893 2615 1118 2680 septentrionales
1144 2613 1215 2664 hunc
1239 2629 1340 2678 pagum

795 2687 881 2750 pouit.
919 2685 960 2735 Ad
979 2683 1166 2734 Antiochidsm
1185 2684 1340 2750 pertinebat

797 2755 840 2805 illo
863 2755 977 2817 tribum,
1005 2755 1082 2804 euius
1103 2769 1188 2819 aeque
1213 2767 1245 2802 ac
1273 2753 1338 2804 deae

797 2825 858 2875 inde
876 2825 1085 2890 cognominatae
1103 2823 1247 2889 aliquoties
1267 2823 1339 2888 apud

796 2899 902 2944 veteres
922 2893 952 2944 lit
972 2894 1083 2944 melitio.
1121 2893 1200 2942 Cous.
1218 2891 1338 2942 Boeckh.

796 2965 882 3016 Inscr.
895 2963 975 3029 Corp.
993 2965 1015 3014 l.
1028 2963 1054 3015 3.
1074 2979 1101 3028 p.
1120 2961 1180 3012 007.
1217 2959 1340 3025 Splendi-

796 3035 858 3085 dum
889 3034 973 3085 fuisse
1003 3031 1132 3098 templum
1166 3030 1340 3095 donariisque

796 3105 886 3155 multis
906 3109 1029 3154 ornatum
1046 3102 1109 3152 inde
1127 3100 1241 3166 colligo,
1267 3099 1340 3166 quod

795 3173 939 3240 peculiaris
958 3171 1130 3224 Themisonis
1152 3169 1279 3221 exstabat
1306 3169 1339 3221 de

795 3245 837 3294 his
861 3245 942 3306 liber,
973 3243 1019 3308 qui
1042 3241 1241 3292 inscribebatur
1264 3237 1339 3290 Παλ-

794 3310 889 3378 ληνλς,
909 3317 980 3363 teste
994 3311 1134 3362 Athenaeo
1146 3311 1194 3372 Vl,
1211 3310 1254 3362 20.
1274 3325 1337 3376 pag.

795 3383 847 3434 234
872 3383 895 3432 F
922 3397 989 3446 seq„
1021 3381 1068 3430 ubi
1099 3379 1155 3430 vid.
1185 3379 1337 3444 Schweigh.
1435 3403 1437 3405 ·

795 3455 873 3504 Tom.
883 3451 936 3502 111.
948 3465 1009 3515 pag.
1022 3448 1073 3500 ets
1085 3451 1199 3499 Anuott.
1217 3447 1294 3497 Adde
1307 3447 1338 3498 C.

795 3523 827 3574 0.
839 3519 951 3571 Miiller:
969 3517 1066 3568 Kleiue
1085 3515 1215 3567 deutsche
1228 3515 1339 3567 Schriit.

794 3591 832 3642 11.
853 3606 880 3656 p.
902 3589 949 3639 151
970 3603 1026 3652 seq.
1140 3640 1155 3662 n

830 3654 914 3708 ἀντία
932 3653 1060 3707 ἔθεντο
1078 3645 1118 3702 τά
1136 3651 1235 3718 οπλα]
1251 3651 1340 3718 Vulgo

795 3732 917 3781 vertunt:
942 3733 1048 3790 „castro
1068 3739 1103 3776 ex
1125 3723 1234 3774 adverso
1249 3737 1341 3786 posuc-

796 3797 885 3851 rnnt.“
911 3797 969 3848 Nec
988 3795 1066 3846 aliter
1084 3793 1200 3860 Negris,
1218 3793 1341 3845 Herodo-

796 3877 842 3922 tea
861 3867 901 3918 sic
920 3867 1024 3918 Graece
1042 3879 1192 3930 exponens:
1212 3853 1340 3928 ἐστρατο-

796 3935 940 3991 πέδευσαν
962 3927 1025 3986 κατ’
1043 3927 1160 3998 ἀντικρύ
1185 3930 1237 3983 τοῦ
1257 3931 1339 3985 ναοό.

797 4007 958 4062 Αυοιιτολίῑιε
974 4005 1084 4073 opinor:
1102 4005 1205 4072 „idipso
1221 4006 1245 4054 in
1264 4008 1341 4056 scien

796 4077 991 4131 constiterunt.“
1001 4079 1070 4128 Nam
1078 4073 1214 4125 τίθεσθαι
1223 4066 1257 4124 τά
1266 4063 1341 4126 dulc

200 4151 286 4205 ἔθετο
305 4153 414 4218 supplet
432 4144 448 4202 δ
467 4149 679 4218 Πεισίστρατος.
714 4150 746 4201 Id
799 4154 855 4202 estz
877 4152 922 4212 „in
938 4151 1014 4200 οοίειιι
1026 4163 1053 4198 se
1064 4149 1209 4210 consistere,
1218 4144 1270 4194 sicli
1284 4145 1341 4210 ons-

200 4224 274 4291 quod
293 4223 444 4290 speciosius
463 4237 544 4288 quam
565 4223 655 4273 verius
673 4221 748 4272 vide·
797 4220 917 4272 stellen.“
951 4219 1035 4278 Vide,
1059 4232 1129 4284 quae
1147 4215 1204 4266 dixi
1226 4215 1260 4264 sd
1279 4215 1342 4266 Plu-

200 4300 255 4346 tur.
272 4323 309 4333 -
332 4285 362 4342 οί
382 4283 457 4356 ἀμφλ
480 4289 685 4358 Πεισίστρατον
709 4292 748 4340 in·
799 4289 885 4341 tarch.
911 4289 1047 4342 Alcibiad.
1071 4288 1105 4340 30
1129 4285 1201 4351 (ubit
1226 4273 1343 4334 luentia

201 4363 298 4432 telligo
321 4363 353 4414 ds
376 4363 515 4414 Haistroto
542 4365 597 4426 ipso
619 4377 670 4412 nnn
696 4375 749 4410 eum
800 4349 874 4412 ὅπλα
898 4356 1048 4424 τίθεσθαι)
1070 4373 1133 4426 pag.
1154 4353 1206 4408 220
1229 4357 1257 4402 et
1279 4352 1341 4403 add.
