3096 4930
198 301 278 384 ‚ns

650 301 920 364 HERODOTI

211 473 294 548 ὁδοῦ
309 475 465 565 ἑξήκοντα
478 477 534 546 καὶ
549 472 739 546 ὀκτακόσιοι
754 477 810 545 καὶ
825 483 1100 564 τετρακισχίλιοι,
1116 483 1261 563 σχοίνων
1278 475 1353 558 ἑνός

212 583 267 650 καὶ
289 579 484 668 ὀγδώκοντα
508 578 643 650 ἐόντων.
671 569 763 650 οὗτοι
786 582 1024 668 συντιθέμενοι
1045 585 1080 649 οί
1097 581 1226 650 στάδιοι
1243 581 1350 669 Αίγύ-

212 712 315 770 πτου,
329 683 366 755 τὸ
380 685 442 774 μὲν
453 682 543 774 παρά
558 684 735 754 θάλασσαν
750 681 815 773 ἤδη
829 714 884 774 μοι
904 685 959 754 καὶ
974 684 1138 774 πρότερον
1153 685 1351 776 δεδήλωται,

212 787 261 858 ὅτι
279 791 460 871 ἑξακοσίων
477 792 515 859 τέ
529 792 597 858 έστι
612 794 759 857 σταδίων
774 791 828 858 καὶ
845 796 1053 880 τρισχιλίων·
1078 785 1158 858 ὅσον
1181 792 1220 858 δέ
1236 818 1268 859 τι
1286 786 1352 858 άιιό

211 893 384 983 θαλάσσης
399 889 432 973 ἐς
445 891 629 981 μεσόγαιαν
642 895 737 982 μέχρι
755 895 895 980 Θηβέων
917 889 1003 976 ἐστὶ,
1023 895 1189 980 σημανέω.
1221 893 1350 963 στάδιοι

212 996 277 1087 γάρ
293 1002 357 1067 είσι
372 1007 476 1066 είκοσι
496 999 551 1065 καὶ
569 993 688 1065 ἑκατόν
703 996 759 1064 καὶ
773 999 995 1085 ἑξακισχίλιοι.
1025 994 1061 1064 τό
1077 996 1115 1064 δὲ
1129 993 1195 1066 άττό
1210 1000 1351 1086 Θηβέων

213 1098 247 1180 ές
263 1098 504 1189 Ἐλεφαντίνην
520 1102 726 1189 καλεομένην
747 1100 846 1170 πόλιν
865 1099 993 1170 στάδιοι
1016 1107 1115 1188 χίλιοι
1138 1103 1194 1170 καὶ
1212 1099 1350 1172 ὀκτακό-

213 1213 284 1274 σιοί
297 1211 371 1274 aiot.

213 1378 319 1423 statuas
330 1387 441 1423 necesse
458 1373 504 1424 sit.
525 1371 602 1422 Cous.
617 1369 755 1420 Wbeeler:

213 1443 376 1508 Geograpby
400 1443 430 1492 oi
443 1442 574 1492 Herodot.
599 1459 626 1507 p.
647 1441 707 1492 356.
722 1467 757 1476 -

213 1513 347 1563 Mannert.
368 1511 534 1578 (Geograpb.
553 1513 586 1574 X,
605 1513 629 1562 t.
647 1527 674 1574 p.
693 1509 755 1572 481)

213 1583 276 1632 hinc
290 1582 384 1647 colligi
399 1598 480 1647 posse
494 1587 582 1647 putat,
600 1578 756 1644 Heliopolis

214 1653 248 1702 ad
266 1653 388 1703 canalem
408 1653 488 1702 sitam
508 1653 606 1712 fuisse,
636 1651 681 1716 qui
702 1650 756 1698 iam

214 1721 298 1772 multo
318 1727 381 1773 ante
400 1722 618 1773 Ptolemaeorum
639 1723 756 1770 aetatem

214 1807 231 1842 a
247 1790 310 1842 Nilo
335 1793 466 1843 orientem
487 1808 583 1842 versus
607 1791 642 1840 ad
668 1791 757 1840 sinum

213 1863 359 1912 Arabicum
388 1879 474 1927 usque
503 1862 586 1912 inerit
614 1861 757 1910 deductae.

213 1933 255 1982 Ex
279 1949 330 1998 quo
350 1931 439 1982 canali
458 1933 503 1997 qui
524 1933 557 1981 ab
572 1930 709 1996 Heliopoli
729 1929 757 1977 in

213 2001 323 2052 Nilum
316 2018 404 2067 ipsum
415 2003 527 2068 naviget
537 2001 700 2066 Thebasque
712 2013 758 2064 pe·

214 2077 267 2134 tat,
288 2073 313 2122 ei
331 2088 427 2122 novem
442 2088 500 2122 esse
519 2072 621 2154 dierum
638 2071 699 2121 iter.

249 2129 329 2191 οὗτοι
353 2133 553 2205 συντιθέμενοι
579 2133 609 2190 oi
635 2133 756 2203 στάδιοι]

214 2211 280 2261 Cum
299 2216 412 2261 recoutt.
433 2211 494 2262 edd.
516 2211 673 2287 scripsimus
693 2221 758 2258 συν-

213 2273 361 2343 τιθέμενοι
375 2297 423 2345 pro
444 2271 666 2342 συντεθειμένοι,
681 2285 708 2328 ot
721 2293 757 2338 σι,

214 2351 286 2415 quod
310 2349 392 2414 vulgo
409 2351 499 2412 abest,
525 2349 678 2401 eFlorent.
697 2348 757 2398 cod.

214 2421 372 2470 adiecimus.
392 2421 444 2470 Est
454 2425 542 2471 autem
554 2419 621 2469 haec
636 2419 691 2468 fero
705 2418 758 2468 loci

214 2491 362 2542 sententia:
382 2491 483 2555 quando
497 2491 559 2540 tneo
576 2491 759 2539 studiosarum

214 2569 288 2610 erunt
304 2562 388 2610 iuncta
405 2567 582 2622 s.·oompatoto
600 2585 634 2595 -
653 2562 760 2610 exsistet

214 2631 273 2680 inde
289 2646 381 2680 summo
403 2645 452 2680 aex
473 2631 537 2681 mille
560 2638 656 2679 centum
672 2629 761 2693 σι’μίιιιι·
772 2625 783 2676 .’

213 2701 365 2762 stadiorum,
393 2717 458 2764 qaae
485 2708 523 2750 est
539 2699 682 2764 Aepyptioe
706 2707 758 2748 ter·

215 2787 261 2821 rae
283 2771 412 2836 torpitudo
431 2770 488 2819 inde
507 2788 523 2819 σ
541 2771 607 2818 mort
629 2784 705 2834 arque
723 2768 760 2817 ad

216 2840 330 2902 Τλτδσι,
360 2844 408 2890 iam
430 2839 487 2890 mar
510 2839 660 2900 indicando,
687 2845 758 2900 post-

214 2927 295 2977 puorn,
312 2927 377 2976 quoe
386 2925 449 2960 orae
460 2913 596 2960 σισιίιίιιισι
605 2915 672 2959 earet
681 2909 759 2971 λσκμι·

214 2982 288 3044 tado,
311 2996 392 3044 supro
411 2980 527 3058 ipdiconi.
563 2979 622 3028 Iam
646 2993 758 3044 appare·

215 3051 271 3110 bit,
294 3051 378 3100 verba
401 3036 481 3098 οὗτοι
506 3039 706 3126 συντιθέμενοι
730 3039 760 3094 σί

215 3117 325 3170 στάδιοι
344 3124 467 3185 spectare
491 3117 527 3168 ad
544 3118 628 3168 verba
647 3108 757 3166 στάδιοι

214 3183 266 3253 γάρ
290 3185 344 3238 είσι
368 3187 472 3245 είιισσι,
505 3181 595 3236 aut
581 3180 682 3266 εκατόμ
709 3181 758 3234 καλ

215 3252 410 3322 έξοικισχίλιοι,
428 3258 476 3307 ubi
493 3256 629 3339 particula
642 3248 694 3320 γάρ
712 3271 758 3306 ne·

215 3330 314 3379 minem
327 3328 513 3389 remorabitur,
532 3328 579 3392 qui
596 3327 756 3387 meminerit,

215 3400 320 3465 quoties
339 3397 406 3448 baec
422 3396 557 3461 particulo
574 3398 613 3447 ita
630 3400 756 3461 ponatur,

214 3475 244 3518 ut
272 3469 306 3518 ad
334 3481 381 3530 ea,
413 3483 480 3532 quae
509 3483 556 3532 per
583 3465 755 3531 parenthesin

214 3539 293 3604 quasi
325 3538 468 3586 interiecta
498 3538 617 3600 proxime
648 3541 761 3586 antece·

215 3608 295 3670 dunt,
316 3612 430 3671 spectet.
449 3635 478 3642 —
505 3607 537 3656 In
554 3607 619 3671 ipsis
639 3606 757 3654 numeris

214 3677 286 3727 baud
305 3692 415 3742 prorsus
434 3681 562 3725 constans
579 3677 631 3727 sibi
648 3675 757 3724 videtur

214 3747 385 3808 Herodotus,
412 3746 457 3812 qni
479 3746 522 3796 bic
547 3761 677 3794 summam
702 3749 757 3794 sta·

215 3817 319 3867 diorum
338 3833 355 3866 a
372 3816 440 3866 mari
458 3831 543 3880 usqne
554 3815 590 3864 ad
602 3813 756 3878 Heliopolis

215 3890 243 3935 st
261 3886 368 3936 Thebas
391 3885 459 3936 facit
482 3884 564 3946 6120,
592 3899 652 3936 oum
675 3889 756 3934 antea

217 3956 270 4018 (ΙΙ,
285 3953 314 4017 7)
328 3955 395 4006 1500
408 3955 500 4006 stadia
512 3954 648 4018 posuisset
659 3969 675 4002 a
688 3953 756 4003 mari

214 4039 300 4089 usque
317 4025 351 4073 ad
362 4023 518 4088 Heliopolin
534 4027 561 4072 ot
573 4022 607 4072 ab
617 4021 754 4087 Heliopoli

214 4108 299 4158 usque
310 4093 460 4143 ad'i'bebas
474 4091 556 4150 48603
570 4091 641 4142 unde
651 4107 755 4142 summa

214 4163 322 4212 exsistit
350 4163 498 4212 stadiorum
531 4160 610 4212 6300.
657 4161 754 4222 Fuere,

214 4231 260 4296 qni
283 4231 400 4281 librariis
419 4231 553 4282 Herodoti
576 4235 679 4281 textum
698 4245 755 4279 eor-

213 4301 399 4364 rumpentibus
416 4301 468 4350 hoc
484 4298 643 4360 tribuerent,
663 4314 756 4364 quam·

214 4370 256 4420 vis
273 4369 364 4420 mendi
381 4369 427 4420 vix
443 4365 501 4420 ulta
517 4373 650 4434 appareat
667 4367 755 4432 suspi-

808 1371 860 1421 oio.
899 1371 928 1422 Si
952 1387 1020 1421 sana
1047 1377 1111 1422 aunt
1137 1371 1233 1422 Nostri
1258 1372 1350 1433 rerba,

807 1442 853 1492 vix
872 1457 904 1492 ea
928 1441 983 1491 aiio
1006 1441 1086 1492 modo
1110 1457 1202 1492 secum
1227 1441 1350 1507 componi

807 1527 888 1576 posse
910 1512 1050 1562 existimat
1068 1511 1273 1564 Sohlichtborst.
1293 1510 1312 1562 l.
1330 1509 1348 1560 l.

807 1596 869 1646 pag.
889 1580 936 1644 30,
960 1583 1015 1631 uisi
1030 1583 1147 1646 priorem
1171 1581 1349 1648 computatio·

808 1667 869 1700 nem
892 1650 924 1700 de
949 1653 1071 1701 terrestri
1098 1653 1193 1702 itinere
1212 1653 1235 1701 si
1252 1649 1351 1701 intelli·

808 1736 871 1786 gas,
900 1720 1013 1772 alteram
1036 1737 1149 1788 eamque
1171 1723 1298 1772 maiorem
1317 1721 1350 1770 de

807 1791 920 1854 itinere,
945 1791 1017 1856 quod
1042 1791 1069 1841 in
1092 1793 1175 1842 fluvio
1198 1792 1246 1842 fiat
1268 1797 1350 1856 atque

808 1866 961 1911 tortuosum
986 1861 1020 1910 ob
1040 1863 1097 1911 eius
1116 1877 1221 1912 cursum
1242 1862 1351 1926 longius

809 1931 855 1982 sit.
896 1931 950 1981 Sed
979 1936 1089 1981 monent
1115 1932 1233 1983 editores
1263 1932 1351 1996 operia

808 2001 946 2066 Descript.
966 1999 999 2050 do
1018 2001 1088 2067 l'Eg.
1114 2001 1132 2052 l.
1151 2000 1185 2065 1.‚
1209 2003 1290 2054 besee
1311 2001 1351 2050 di-

809 2074 925 2121 stantias
953 2087 1048 2122 omnes
1072 2087 1206 2138 congruas
1229 2073 1300 2135 fore,
1328 2071 1352 2120 si

807 2147 883 2191 recta
894 2141 967 2191 linea
984 2157 1030 2192 eas
1045 2143 1141 2192 ductas
1154 2157 1214 2194 esse
1228 2143 1279 2192 tibi
1292 2157 1351 2207 per-

808 2211 937 2260 suaseris.
969 2211 1015 2261 Sic
1029 2211 1101 2262 mille
1116 2213 1281 2279 octingentis
1297 2216 1353 2262 sta-

809 2280 861 2330 diis
883 2280 1047 2331 Herodoteis
1070 2289 1166 2332 exacte
1191 2282 1352 2347 respondere

808 2365 939 2400 summam
961 2350 1072 2412 180,000
1089 2351 1201 2414 meires,
1221 2367 1291 2417 quae
1307 2367 1351 2400 ea-

808 2419 869 2470 dem
884 2437 948 2471 vero
962 2421 1117 2470 inveniatur
1131 2423 1192 2471 riae
1209 2420 1349 2486 longitudo

809 2506 934 2555 mappam
966 2490 1131 2554 inspicienti.

808 2559 960 2609 Thebarum
973 2560 1079 2623 abipso
1095 2560 1162 2609 mari
1179 2561 1267 2610 minus
1281 2561 1350 2610 bene

808 2629 924 2678 indicari
948 2644 1041 2693 posse,
1069 2644 1129 2678 oum
1147 2631 1288 2680 nonsatis
1308 2645 1351 2684 ao.-

809 2703 902 2750 curate
921 2699 1076 2748 Herodotus
1099 2699 1188 2750 locum
1206 2699 1350 2762 definierit,

808 2768 880 2819 unde
896 2769 1028 2818 distantia
1046 2769 1082 2817 sit
1101 2769 1282 2833 dimetienda,
1300 2785 1350 2819 nec

809 2843 901 2889 tamen
920 2839 1051 2888 absonam
1076 2839 1175 2900 videri,
1200 2840 1224 2889 si
1244 2855 1261 2889 a
1284 2839 1351 2888 mari

808 2909 1005 2958 mediterraneo
1029 2923 1112 2973 prope
1128 2909 1267 2959 Pelusium
1284 2909 1351 2959 inci-

809 2979 885 3042 piens
903 2983 1006 3030 rectam
1020 2977 1119 3028 lineam
1133 2979 1167 3028 ad
1180 2979 1288 3029 Thebas
1307 2995 1351 3028 us-

809 3064 861 3113 que
885 3048 1004 3099 duxeris.
1046 3049 1087 3099 Tu
1114 3049 1187 3100 conf.
1208 3049 1290 3100 etiam
1307 3049 1350 3099 lo-

808 3117 893 3168 mard.
919 3117 939 3168 l.
962 3117 981 3166 l.
1007 3134 1070 3182 pag.
1100 3117 1160 3170 508.
1209 3118 1263 3168 Sed
1287 3118 1351 3168 terri

808 3187 876 3237 haec
893 3203 947 3237 non
966 3203 1047 3250 posse
1065 3188 1198 3238 Herodoti
1216 3188 1308 3251 verba,
1327 3189 1350 3239 si

807 3262 882 3307 recte
898 3256 1098 3321 intelligantur,
1116 3257 1184 3307 bene
1199 3259 1350 3308 monetLe·

809 3327 932 3377 tronnius
949 3325 967 3376 l.
979 3325 997 3376 l.
1011 3343 1036 3390 p.
1052 3326 1100 3376 144
1116 3332 1272 3392 corruptum
1290 3343 1350 3377 esse

807 3411 947 3446 numerum
964 3396 1113 3445 stadiorum
1134 3397 1203 3448 olio
1220 3395 1264 3448 vel
1280 3396 1350 3447 banc

808 3467 842 3516 ob
861 3481 971 3516 cansam
990 3465 1132 3528 indicans,
1156 3467 1228 3531 quod
1246 3467 1350 3518 numeri

808 3535 999 3601 praecedentes
1023 3533 1103 3598 (1500
1125 3541 1152 3586 ot
1171 3536 1250 3602 4860)
1278 3537 1350 3587 omni

809 3606 891 3655 dubio
909 3607 965 3655 sint
982 3606 1090 3656 exemti.

854 3666 963 3724 στάδιοι
994 3673 1079 3738 χίλιοι
1109 3669 1157 3723 καὶ
1187 3665 1353 3724 όκτακόσιοί

808 3739 873 3808 slot]
893 3743 1004 3794 Retinui
1022 3743 1164 3794 lectionem
1189 3741 1285 3808 (χίλιοι
1302 3741 1346 3793 καί

809 3805 983 3876 ὀκτακόσιοι)
1009 3813 1176 3864 aGrouorio
1196 3830 1210 3864 e
1227 3815 1349 3865 Modiceo

808 3889 944 3947 receptam
960 3882 1075 3948 aliisque
1087 3883 1185 3934 deinde
1197 3883 1273 3934 libris
1287 3900 1348 3948 pro-

807 3953 915 4015 batam,
953 3967 1033 4017 quam
1058 3953 1140 4004 etiam
1169 3955 1256 4004 secuti
1286 3959 1349 4004 sunt

806 4037 899 4072 omnes
918 4023 1076 4072 recentioris
1101 4024 1201 4072 aetatis
1221 4023 1349 4075 editores.
1375 4025 1379 4030 '

806 4090 905 4142 Aldina
927 4091 1022 4141 babet:
1047 4087 1137 4142 εἴκοσι
1165 4088 1212 4141 καὶ
1233 4085 1349 4142 όιιτοικό-

807 4172 873 4223 οισι,
893 4175 962 4225 quae
974 4159 1058 4210 lectio
1070 4161 1097 4210 in
1109 4161 1192 4212 Laur.
1203 4161 1298 4212 Valles
1310 4163 1350 4211 in-

806 4230 1001 4294 terpretatione
1027 4245 1155 4294 expressa
1182 4237 1238 4294 est,
1267 4236 1294 4280 et
1322 4232 1349 4280 in

807 4298 945 4349 Sanoroiti
959 4297 1034 4349 libro.
1044 4299 1152 4365 alioque
1164 4301 1287 4350 Parisino
1300 4315 1349 4349 nu·

806 4381 853 4433 per
871 4367 983 4420 inventa
996 4373 1078 4434 atque
1095 4369 1283 4434 aLetrounio,
1304 4369 1349 4434 qui

1183 2490 1350 2540 Distantiam
1418 2501 1423 2512 '
