3086 4952
613 316 738 378 OLIO.
762 318 788 378 Ι.
812 327 873 380 125.
1245 317 1304 382 σοι

127 503 164 557 63
172 511 245 560 σαι·
265 485 505 578 Πασαργάδαι,
528 488 723 579 Μαράφιοι,
747 489 909 561 Μάσπιοι.
940 491 1071 564 τούτων
1084 491 1307 582 Πασαργάδαι

176 708 250 743 more
273 691 375 740 dictum
399 705 446 754 pro
465 679 618 755 ἤρτηνται;
644 693 716 744 conf.
765 692 857 758 liquae
868 691 976 758 gentes)
986 696 1138 758 constabat,
1151 695 1236 760 primo
1247 695 1307 748 loco

176 762 233 825 111,
255 762 295 812 lll.
319 761 357 822 V,
376 759 419 812 31.
443 760 496 822 VI,
518 760 577 814 109.
604 762 656 826 IX,
673 762 717 813 68.
767 763 978 814 Achaemenides
997 764 1082 814 fuisse
1101 765 1241 816 exeodem
1254 767 1309 817 He-

177 831 219 881 cf.
241 829 356 882 Bredov.
387 845 415 894 p.
437 828 487 880 328
509 845 585 896 seqq.
616 831 648 882 de
675 831 717 881 his
768 833 864 882 rodoto
883 832 1024 896 discimus,
1052 833 1151 899 quippe
1172 849 1186 884 e
1210 836 1308 901 quibus

177 901 269 951 formis
281 903 409 949 accurate
418 903 446 948 et
457 900 567 964 copiose
580 899 718 966 disputau—
767 915 846 966 reges
864 902 953 951 exiere
964 903 1118 952 Persarum.
1154 905 1230 966 Quae
1248 907 1310 971 ipsa

176 976 242 1030 tenu
279 970 326 1034 qui
353 968 424 1020 idern
453 985 480 1034 p.
510 968 561 1020 293
588 960 719 1034 ἠρτέαιαι
769 976 936 1036 quantopere
953 985 1013 1020 eum
1036 971 1207 1024 orientalium
1225 991 1309 1040 popu·

175 1040 258 1091 scribi
284 1037 358 1101 vult,
391 1053 451 1088 cum
483 1039 512 1088 in
539 1039 662 1105 perfecto
692 1046 719 1091 et
769 1039 856 1091 lorum
881 1056 913 1090 ac
935 1054 1077 1105 regnorum
1102 1041 1190 1093 indole
1212 1060 1309 1095 conve·

174 1107 440 1176 plusquamperfecto
454 1107 533 1158 huius
546 1110 622 1160 verbi
637 1110 718 1160 allo·
768 1110 859 1171 nient,
884 1109 954 1160 idem
972 1115 1167 1160 commonstrat
1182 1113 1216 1162 V.
1234 1115 1270 1165 D.
1289 1114 1307 1165 l.

174 1185 231 1231 stro
250 1180 399 1229 retineatur
411 1183 598 1244 augmentum:
618 1195 650 1229 ex
663 1195 718 1244 qua
769 1179 787 1229 l.
807 1195 833 1244 p.
850 1177 910 1242 399,
929 1178 975 1228 ubi
993 1178 1048 1228 alia
1061 1179 1174 1230 aliarum
1190 1183 1310 1246 gentium

175 1249 269 1302 eadem
287 1263 373 1299 causa
390 1247 471 1312 paulo
490 1253 554 1298 ante
569 1265 618 1314 pro
633 1241 717 1298 σονά-
769 1248 897 1298 instituta
922 1247 1023 1298 similia
1049 1249 1161 1313 prefert.
1197 1251 1240 1300 Ad
1257 1252 1311 1301 Hc-

175 1322 233 1370 lsss
251 1318 322 1368 idern
339 1317 422 1368 scribi
438 1317 515 1368 iubet
527 1311 657 1383 σονήλισε
672 1319 718 1369 ad·
768 1318 894 1369 redotum
913 1322 1004 1367 antem
1021 1317 1072 1368 hoc
1094 1333 1175 1383 quum
1195 1320 1311 1370 maxime

176 1392 269 1454 ditqne
281 1388 381 1438 Suidae
393 1386 521 1453 glossam,
534 1387 654 1438 fortasse
664 1388 717 1440 huc
768 1389 900 1454 pertinet,
928 1387 1000 1452 quod
1025 1388 1053 1436 in
1071 1387 1250 1453 inscriptione
1267 1391 1312 1440 Bi-

176 1463 356 1526 spectnntem:
370 1445 461 1520 ἦὶιοε·
476 1449 658 1522 συνήθροισε.
673 1459 717 1509 In-
769 1462 869 1508 sntune
891 1472 977 1522 nuper
999 1462 1107 1522 reperta
1124 1458 1240 1520 Darius,
1265 1460 1312 1524 qui

176 1531 208 1581 de
226 1520 357 1593 σονὴλισε
375 1541 483 1592 qnoque
496 1527 580 1577 edidit
591 1527 716 1591 Dietsch,
769 1526 841 1592 apud
859 1525 1028 1576 Herodotum
1042 1527 1106 1590 VII,
1127 1527 1157 1577 ll
1176 1525 1237 1593 (ubi
1254 1529 1310 1579 vid.

176 1600 222 1666 qni
232 1589 364 1661 ἀρτέαται
375 1597 508 1646 intactum
518 1596 636 1662 reliquit.
649 1597 717 1647 Mihi

175 1671 203 1720 in
237 1683 266 1718 re
302 1672 358 1717 tam
390 1667 496 1716 incerta
528 1671 637 1732 tamque
669 1668 718 1717 flu-

176 1741 286 1790 ctuante
308 1736 396 1787 satius
419 1736 563 1786 videbatur
588 1737 718 1786 librorum

176 1811 343 1860 vetustorum
357 1807 549 1856 auctoritatem
560 1807 647 1872 aequi.
666 1807 719 1857 Ne·

176 1895 228 1944 que
248 1877 310 1926 inde
327 1881 437 1926 secutus
455 1892 514 1926 sum
534 1875 645 1940 Struve,
672 1877 718 1941 qni

177 1950 204 1998 in
224 1949 336 2010 Quaest.
353 1945 474 1996 Herodd.
493 1947 572 2011 Spec.
592 1946 616 1997 Ι.
639 1962 665 2010 p.
686 1948 720 1995 44

177 2019 206 2068 in
223 2017 312 2066 verbis
329 2014 504 2080 sequentibus
522 2007 562 2082 (ἐξ
581 2003 621 2064 ὧν
637 2002 720 2064 ὧλλοι

178 2077 283 2141 πάντες
300 2101 325 2134 ιι.
337 2101 359 2134 τ.
373 2083 413 2150 l.)
426 2077 455 2134 ἐκ
474 2082 532 2134 τῶν
549 2085 644 2150 reponi
662 2084 720 2134 vult

179 2155 257 2206 libris
280 2153 386 2216 invitia,
415 2155 513 2219 quibus
537 2153 588 2204 hoe
611 2153 672 2205 loco
692 2158 720 2204 et

180 2223 299 2276 Dindorf
316 2228 343 2273 et
358 2224 469 2274 Dietsch
483 2229 640 2290 paruerunt.
665 2225 719 2274 Pro

180 2281 277 2354 άλλοι,
305 2292 377 2359 qnod
398 2293 460 2343 olim
485 2295 626 2358 vulgatum
652 2298 719 2356 erat,

180 2363 241 2414 dedi
264 2350 347 2412 ὧλλοι
375 2359 403 2426 (i.
423 2379 447 2415 e.
473 2357 503 2413 οἶ
522 2360 629 2427 ἄλλως
662 2363 718 2413 vid.

178 2432 294 2486 Bredov.
312 2449 339 2497 p.
356 2432 417 2482 201.
436 2461 467 2470 -
488 2432 630 2484 Caeterum
648 2432 720 2482 iales

177 2503 294 2554 lectione
308 2501 435 2552 inductus
448 2502 601 2568 Stephanus
613 2504 720 2568 Byzan·

177 2575 251 2624 tinus
273 2587 306 2622 ex
327 2571 379 2621 hoe
401 2570 461 2622 loco
485 2576 607 2624 recenset
624 2571 720 2622 Arten-

177 2653 231 2702 rna,
250 2645 368 2707 gentem.

214 2702 410 2776 Πασαργάδαι]
436 2709 521 2760 Primi
545 2715 626 2776 atque
645 2710 721 2760 nobi-

170 2781 273 2843 lissimi
292 2797 306 2830 e
324 2779 430 2841 Persis,
450 2794 571 2844 quosque
589 2795 651 2830 mox
666 2779 720 2830 No-

179 2855 236 2900 ster
253 2841 388 2914 ἆρίστους
405 2847 475 2898 hanc
493 2848 528 2898 ob
546 2865 656 2899 cansam
675 2865 721 2914 sp-

179 2919 275 2986 pellat,
304 2919 468 2968 Graecorum
496 2933 569 2968 more
596 2917 720 2984 loquens,

180 2990 226 3056 qui
251 3003 349 3054 genere
371 2991 543 3052 praestantes
566 2993 593 3037 et
616 2986 721 3038 nobiles

180 3077 202 3110 a.
217 3059 362 3123 optimates
380 3057 419 3107 sic
434 3055 569 3122 appellare
586 3057 721 3108 solebant.

180 3131 255 3192 Quas
273 3143 337 3178 vero
357 3126 425 3177 haec
443 3142 509 3191 gens
529 3127 617 3178 tenuit
635 3127 722 3192 regio-

180 3213 244 3261 nes,
265 3198 293 3246 in
316 3197 350 3245 iis
370 3195 457 3262 Cyrus
482 3200 545 3261 post
569 3195 722 3246 condidisse

180 3269 267 3318 fertur
288 3267 381 3316 urbem
406 3264 480 3314 illam
501 3265 621 3315 mundam
638 3265 723 3315 nomi·

180 3338 233 3399 nis,
252 3335 342 3387 sedem
354 3335 466 3400 regiam,
485 3335 554 3385 bene
566 3339 657 3384 tamen
669 3335 723 3384 dis-

181 3403 343 3456 cernendam
365 3419 382 3453 a
399 3403 538 3468 Persepoli
564 3403 639 3453 urbe.
675 3403 723 3452 st-

181 3491 234 3540 qne
248 3475 330 3525 etiam
346 3488 418 3523 nuno
430 3473 498 3522 Fara
513 3489 535 3522 s.
548 3474 617 3523 Pasa
631 3486 723 3522 unam-

768 1596 850 1660 nott.)
864 1597 953 1662 gentis
966 1611 1031 1646 suae
1042 1601 1180 1647 auctorem
1190 1597 1312 1664 appellat

768 1666 958 1729 Achaemenes,
986 1681 1097 1716 avorum
1116 1672 1264 1717 extremum
1284 1671 1312 1717 et

768 1738 856 1802 ipsum
875 1739 957 1785 vocat
971 1733 1168 1786 Achaemenem
1193 1735 1312 1798 (Holrlrc-

768 1805 884 1869 mantel),
901 1804 1044 1870 additque,
1058 1805 1121 1856 inde
1134 1806 1236 1871 regiam
1250 1808 1313 1856 Per·

769 1891 860 1926 sarum
879 1878 985 1939 gentem
1004 1876 1098 1925 vocari
1115 1875 1313 1926 Achaemenides

770 1943 1032 2010 (Hclrhamnnishija).
1072 1943 1140 1994 Vide
1162 1959 1231 2009 quae
1256 1945 1313 1994 dixi

771 2015 799 2064 in
813 2013 927 2066 Jahrbb.
952 2013 973 2062 i.
991 2012 1125 2078 Philolog.
1145 2029 1172 2063 n.
1192 2013 1312 2079 Paedag.

770 2083 831 2134 Vol.
850 2083 883 2133 L.
902 2099 929 2147 p.
948 2081 1009 2134 392.
1045 2083 1134 2148 Atque
1158 2084 1212 2133 iam
1230 2089 1313 2133 antea

770 2152 949 2204 Achaemenis
968 2167 1065 2202 nornen
1080 2153 1313 2217 ePersepolitana

770 2222 947 2286 inscriptione
974 2225 1081 2272 eruerat
1104 2223 1224 2272 Lassen:
1254 2222 1313 2271 Alt-

770 2307 841 2358 pers.
852 2291 1019 2342 Keilschriit.
1031 2307 1057 2355 p.
1067 2292 1126 2342 144.
1146 2292 1226 2356 Apud
1237 2291 1312 2342 Stra·
1353 2297 1357 2302 '

769 2363 865 2412 bouem
889 2361 948 2411 XV.
974 2377 1000 2425 p.
1021 2363 1070 2411 727
1093 2361 1310 2411 Achaemenides

769 2431 944 2482 inveniuntur
970 2430 1106 2480 coniuncti
1137 2445 1196 2480 curn
1221 2431 1311 2494 Magis

770 2507 798 2552 et
822 2516 882 2550 cum
904 2499 952 2562 iis,
983 2501 1029 2564 qui
1055 2505 1189 2549 vocantur
1211 2497 1311 2548 Πατει-

770 2569 960 2703 iltutus}
976 2567 1312 2703 ”lullffitltttb

962 2675 968 2701 ‚
1096 2674 1102 2688 .

770 2725 828 2759 rnm
840 2712 948 2773 gentem
963 2723 1032 2758 unus
1044 2710 1236 2757 commemorat
1247 2706 1313 2755 Dio-

770 2779 864 2898 uu
879 2775 1313 2906 Percussurus.

772 2917 850 2967 affert
861 2915 1032 2966 Ptolemaeus
1045 2911 1091 2972 VI,
1104 2911 1130 2959 8.
1155 2912 1196 2960 De
1209 2911 1312 2959 Achae-

772 2985 887 3038 menidis
904 2997 976 3032 nunc
994 2979 1164 3043 disquisivit,
1190 2979 1313 3028 omnibus

772 3061 893 3105 veterum
924 3050 991 3100 locis
1027 3053 1054 3097 et
1089 3047 1313 3112 inscriptionibus

774 3122 896 3176 cuneatis
915 3117 1059 3182 adhibitis,
1079 3117 1101 3167 Ι.
1121 3117 1241 3168 Rubino:
1271 3119 1312 3167 De

772 3188 1031 3244 Achaemenidarum
1070 3203 1169 3252 genere
1209 3187 1311 3251 disput.

772 3261 911 3324 Marbnrg.
935 3259 1017 3320 lesu,
1046 3256 1093 3307 ubi
1116 3255 1172 3308 rid.
1202 3257 1314 3321 potissi-

772 3345 843 3382 mum
860 3343 924 3393 pag.
947 3328 986 3377 1v
1004 3341 1079 3392 seqq.
1118 3315 1312 3390 ,,Ἀδραγαιμε-

773 3396 851 3448 νίδαι
880 3395 938 3460 (pro
960 3386 1176 3459 Ἀχαιμενίδαι),
1204 3399 1234 3444 ut
1258 3395 1314 3442 siut

773 3465 913 3518 Abraham·
931 3467 1038 3527 posteri,
1072 3462 1155 3512 scribi
1185 3461 1244 3511 vult
1272 3461 1314 3509 vir

181 3560 317 3610 quamque
333 3543 426 3592 urbem
445 3541 500 3592 dici
517 3541 626 3604 volunt,
654 3555 723 3604 qnae
773 3537 870 3587 doctus
889 3531 1053 3596 inMonthly
1069 3531 1193 3594 Review,
1212 3529 1269 3578 Mai
1286 3545 1313 3594 p.

180 3615 309 3679 frequens
332 3613 369 3662 ait
386 3616 414 3661 et
431 3612 500 3662 satis
518 3609 617 3674 ampla.
645 3609 723 3658 Haec
773 3603 908 3682 38--δ“1.ξι
935 3602 979 3655 Or.
1027 3660 1034 3678 Ι

181 3684 269 3748 prima
285 3684 429 3733 Persarum
447 3696 514 3745 gens
532 3683 638 3728 tantum
658 3693 724 3741 prae
810 3673 972 3736 Μαραφιοι,
982 3665 1126 3732 Μάσπιοι]
1141 3668 1254 3718 Praeter
1261 3667 1315 3716 He-

181 3752 293 3816 reliquis
306 3749 465 3801 excelluisse
475 3749 640 3808 videtur,nt
651 3746 724 3797 haud
774 3743 912 3804 rodotnm‚
937 3740 983 3805 qui
1006 3738 1059 3799 1v,
1086 3736 1135 3787 107
1164 3737 1223 3801 ipse
1245 3751 1315 3786 corn-

181 3821 282 3871 ininria
299 3821 399 3870 dixerit
415 3819 532 3868 Heeren.
550 3817 569 3866 l.
587 3815 606 3867 l.
625 3831 651 3880 p.
662 3813 723 3880 398,
773 3816 905 3864 memorat
922 3811 1065 3890 Persarum
1084 3805 1178 3856 ducem
1193 3805 1315 3869 Amasin,

181 3894 304 3940 nostram
314 3891 458 3940 Persarum
470 3887 614 3937 historiam
626 3901 725 3951 nequa·
773 3875 866 3944 ἄνδρα
892 3877 1065 3943 Μοιραφιον,
1097 3875 1234 3941 pertinent
1262 3873 1314 3954 huuc

182 3975 264 4024 quam
287 3959 323 4009 ad
345 3959 500 4008 universnm
518 3957 661 4006 Persarum
679 3971 725 4018 po·
778 3950 910 4016 Stephani
933 3945 1080 4012 Byzantini
1109 3945 1193 4024 loch,
1212 3943 1314 4024 Παρα-

182 4028 275 4093 pnlnm
287 4029 431 4093 pertinere,
445 4027 493 4076 sed
508 4026 652 4090 primarum
664 4028 726 4074 tan·
777 4033 853 4087 φιοι·
871 4013 958 4074 ἔθνος
975 4009 1005 4066 ἐν
1024 4012 1157 4080 Περσίδι,
1176 4027 1235 4092 orgo
1250 4012 1315 4062 Μα-

182 4103 240 4148 tnm
263 4113 323 4148 esse
349 4096 471 4161 gentium
500 4099 583 4160 atque
605 4093 725 4158 inprimis
777 4083 1038 4206 ραφίοοῖρασιὶὲως,
1057 4090 1152 4150 atque:
1166 4083 1316 4160 Macares:

182 4165 402 4230 Pasargadarum
423 4165 523 4230 gentis.
559 4163 652 4228 Neque
674 4164 727 4214 hoc
777 4157 865 4215 ἔθνος
911 4148 1036 4222 ερσιιιὸν,
1057 4145 1095 4210 ὡς
1111 4152 1222 4218 εἴρηται
1234 4143 1263 4201 ἐν
1276 4167 1315 4218 τρι

77 4277 81 4286 .
183 4236 218 4286 ab
242 4235 414 4286 orientalium
437 4235 518 4284 rebus
539 4232 670 4294 alienum,
696 4236 727 4282 ut
777 4223 842 4294 περὶ
864 4223 1042 4291 Μαραφίων,
1073 4216 1243 4289 [lietscinis]
1268 4213 1317 4268 acl
1342 4261 1349 4278 ,

183 4305 264 4369 periti
281 4305 382 4355 sciunt.
411 4303 487 4354 Inter
504 4301 622 4352 familias
636 4305 727 4351 autern
779 4287 984 4362 Πασαργάδον.
1025 4293 1065 4345 Ac
1089 4286 1225 4356 Πάραφις
1252 4288 1316 4353 Cyri

182 4372 322 4442 singulas,
340 4373 438 4441 quibus
455 4373 523 4429 hacc
542 4387 609 4439 gens
627 4371 669 4438 (nt
686 4385 727 4421 re·
776 4367 858 4430 filius,
876 4365 1017 4434 Cambysia
1031 4363 1126 4430 irater,
1139 4359 1276 4413 invenitur
1289 4358 1318 4408 in
