3088 4922
1252 275 1313 338 493

524 279 771 386 ubuum.
794 280 837 338 II.
857 289 902 343 ³1.
922 287 966 342 32.

168 453 269 547 ,α’ρχμ
284 458 330 546 τῷ
350 451 549 540 Ἀμμωνίων
562 453 710 540 βασιλέϊ·
732 459 791 521 καί
808 479 874 532 κως
893 447 930 520 έιι
944 451 1055 538 λόγων
1069 445 1183 520 ἄλλων
1196 446 1312 518 ύπιαέ-

179 563 261 626 σθαι
281 553 314 635 ές
328 559 449 642 λέσχην
465 556 616 642 περὶτοῦ
634 562 773 640 Νείλου,
785 551 829 635 ως
842 550 955 635 οὐδεὶς
972 551 1077 624 αὐτοῦ
1093 552 1164 622 οἶδε
1177 549 1234 633 τέις
1250 578 1312 641 πη·

179 657 253 744 γύς·
281 660 338 727 καὶ
364 655 423 726 τὸν
438 653 610 746 Ἐτέαρχον
626 657 731 746 φάναι
752 654 868 728 έλδεῑν
884 659 959 728 κοτέ
974 654 1055 747 παρ’
1074 653 1178 726 αὐτὸν
1195 664 1314 726 Νασα-

180 766 293 850 μῶνας
312 759 447 850 ἄνδρας.
477 758 514 830 τὸ
536 760 573 830 δὲ
594 766 695 840 ἔθνος
714 766 812 830 τοῦτο
832 764 901 830 teet
914 763 977 850 μὲν
988 758 1159 850 Λιβυκὸν,
1180 763 1314 850 νέμεται

180 863 218 934 δὲ
232 861 294 952 τὴν
306 863 437 954 Σύρτιν
452 889 488 932 τε
503 865 559 932 καὶ
573 861 636 952 τὴν
657 861 739 953 πρὸς
756 861 807 952 ἠοῖ
826 863 938 954 χύρην
952 870 1011 954 τῆς
1024 863 1168 954 Σύρτιος
1183 859 1246 934 οὐκ
1259 861 1315 934 ἐπὶ

180 966 315 1037 πολλόν.
344 965 568 1054 ἀπικομένους
584 967 622 1036 δέ
636 965 713 1047 τούς
727 972 940 1055 Νασαμῶνας
959 969 1015 1036 καὶ
1037 967 1315 1056 εἰρωτεωμένους,

181 1080 214 1140 et
223 1083 263 1138 τι·
270 1076 383 1158 έχουσι
402 1069 506 1141 πλέον
519 1070 631 1157 λέγειν
647 1073 723 1160 περὶ
739 1077 808 1141 τῶν
823 1067 957 1161 ἐρήμων
970 1076 1028 1160 τῆς
1043 1069 1183 1158 Λιβύης,
1198 1071 1315 1159 φάναι,

180 1172 269 1264 παρὰ
283 1181 380 1262 σφίσι
391 1173 552 1261 γενέσθαι
566 1172 704 1265 ἄνδρων
715 1173 910 1246 δυναστέων
919 1181 1042 1256 παῖδας
1055 1169 1225 1262 ὑβριστὰς,
1239 1171 1317 1252 τούς

181 1274 266 1347 ἄλλα
279 1305 314 1346 τε
329 1283 543 1366 μηχανᾶσθαι
558 1275 799 1368 ἀνδρωθέντας
812 1275 963 1368 περισσὰ,
975 1281 1031 1348 καὶ
1048 1275 1089 1366 δὴ
1098 1278 1154 1346 καὶ
1167 1273 1315 1367 ἀποκλη-

181 1383 286 1470 ρῶσαι
302 1380 403 1450 πέντε
417 1384 564 1468 ἑωυτῶν,
576 1379 764 1472 ὀψομένους
777 1380 818 1452 τὰ
831 1379 937 1472 έρῆμα
946 1389 1004 1472 τῆς
1015 1379 1155 1470 Λιβύης,
1171 1383 1227 1450 καὶ
1243 1391 1277 1451 εἴ
1285 1409 1317 1450 τι

181 1483 284 1556 πλέον
302 1489 409 1555 ἴδοιεν
427 1490 495 1554 τῶν
508 1481 547 1554 τοὶ
562 1485 751 1574 μακρότατα
765 1485 941 1576 ἰδομένων.
976 1492 1040 1576 Τῆς
1056 1483 1120 1573 γὰρ
1137 1485 1266 1576 Λιβύης
1277 1483 1318 1554 τὰ

180 1588 244 1678 μὲν
261 1580 344 1657 κατὰ
357 1586 419 1678 τὴν
431 1595 576 1680 βορηΐην
593 1590 769 1660 θάλασσαν
787 1587 848 1660 ἄπ’
865 1589 1041 1680 Αἰγύπτου
1059 1585 1236 1679 ἀρξάμενοι
1257 1588 1316 1680 μέ-

181 1763 639 1899 commuuio
774 1763 1131 1900 εστωσαν·
1150 1765 1317 1887 uun

183 1919 243 1955 mon
268 1905 296 1953 in
320 1903 346 1954 d.
371 1849 725 1970 Ιίογέοὴοαελῖἰέέλοτοῑέ)
774 1905 943 1955 Nasamonas
961 1852 1178 1970 pertinuissepad
1196 1837 1319 1971 Βχτέὶοέέ

181 1989 245 2039 pag.
259 1975 293 2025 87
308 1989 385 2040 aeqq.
410 1974 488 2026 Cous.
500 1980 642 2040 praeterea
654 1976 724 2024 Hee-
775 1980 885 2040 gentes,
905 1989 974 2040 quae
992 1976 1181 2026 commercium
1199 1991 1259 2026 cum
1278 1976 1318 2024 in-

182 2059 238 2094 reu.
259 2043 344 2094 Ideeu
360 2048 413 2095 eto.
433 2044 472 2108 ΙΙ,
491 2046 514 2095 1.
534 2061 561 2110 p.
580 2047 631 2096 2¹2
648 2060 723 2110 ueqq.
774 2045 882 2094 terioris
906 2044 1015 2095 Africae
1045 2046 1172 2110 gentibua
1197 2045 1316 2111 egerint3

182 2118 210 2164 et
228 2113 326 2164 Rittcr.
339 2113 486 2164 Erdkuude
503 2115 526 2165 1.
542 2131 568 2180 p.
583 2115 632 2166 981
648 2129 723 2180 aeqq.

183 2182 251 2234 Aliis
264 2183 401 2241 Ammonia
415 2183 543 2249 templum
559 2185 586 2234 in
600 2183 667 2234 Oaai
676 2184 724 2234 nt-

183 2253 286 2303 Kaaear
298 2253 479 2324 quaerendum
492 2253 645 2306 videbatur.
660 2253 724 2304 Vid.

183 2321 238 2372 tos.
253 2323 286 2372 de
298 2323 427 2374 Hammer
443 2325 472 2372 iu
483 2322 633 2374 Annalibus
645 2324 726 2374 Vien-

184 2406 274 2441 nenuu.
293 2391 349 2442 vol.
365 2393 448 2443 XLV.
462 2409 489 2458 p.
502 2393 545 2445 31.
575 2394 666 2444 Minue
684 2407 725 2443 re·

183 2467 239 2524 otc,
259 2466 290 2510 ut
305 2477 376 2512 nunc
396 2462 502 2528 quidem
522 2464 589 2515 satia
607 2467 724 2524 constat,

183 2536 246 2597 post
269 2531 392 2581 eximiam
420 2547 511 2582 curam
529 2532 668 2584 Miuutolii
686 2537 725 2583 at-

184 2617 235 2667 que
250 2599 363 2651 aliorum
381 2602 620 2667 peregrinatorum,
639 2603 726 2670 cqui-

183 2672 234 2722 bua
251 2669 300 2720 hon
320 2671 399 2721 modo
423 2671 518 2722 afferre
536 2673 614 2724 iuvat
634 2689 726 2724 eorum

182 2741 211 2790 in
228 2740 353 2806 gratiam,
373 2741 397 2790 ai
412 2742 458 2806 qui
476 2747 548 2805 aunt,
569 2743 614 2808 qui
632 2743 666 2794 de
683 2741 725 2791 bia

136 2813 142 2826 ⁶
183 2810 353 2860 accuratiora
387 2810 479 2861 doceri
518 2813 725 2877 concupiscente

184 2879 231 2931 Fr.
250 2879 396 2930 Caitliaud:
416 2881 528 2945 voyage
545 2883 562 2931 b
580 2882 673 2933 l'oaaie
692 2881 725 2930 de

185 2948 308 3014 Syouah‚
327 2949 436 3016 redigde
455 2959 482 3000 et
500 2949 606 3016 publice
623 2967 672 3016 par
684 2951 727 3000 Io·

185 3018 270 3068 mard.
289 3019 367 3069 Paria
380 3020 465 3082 1823„
484 3021 686 3071 HoakinaViait
698 3024 726 3069 to

774 2115 814 2164 ita
832 2119 862 2163 ut
884 2115 937 2164 iter
954 2113 1022 2164 iliud
1046 2115 1253 2181 haudquaquam
1270 2129 1318 2179 per
1333 2105 1339 2120 '

775 2187 900 2250 regiouea
929 2183 1010 2249 plane
1033 2184 1187 2250 incognitae
1211 2185 1318 2234 institu-

776 2261 833 2304 tum
852 2253 939 2303 videri
955 2253 1066 2314 debeat3
1085 2255 1183 2320 quippe
1200 2269 1252 2318 quo
1267 2253 1318 2303 hoc

775 2323 945 2390 potissimum
963 2323 1145 2389 respexerint,
1170 2339 1234 2374 unm
1254 2321 1319 2388 quid

776 2393 903 2457 ulterius,
939 2409 1019 2459 quam
1055 2393 1206 2444 commercii
1235 2408 1318 2444 cauea

776 2462 858 2529 vulgo
877 2461 1125 2528 proficiscerentur,
1145 2463 1269 2530 progredi
1287 2463 1319 2511 ti-

777 2538 846 2584 ceat.

813 2599 872 2666 Τῆς
889 2592 942 2667 γὰρ
952 2593 1060 2668 Λιβύης
1072 2593 1106 2652 τὰ
1118 2595 1169 2666 μέν
1185 2594 1256 2650 κατὰ
1267 2593 1320 2666 τὴν

776 2667 898 2738 βορηΐην
919 2665 1068 2720 θάλασσαν
1092 2671 1161 2720 m.
1182 2668 1219 2736 λ]
1249 2672 1320 2722 Ean-

776 2742 837 2791 dem
854 2740 959 2806 Libyae
977 2741 1005 2790 iu
1022 2747 1077 2791 tree
1096 2745 1186 2805 partos
1210 2741 1319 2791 divisio·

776 2827 837 2860 uam
863 2809 968 2874 profert
994 2809 1046 2872 lv,
1070 2809 1129 2860 181.
1176 2809 1252 2870 Quae
1276 2809 1320 2859 vel

776 2879 855 2930 hodic
873 2883 981 2930 servata
1000 2894 1060 2930 aeae
1077 2878 1176 2928 dicitur
1189 2878 1218 2929 iu
1232 2879 1319 2927 tribua

776 2949 830 2999 illia
849 2947 1088 3014 appellationibus:
1108 2946 1252 3004 Burturei,
1273 2947 1318 2998 Bi-

778 3019 920 3080 tedutperr'd
942 3022 969 3067 et
987 3017 1102 3073 Sulcum:
1116 3013 1225 3084 ‘quippo
1242 3025 1320 3067 natu·
1428 3013 1433 3024 ’

185 3087 231 3139 tha
255 3093 333 3152 great
351 3089 432 3140 Oaaia
454 3105 481 3154 p.
505 3090 556 3140 tib
577 3105 650 3155 eeqq.
675 3091 727 3139 254
777 3102 825 3137 rae
847 3085 900 3151 ipri
923 3085 970 3135 ilia
991 3092 1032 3138 eat
1053 3086 1133 3137 valde
1156 3101 1275 3154 congrua
1294 3091 1321 3136 et

185 3159 350 3278 iiiiii.
364 3159 728 3294 btut't‘ttffttbtt
778 3157 1102 3290 tttttttzt·..gt.¹:2.
1115 3155 1321 3278 bittit

185 3313 212 3362 p.
238 3297 288 3348 110
308 3313 378 3362 aeq,
400 3297 486 3362 Bayle
503 3299 544 3350 St.
562 3299 649 3350 John:
675 3297 728 3348 Ad·
780 3296 854 3356 riter,
879 3310 951 3344 nunc
976 3295 1102 3360 cognitae
1126 3301 1189 3347 aunt
1214 3297 1320 3346 nomine

184 3371 312 3417 *amurca
330 3367 358 3416 in
376 3366 422 3416 the
435 3367 542 3432 Libyan
557 3369 656 3422 Deaert
673 3366 727 3418 aud
780 3365 905 3430 Nipritice
923 3364 981 3414 aiva
998 3363 1100 3422 Sudore:
1118 3381 1185 3430 quau
1204 3381 1254 3416 uec
1267 3365 1320 3415 He-

185 3435 321 3486 theOaaia
340 3435 371 3485 oi
382 3437 492 3501 Jupiter
503 3438 625 3488 Ammon.
638 3436 727 3489 Lond.
778 3434 874 3485 rodoto
887 3447 995 3498 prorsus
1010 3434 1162 3498 incognitas
1180 3435 1273 3495 iniere,
1289 3449 1320 3483 ea

190 3504 263 3554 ¹849.
282 3503 407 3555 Wheeler
419 3505 581 3572 Geography
596 3508 628 3558 os
641 3508 727 3557 Hero·
779 3506 839 3569 ipaa
857 3500 1011 3564 declarant,
1035 3517 1104 3567 quae
1127 3504 1155 3552 in
1174 3503 1253 3552 huius
1278 3517 1322 3552 cu·

186 3573 242 3626 dot.
261 3587 325 3638 pag.
344 3575 396 3626 564
414 3591 470 3640 aeq.
515 3574 577 3626 Atta
597 3575 728 3642 quaedam
778 3574 843 3640 pitie
861 3571 914 3622 dua
931 3571 1068 3636 leguntur.
1094 3571 1320 3622 CouiarHeereu.

185 3643 268 3693 etiam
293 3643 451 3709 suppeditat
468 3644 600 3708 Forbiger
616 3644 726 3695 Haudb.
778 3643 861 3693 Idaau
880 3641 919 3702 11,
942 3641 964 3692 Ι.
980 3641 1037 3706 pb
1056 3639 1116 3692 coll.
1137 3642 1237 3691 Rittcr:
1255 3639 1322 3691 Erd-

186 3711 213 3762 d.
233 3709 281 3761 ait.
297 3711 396 3777 (ieogr.
415 3714 453 3764 11.
470 3729 497 3778 p.
513 3714 575 3764 825.
595 3713 641 3780 qui
658 3713 728 3763 idem
779 3711 871 3762 kunde
889 3711 914 3762 1.
933 3725 961 3774 p.
978 3710 1055 3787 ⁸98⁰.
1197 3769 1204 3788 .

186 3782 225 3846 (p.
238 3779 301 3846 8¹24)
319 3787 441 3832 veterum
454 3783 530 3834 loona
547 3783 581 3833 de
602 3781 653 3834 hac
670 3783 728 3832 oaai
817 3779 875 3844 Τῆς
902 3773 955 3844 γὰρ
982 3776 1091 3846 Λιβυης
1113 3808 1148 3819 -
1162 3776 1322 3842 θαλασσαν]

186 3864 278 3901 omues
290 3851 413 3968 qraebet.
441 3852 483 3902 De
495 3851 567 3904 Solia
584 3852 659 3902 tonte
672 3851 728 3932 yid.
779 3852 798 3900 i.
814 3865 836 3900 e.
852 3849 919 3914 quod
935 3849 1077 3968 attinetdgqi
1090 3863 1135 3898 ear
1151 3847 1324 3966 Ltgipoealpur·

186 3924 292 4040 itit.
308 3919 729 4056 ib.33t-.·..*.⁶.12‘ttt;t
780 3927 1324 4052 itt.t::.;z.”“”....5tt.⁰t.tt

188 4055 223 4108 ad
242 4057 266 4118 1,
289 4057 348 4108 toa.
782 4073 829 4108 ora
853 4057 971 4108 borealia
992 4056 1097 4121 Libyae
1120 4055 1271 4118 iudicatur,
1295 4053 1323 4104 iu

222 4115 321 4175 ἐλθεῖν
345 4153 382 4167 -
407 4124 587 4192 Νασαμῶνας
610 4118 729 4192 ἄνδρας]
782 4127 859 4177 cuiue
889 4131 1007 4176 extrema
1035 4123 1201 4176 occidentem
1228 4137 1324 4175 veraua

188 4197 231 4247 De
248 4195 431 4247 doemonum
449 4197 541 4246 contar
559 4197 612 4258 IV,
631 4198 680 4248 172
704 4201 732 4246 at
782 4200 858 4261 parte
876 4192 910 4245 ab
923 4194 1064 4245 Herodoto
1081 4193 1232 4246 collocatur
1241 4193 1325 4245 Sotoia

188 4264 301 4316 Diodor.
315 4264 400 4316 Sicut.
414 4265 468 4326 111,
482 4265 525 4316 40.
560 4267 649 4330 Atque
662 4267 731 4316 Hca·
781 4265 1002 4330 promontorium.
1026 4263 1105 4314 Ocni.
1116 4264 1163 4326 1v,
1174 4261 1218 4314 ta.
1246 4260 1322 4326 Quod

187 4334 294 4396 reuiua,
328 4335 377 4389 ubi
406 4334 478 4384 huuc
507 4333 595 4386 locum
623 4335 732 4400 exponit
780 4333 993 4398 promontorium
1011 4332 1108 4385 Kaudn
1126 4347 1194 4396 ceca,
1215 4332 1324 4398 copiora
