3058 4928
572 265 821 327 EUTERPE.
843 264 885 325 H.
905 272 950 328 68.
1267 263 1328 326 583

193 441 343 529 γνάθον,
373 434 458 508 άλλά
483 439 540 508 κοιλ
565 439 663 508 τοῦτο
695 441 823 527 μοῦνον
851 445 986 530 θηρίων
1011 436 1073 530 τὴν
1100 435 1171 510 άνω
1198 437 1329 527 γνάθον

193 543 356 632 προσάγει
376 547 417 631 τῇ
436 540 535 612 κάτω.
589 548 656 630 ἔχει
673 542 711 611 δὲ
732 544 788 611 καλ
806 539 928 632 ὄνυχας
946 541 1128 632 ναριεροδς
1147 545 1203 612 καὶ
1223 547 1328 634 δέρμα

195 643 383 718 λεπιδωτὸν
405 642 573 735 ἄρρηκτον
597 647 652 715 ἐπὶ
669 651 730 715 τοῦ
750 644 871 716 νάιον.
900 646 1032 738 τυφλὸν
1046 647 1083 718 dt
1102 650 1140 718 ἐν
1154 643 1269 734 ὕδατι,
1291 651 1329 720 ἐν

195 751 233 820 δὲ
258 755 300 839 τῇ
317 756 436 839 αἰθρίῃ
458 746 749 836 ὀξυδερκέστατον.
793 746 850 820 dre
878 749 919 841 δὴ
947 743 996 821 ὦν
1014 754 1051 820 ἐν
1074 747 1173 820 ὕδατι
1195 755 1329 823 δίαιταν

193 853 412 942 ποιεύμενον,
436 850 474 921 sd
492 853 598 942 στόμα
616 857 762 926 ἔνδοθεν
784 854 899 944 φορέει
918 859 986 924 πᾶν
1005 851 1128 943 μεστὸν
1144 856 1326 942 βδελλέων.

229 1043 298 1104 οὐδὲ
321 1045 375 1118 τὴν
398 1044 473 1104 κάτω
501 1050 587 1104 κινέει
609 1048 734 1123 γνάθον]
786 1051 890 1119 αἰθρίῃ
900 1042 1150 1119 ὀξυδερκέστατον]
1165 1054 1226 1106 Ηοο
1235 1056 1276 1106 ita
1288 1057 1327 1106 in·

192 1125 210 1175 i.
231 1141 255 1176 e.
272 1125 416 1188 inferiorem
432 1126 560 1176 masiliam
583 1141 631 1176 non
649 1134 733 1180 mouet.
786 1122 975 1190 telligendum,
992 1127 1023 1173 ut
1042 1123 1194 1174 crocodilus
1212 1125 1240 1176 in
1256 1141 1328 1191 aqna

191 1195 268 1245 Haec
285 1209 392 1260 quoque
410 1209 466 1258 res,
485 1195 520 1245 ab
529 1195 675 1246 Aristotele
685 1193 735 1246 ali·
786 1196 872 1246 minus
891 1193 959 1244 bens
982 1193 1075 1243 videre
1094 1199 1238 1244 censentur
1257 1199 1328 1246 testo

191 1264 269 1330 isque
285 1265 417 1330 repetita,
435 1269 529 1314 nostra
546 1269 637 1316 aetate
655 1265 735 1316 valde
785 1266 845 1329 ipso
876 1262 1024 1314 Aristotele
1057 1260 1141 1326 (Hist.
1171 1263 1261 1316 Auim.
1288 1267 1326 1332 II,

192 1335 312 1385 exercuit
335 1335 408 1384 viros
431 1333 541 1394 doctos,
571 1335 612 1384 ita
633 1340 664 1385 ut
687 1336 734 1385 vix
786 1335 844 1401 10);
863 1334 969 1383 namin
987 1335 1051 1384 a'e‘re
1062 1333 1327 1398 perspicacissimum

193 1405 345 1469 composita
366 1403 400 1454 lis
425 1419 486 1454 esse
512 1403 648 1456 videatur.
691 1405 734 1455 Tu
785 1420 846 1455 esse
863 1401 976 1465 animal,
996 1403 1067 1453 inter
1085 1407 1325 1458 omuesconvenit.

193 1479 283 1524 tamen
306 1474 376 1524 huno
403 1477 497 1524 teneas
521 1473 735 1538 disputationum
785 1475 846 1525 Vid.
865 1470 993 1538 Gdotiroy
1010 1489 1037 1538 p.
1055 1470 1120 1536 381,
1148 1473 1326 1528 Tiedamann.

192 1559 338 1596 summam:
361 1543 515 1594 inferiorem
533 1543 662 1594 crocodili
680 1559 735 1594 ma·
785 1543 804 1594 l.
822 1544 896 1594 laud.
918 1557 980 1608 pag.
1000 1543 1042 1594 29.

192 1613 298 1673 xillum,
318 1612 371 1662 nisi
391 1628 502 1678 prorsus
525 1613 670 1664 immobilis
688 1615 734 1676 sit,
819 1606 851 1662 τὸ
879 1610 968 1672 στόμα
995 1606 1119 1661 ἔνδοθεν
1146 1607 1244 1676 φορέει
1268 1612 1327 1664 ιιᾶν

192 1688 249 1733 tam
267 1682 380 1734 obscure
400 1683 501 1732 moveri
522 1697 573 1733 nec
594 1682 675 1748 plane
700 1681 734 1733 ad

192 1753 292 1814 latera,
306 1757 343 1820 ut
361 1752 406 1801 vix
422 1751 488 1802 illud
502 1753 624 1818 conspici
637 1753 733 1819 possit.

191 1821 255 1872 vid.
274 1821 430 1873 Schneider.
450 1819 468 1871 l.
488 1820 506 1873 l.
525 1837 589 1888 pag.
603 1823 637 1874 48
656 1837 732 1890 seqq.

192 1896 220 1942 et
237 1891 382 1957 praecipue
401 1891 577 1942 Tiedomann.
596 1890 615 1941 l.
634 1891 651 1942 l.
671 1907 734 1958 pag.

193 1960 227 2012 36
245 1976 321 2026 seqq.
359 1961 436 2024 Quod
456 1977 565 2024 moneo,
583 1977 616 2012 ne
635 1961 735 2014 iniuria

192 2031 253 2096 quis
275 2030 416 2081 Herodoto
446 2031 653 2082 obtrectandum
674 2047 735 2083 cen·

192 2105 267 2163 seat,
295 2101 342 2165 qui
363 2116 395 2150 ea
421 2116 474 2150 non
498 2101 732 2164 animadverterit,

192 2185 262 2235 quae
280 2169 430 2222 doctissimi
448 2174 558 2222 nostrae
576 2173 734 2222 aetatisna·

191 2244 270 2290 turae
288 2245 453 2291 scrutatores
475 2241 522 2292 vix
544 2240 669 2308 detegere
688 2256 733 2307 po-

192 2314 312 2361 tuerent.

156 2423 159 2430 .
225 2371 295 2429 άλλά
309 2373 357 2428 sol
376 2376 460 2428 τοῦτο
479 2375 590 2442 μοῦνον
607 2376 733 2444 θηρίων]

191 2451 267 2502 Bene
284 2449 352 2500 haec
365 2449 516 2500 vindicavit
529 2447 679 2514 Schweigh.
694 2449 734 2498 sic

190 2521 386 2584 interpretans:
404 2520 452 2570 sed
468 2527 506 2569 est
522 2521 596 2569 etium
607 2518 653 2570 loc
663 2533 735 2568 renum

190 2605 225 2640 ee
234 2589 344 2640 omuibus
353 2589 509 2650 animalibus,
524 2589 592 2654 quod
603 2593 656 2638 etc.
680 2589 735 2639 Vc-

190 2659 280 2710 luerat
294 2659 365 2710 enim
383 2658 545 2710 Schaeierus
567 2657 602 2708 ad
621 2658 734 2723 Gregor.

191 2729 254 2780 Gor.
273 2728 306 2779 de
325 2727 446 2780 dialectt.
465 2743 492 2793 p.
509 2727 543 2779 30
559 2718 629 2776 ἀλλὰ
647 2719 734 2776 κατὰ

191 2796 291 2860 τοῦτο,
311 2813 371 2849 cnm
389 2798 500 2848 Bestius
517 2794 602 2846 τοῦτο
617 2813 665 2860 pro
684 2788 734 2846 διὰ

190 2865 275 2916 τοῦτο
291 2865 408 2932 (idcirco)
421 2867 580 2932 accepisset.
613 2867 733 2928 Quorum

190 2940 315 2986 neutrum
330 2936 416 2986 habeo
436 2951 538 2987 rerum.
574 2935 643 2986 Add.
654 2937 686 2990 G.
699 2937 731 2986 A.

191 3005 268 3056 Koch
282 3005 318 3056 ad
334 3006 462 3057 Antonin.
480 3005 541 3057 Lib.
557 3021 584 3070 p.
605 3006 665 3058 119.

226 3077 283 3148 ἔχει
307 3076 339 3132 δὲ
361 3078 408 3132 sul
437 3073 542 3147 ὄνυχας
567 3075 731 3148 καρτεροὺς,

191 3148 240 3203 sul
256 3149 344 3215 δέρμα
355 3145 513 3202 λεπιδωτὸν
529 3143 674 3217 άρόηιιτον
686 3143 733 3202 ἐπὶ

190 3220 244 3273 τοῦ
262 3216 366 3286 νάιον]
388 3214 545 3272 λεπιδωτὸν
567 3221 634 3272 dicit
656 3239 732 3288 squa-

189 3291 397 3357 motampellem;
419 3289 509 3356 δέρμα
525 3283 669 3356 ἄρρηκτον
679 3293 733 3342 Pli-

191 3363 253 3414 nius
268 3362 341 3413 haud
359 3361 428 3412 male
449 3361 552 3413 reddit:
577 3371 656 3412 οιιιονι
674 3378 732 3412 ron·

189 3442 232 3484 tro
247 3449 338 3484 οοιιιεοι
350 3436 422 3483 ictum
432 3435 559 3490 invictum:
577 3431 648 3498 quod
662 3431 731 3482 idom

189 3503 250 3554 aliis
275 3503 365 3554 verbis
388 3507 523 3552 testantur
546 3501 593 3552 alii
612 3507 733 3552 veterum

189 3574 333 3638 sripturas,
352 3573 463 3622 excitati
481 3588 497 3622 a
513 3571 648 3622 Booharto
666 3573 733 3622 Hie-

189 3643 292 3694 ronoic.
316 3643 349 3705 V,
369 3641 411 3694 17.
437 3659 462 3706 p.
489 3657 524 3692 m.
545 3641 604 3690 183.
642 3642 731 3708 Atque

189 3715 284 3764 eadem
301 3713 329 3762 iu
346 3710 482 3763 crocodilo
499 3711 680 3761 observarunt
691 3729 732 3781 φ.

190 3782 323 3832 centicres
347 3781 541 3844 verissimaque
573 3781 731 3844 comproba-

190 3858 261 3902 runt.
276 3850 730 3913 „Pellisuuivcrsicorporiscrassa

190 3925 232 3970 est
249 3925 277 3972 et
294 3920 393 3982 densa,
415 3919 536 3984 squamis
559 3919 668 3968 obscrtu
683 3919 729 3970 du-

190 3990 304 4040 rissimis
327 3989 449 4053 adeoque
471 3987 516 4038 vel
545 4001 671 4053 magnam
695 3990 729 4039 ab

191 4061 309 4109 externis
338 4059 444 4108 iniuriis
468 4056 627 4108 violentiam
649 4057 730 4109 facile

190 4127 305 4178 eludit.“
341 4127 498 4178 Schneider.
516 4126 535 4177 l.
552 4127 570 4177 l.
588 4143 614 4190 p.
630 4128 661 4178 lo
672 4143 730 4194 seq.

190 4196 251 4248 coll.
273 4212 335 4261 pag.
355 4197 399 4247 14.
434 4195 504 4246 Add.
524 4194 651 4260 Gdoh‘roy
668 4212 731 4263 pag.

189 4264 250 4328 381,
280 4265 458 4316 Tisdemann.
484 4281 512 4328 p.
531 4264 573 4316 33.
594 4279 669 4329 seqq.

222 4327 332 4398 τυφλὸν
354 4328 386 4383 δὲ
409 4325 439 4384 ἕν
465 4322 562 4396 idere,
591 4323 621 4381 ἕν
643 4326 675 4382 δὲ
698 4331 733 4400 τῇ

784 1673 887 1746 μεστὸν
911 1678 1059 1748 βδελλέων]
1084 1681 1116 1730 lu
1145 1680 1196 1732 hoc
1221 1699 1327 1750 qnoque

783 1753 844 1803 loco
865 1751 978 1802 multum
1004 1749 1138 1801 sudarunt
1166 1751 1218 1800 viri
1242 1753 1326 1818 docti,

782 1823 812 1872 in
830 1837 862 1872 eo
875 1821 1017 1871 maximam
1032 1824 1136 1886 partem
1154 1819 1237 1886 lapsi,
1254 1823 1327 1890 quod

784 1891 889 1942 bdellcs
913 1889 1096 1956 intelligerent
1115 1891 1244 1942 dimedines
1266 1909 1327 1943 san-

782 1963 917 2027 ριάιιιροι,
932 1975 1002 2026 quae
1013 1961 1121 2011 omuino
1138 1962 1165 2010 in
1179 1961 1235 2012 Nili
1248 1964 1326 2029 aquis

784 2030 877 2082 nullae
890 2032 1074 2095 reperiuntnr;
1098 2035 1139 2080 est
1157 2031 1227 2082 euim
1246 2033 1326 2084 intel-

784 2100 921 2166 ligendum
951 2114 1103 2151 muscarum
1127 2115 1223 2165 genua,
1253 2105 1326 2168 quod

784 2170 927 2235 plurimum
945 2185 977 2220 ac
992 2169 1104 2220 densum
1123 2170 1150 2220 in
1161 2172 1326 2224 crocodilum

784 2241 863 2290 irruit
885 2241 1014 2306 ipsasque
1030 2239 1123 2290 lauces
1142 2253 1197 2289 non
1214 2239 1326 2294 firmiter

785 2325 818 2360 ac
841 2323 935 2376 presse
957 2307 1064 2359 clausas
1088 2313 1214 2374 penetrat
1238 2316 1265 2361 et
1287 2313 1326 2364 in·

784 2379 910 2430 teriorem
927 2377 1063 2428 maxillam
1082 2383 1167 2429 totam
1178 2380 1234 2430 fere
1252 2381 1326 2432 obte-

785 2450 836 2516 git.
873 2447 975 2512 Quibus
997 2449 1098 2499 muscis
1123 2449 1245 2514 parvulis
1263 2452 1327 2502 insi·

786 2517 865 2569 diana
883 2517 1013 2569 trochilus
1031 2520 1060 2568 in
1082 2519 1212 2570 crocodili
1231 2521 1325 2573 fauces

785 2593 919 2654 permeet,
940 2589 986 2654 qni
1002 2588 1097 2640 lauces
1115 2587 1256 2640 clausurus
1268 2609 1326 2642 cor-

786 2674 852 2724 pore
872 2661 936 2708 aute
952 2663 1024 2708 moto
1046 2658 1098 2709 hoc
1124 2659 1238 2710 trochilo
1257 2661 1326 2711 indi·

784 2733 843 2788 cat,
865 2727 910 2792 qni
929 2727 982 2777 iarn
1000 2727 1102 2792 avolat.
1140 2729 1228 2780 Simili
1246 2731 1325 2780 modo

784 2799 812 2847 in
824 2797 919 2847 Indiae
931 2796 1151 2861 septentrionalis
1164 2799 1253 2848 insula
1268 2813 1325 2848 cro-

784 2866 901 2917 codilum
915 2867 949 2916 ab
961 2882 1011 2916 ave
1025 2867 1256 2929 parrulaliberari
1270 2883 1325 2917 mu-

783 2938 836 2986 scis
855 2941 977 2986 namant.
1013 2934 1116 2996 Quodsi
1138 2936 1222 3001 igitur
1239 2937 1326 2986 Hero-

784 3004 864 3057 dotus
879 3004 1025 3072 quidquam
1049 3003 1142 3069 lapsus
1165 3009 1221 3066 est,
1244 3005 1273 3054 in
1292 3021 1323 3056 eo

783 3081 889 3126 tentum
898 3089 1014 3125 errorem
1033 3073 1198 3124 commisisse
1208 3074 1324 3140 videtur,

785 3145 869 3210 quod,
888 3160 948 3194 cum
967 3157 1073 3194 muscas
1092 3158 1114 3192 s.
1141 3159 1257 3210 conopes
1283 3145 1324 3196 di-

784 3231 844 3264 cere
863 3217 1015 3280 oporteret,
1037 3213 1135 3262 bdellas
1152 3213 1234 3278 dixit,
1254 3231 1324 3280 queo

782 3285 910 3334 hirudines
923 3281 1005 3348 vulgo
1017 3282 1141 3332 audiunt.
1164 3283 1226 3334 Vid.
1243 3284 1324 3336 Geor-

784 3355 846 3418 iroy
865 3353 883 3403 l.
903 3351 921 3402 l.
943 3368 1006 3417 pag.
1032 3352 1083 3403 ³82
1102 3367 1158 3416 seq.
1183 3359 1210 3402 et
1233 3354 1324 3403 Iahnii

784 3422 893 3474 Annall.
914 3421 1006 3487 philol.
1022 3425 1050 3470 et
1067 3421 1183 3487 paedag.
1198 3421 1288 3488 (1828)
1298 3423 1322 3486 1,

784 3493 810 3546 3.
834 3509 897 3559 pag.
921 3492 981 3544 365.
1019 3490 1175 3540 Trochilum
1196 3507 1261 3542 vero
1285 3493 1323 3541 di-

783 3568 848 3614 cunt
859 3579 918 3613 esse
929 3561 1091 3612 charadrium
1105 3561 1253 3626 Aepyptium
1265 3561 1323 3612 sive

780 3649 889 3699 ιον-εον
913 3629 1046 3699 (tals-tals)
1067 3630 1184 3680 Arabum
1207 3631 1322 3693 nomine,

781 3705 947 3768 frequentem
967 3699 1085 3750 illumin
1100 3699 1142 3749 hie
1155 3699 1322 3764 regionibus.

779 3773 841 3824 Vid.
869 3769 996 3834 Geoffroy
1024 3769 1043 3820 l.
1077 3767 1095 3820 l.
1125 3783 1187 3834 pag.
1217 3768 1267 3820 381
1295 3776 1323 3820 et

780 3840 907 3894 Minutoli
930 3841 948 3890 l.
973 3840 991 3889 l.
1014 3853 1076 3904 pag.
1098 3838 1146 3890 162
1170 3853 1256 3903 seqq,
1276 3841 1323 3904 qui

781 3911 890 3975 saepius
914 3925 944 3960 se
966 3909 1037 3959 hanc
1058 3923 1136 3957 avem
1161 3907 1264 3959 vidisse
1282 3909 1323 3959 ai·

780 3981 881 4038 firmam
913 3993 983 4044 quus
1008 3993 1068 4028 cnm
1097 3977 1223 4042 frequens
1249 3979 1322 4032 circa

780 4047 944 4101 crocodilum
968 4049 996 4097 in
1018 4061 1102 4098 arena
1125 4048 1257 4099 iacentem
1283 4051 1322 4100 in-

781 4119 907 4169 veniatur
937 4120 1051 4184 ipsaque
1078 4133 1144 4170 voce
1176 4133 1239 4182 sna,
1273 4121 1321 4172 ho-

782 4187 899 4239 minibus
929 4188 1225 4254 appropinquantibus,
1263 4207 1321 4243 cro·

782 4256 870 4310 codilo
888 4257 916 4307 id
939 4258 1017 4323 qnasi
1041 4257 1174 4320 declaret,
1196 4258 1258 4310 inde
1282 4263 1321 4312 la·

781 4327 871 4379 bulum
878 4327 1061 4380 Herodoteem
1073 4333 1160 4379 ortam
1169 4332 1321 4398 putatWil-

1216 4575 1278 4596 -
