<?xml version="1.0" encoding="UTF-8"?>
<!DOCTYPE html PUBLIC "-//W3C//DTD XHTML 1.0 Transitional//EN"
    "http://www.w3.org/TR/xhtml1/DTD/xhtml1-transitional.dtd">
<html xmlns="http://www.w3.org/1999/xhtml" xml:lang="en" lang="en">
 <head>
  <title>
</title>
<meta http-equiv="Content-Type" content="text/html;charset=utf-8" />
  <meta name='ocr-system' content='tesseract 3.04.00' />
  <meta name='ocr-capabilities' content='ocr_page ocr_carea ocr_par ocr_line ocrx_word'/>
</head>
<body>
  <div class='ocr_page' id='page_1' title='image "./herodotihalicar00bhgoog_0694.png"; bbox 0 0 3032 4916; ppageno 0'>
   <div class='ocr_carea' id='block_1_1' title="bbox 528 303 927 366">
    <p class='ocr_par' dir='ltr' id='par_1_1' title="bbox 528 303 927 366">
     <span class='ocr_line' id='line_1_1' title="bbox 528 303 927 366; baseline 0.005 -4"><span class='ocrx_word' id='word_1_1' title='bbox 528 303 778 365; x_wconf 77' lang='lat' dir='ltr'><strong>EU&#39;I&#39;ERPE.</strong></span> <span class='ocrx_word' id='word_1_2' title='bbox 802 303 843 364; x_wconf 92' lang='lat'><strong>11.</strong></span> <span class='ocrx_word' id='word_1_3' title='bbox 866 313 927 366; x_wconf 86' lang='grc'><strong>110.</strong></span> 
     </span>
    </p>
   </div>
   <div class='ocr_carea' id='block_1_2' title="bbox 1234 299 1296 362">
    <p class='ocr_par' dir='ltr' id='par_1_2' title="bbox 1234 299 1296 362">
     <span class='ocr_line' id='line_1_2' title="bbox 1234 299 1296 362; baseline -0.032 0"><span class='ocrx_word' id='word_1_4' title='bbox 1234 299 1296 362; x_wconf 84' lang='grc'><strong>667</strong></span> 
     </span>
    </p>
   </div>
   <div class='ocr_carea' id='block_1_3' title="bbox 165 473 1365 776">
    <p class='ocr_par' dir='ltr' id='par_1_3' title="bbox 165 473 1365 776">
     <span class='ocr_line' id='line_1_3' title="bbox 166 473 1365 569; baseline -0.004 -20"><span class='ocrx_word' id='word_1_5' title='bbox 166 507 226 569; x_wconf 85' lang='grc' dir='ltr'><strong><em>ρης</em></strong></span> <span class='ocrx_word' id='word_1_6' title='bbox 245 475 334 566; x_wconf 80' lang='grc' dir='ltr'><strong><em>παρὰ</em></strong></span> <span class='ocrx_word' id='word_1_7' title='bbox 348 484 579 566; x_wconf 77' lang='grc' dir='ltr'><strong><em>Βαβυλωνίων</em></strong></span> <span class='ocrx_word' id='word_1_8' title='bbox 591 483 721 566; x_wconf 80' lang='grc' dir='ltr'><strong><em>ἔμαθον</em></strong></span> <span class='ocrx_word' id='word_1_9' title='bbox 735 483 770 546; x_wconf 92' lang='grc' dir='ltr'><strong>οί</strong></span> <span class='ocrx_word' id='word_1_10' title='bbox 777 474 947 566; x_wconf 79' lang='grc' dir='ltr'><strong><em>Ἕλληνες.</em></strong></span> <span class='ocrx_word' id='word_1_11' title='bbox 1000 473 1164 556; x_wconf 74' lang='grc' dir='ltr'><strong><em>Βασιλεύς</em></strong></span> <span class='ocrx_word' id='word_1_12' title='bbox 1177 475 1239 563; x_wconf 79' lang='grc' dir='ltr'><strong>μὲν</strong></span> <span class='ocrx_word' id='word_1_13' title='bbox 1253 473 1295 566; x_wconf 74' lang='grc' dir='ltr'><strong>δὴ</strong></span> <span class='ocrx_word' id='word_1_14' title='bbox 1306 484 1365 545; x_wconf 85' lang='grc'><strong>110</strong></span> 
     </span>
     <span class='ocr_line' id='line_1_4' title="bbox 165 573 1294 672; baseline -0.004 -20"><span class='ocrx_word' id='word_1_15' title='bbox 165 574 263 663; x_wconf 81' lang='grc' dir='ltr'><strong><em>οὗτος</em></strong></span> <span class='ocrx_word' id='word_1_16' title='bbox 283 587 408 671; x_wconf 80' lang='grc' dir='ltr'><strong><em>μοῦνος</em></strong></span> <span class='ocrx_word' id='word_1_17' title='bbox 422 581 606 669; x_wconf 77' lang='grc' dir='ltr'><em>Αἰγύπτιος</em></span> <span class='ocrx_word' id='word_1_18' title='bbox 621 588 804 671; x_wconf 79' lang='grc' dir='ltr'><strong><em>Αἰθιοπίης</em></strong></span> <span class='ocrx_word' id='word_1_19' title='bbox 822 573 918 672; x_wconf 79' lang='grc' dir='ltr'>ἦρξε,</span> <span class='ocrx_word' id='word_1_20' title='bbox 949 580 1148 671; x_wconf 82' lang='grc' dir='ltr'><strong><em>μνημόσυνα</em></strong></span> <span class='ocrx_word' id='word_1_21' title='bbox 1168 579 1206 649; x_wconf 74' lang='lat' dir='ltr'><strong>di</strong></span> <span class='ocrx_word' id='word_1_22' title='bbox 1228 582 1294 648; x_wconf 75' lang='grc' dir='ltr'><strong><em>ἐλί·</em></strong></span> 
     </span>
     <span class='ocr_line' id='line_1_5' title="bbox 165 680 1296 776; baseline -0.005 -18"><span class='ocrx_word' id='word_1_23' title='bbox 165 713 246 758; x_wconf 78' lang='lat' dir='ltr'><strong>uero</strong></span> <span class='ocrx_word' id='word_1_24' title='bbox 262 681 326 775; x_wconf 79' lang='grc' dir='ltr'><strong>πρὸ</strong></span> <span class='ocrx_word' id='word_1_25' title='bbox 340 691 401 755; x_wconf 84' lang='grc' dir='ltr'><strong>τοῦ</strong></span> <span class='ocrx_word' id='word_1_26' title='bbox 409 680 626 774; x_wconf 82' lang='grc' dir='ltr'><strong><em>Ἡφαιστείου</em></strong></span> <span class='ocrx_word' id='word_1_27' title='bbox 640 683 843 776; x_wconf 76' lang='grc' dir='ltr'><strong><em>ἀνδριάντας</em></strong></span> <span class='ocrx_word' id='word_1_28' title='bbox 858 693 1030 770; x_wconf 78' lang='grc' dir='ltr'><strong><em>λιθίνους,</em></strong></span> <span class='ocrx_word' id='word_1_29' title='bbox 1053 684 1115 755; x_wconf 79' lang='grc' dir='ltr'><strong>δύο</strong></span> <span class='ocrx_word' id='word_1_30' title='bbox 1128 683 1191 774; x_wconf 74' lang='grc' dir='ltr'><strong>μὲν</strong></span> <span class='ocrx_word' id='word_1_31' title='bbox 1203 682 1296 774; x_wconf 78' lang='grc' dir='ltr'><strong><em>τριή-</em></strong></span> 
     </span>
    </p>
   </div>
   <div class='ocr_carea' id='block_1_4' title="bbox 163 889 708 2004">
    <p class='ocr_par' dir='ltr' id='par_1_4' title="bbox 163 889 708 2004">
     <span class='ocr_line' id='line_1_6' title="bbox 164 889 706 958; baseline -0.002 -15"><span class='ocrx_word' id='word_1_32' title='bbox 164 893 233 958; x_wconf 83' lang='lat' dir='ltr'><strong>tiug.</strong></span> <span class='ocrx_word' id='word_1_33' title='bbox 253 889 311 944; x_wconf 74' lang='lat' dir='ltr'><strong>oar.</strong></span> <span class='ocrx_word' id='word_1_34' title='bbox 326 890 411 942; x_wconf 84' lang='lat' dir='ltr'><strong>Anaa.</strong></span> <span class='ocrx_word' id='word_1_35' title='bbox 425 889 502 942; x_wconf 83' lang='grc'>1810.</span> <span class='ocrx_word' id='word_1_36' title='bbox 515 903 543 954; x_wconf 90' lang='lat' dir='ltr'><strong>p.</strong></span> <span class='ocrx_word' id='word_1_37' title='bbox 557 890 638 954; x_wconf 80' lang='lat'><strong>2027,</strong></span> <span class='ocrx_word' id='word_1_38' title='bbox 659 893 706 958; x_wconf 87' lang='lat' dir='ltr'><strong>qui</strong></span> 
     </span>
     <span class='ocr_line' id='line_1_7' title="bbox 164 957 705 1028; baseline -0.002 -15"><span class='ocrx_word' id='word_1_39' title='bbox 164 963 198 1014; x_wconf 93' lang='lat' dir='ltr'><strong>de</strong></span> <span class='ocrx_word' id='word_1_40' title='bbox 215 960 355 1028; x_wconf 79' lang='lat' dir='ltr'><strong>horologio</strong></span> <span class='ocrx_word' id='word_1_41' title='bbox 377 958 460 1010; x_wconf 80' lang='lat' dir='ltr'><strong>solari</strong></span> <span class='ocrx_word' id='word_1_42' title='bbox 483 957 573 1009; x_wconf 79' lang='grc' dir='ltr'><strong><em>πόλον</em></strong></span> <span class='ocrx_word' id='word_1_43' title='bbox 594 959 639 1011; x_wconf 90' lang='lat' dir='ltr'><strong>hio</strong></span> <span class='ocrx_word' id='word_1_44' title='bbox 662 977 705 1012; x_wconf 86' lang='lat' dir='ltr'><strong>ao-</strong></span> 
     </span>
     <span class='ocr_line' id='line_1_8' title="bbox 164 1031 704 1097; baseline -0.002 -14"><span class='ocrx_word' id='word_1_45' title='bbox 164 1032 217 1097; x_wconf 84' lang='lat' dir='ltr'><strong>cipi</strong></span> <span class='ocrx_word' id='word_1_46' title='bbox 234 1047 315 1097; x_wconf 78' lang='lat' dir='ltr'><strong>posse</strong></span> <span class='ocrx_word' id='word_1_47' title='bbox 331 1033 424 1096; x_wconf 83' lang='lat' dir='ltr'><strong>negat.</strong></span> <span class='ocrx_word' id='word_1_48' title='bbox 457 1031 500 1080; x_wconf 91' lang='lat' dir='ltr'><strong>De</strong></span> <span class='ocrx_word' id='word_1_49' title='bbox 515 1043 634 1095; x_wconf 75' lang='lat' dir='ltr'><strong>paemene</strong></span> <span class='ocrx_word' id='word_1_50' title='bbox 648 1031 704 1082; x_wconf 82' lang='lat' dir='ltr'><strong>vid.</strong></span> 
     </span>
     <span class='ocr_line' id='line_1_9' title="bbox 164 1099 706 1166; baseline -0.002 -13"><span class='ocrx_word' id='word_1_51' title='bbox 164 1103 247 1154; x_wconf 82' lang='lat' dir='ltr'><strong>etiam</strong></span> <span class='ocrx_word' id='word_1_52' title='bbox 270 1101 316 1152; x_wconf 82' lang='lat' dir='ltr'><strong>Fr.</strong></span> <span class='ocrx_word' id='word_1_53' title='bbox 335 1099 458 1166; x_wconf 87' lang='lat' dir='ltr'><strong>Woepke</strong></span> <span class='ocrx_word' id='word_1_54' title='bbox 476 1100 504 1150; x_wconf 91' lang='lat' dir='ltr'><strong>in</strong></span> <span class='ocrx_word' id='word_1_55' title='bbox 521 1100 645 1164; x_wconf 83' lang='lat' dir='ltr'><strong>Diequie.</strong></span> <span class='ocrx_word' id='word_1_56' title='bbox 664 1118 706 1152; x_wconf 88' lang='lat' dir='ltr'><strong>ar-</strong></span> 
     </span>
     <span class='ocr_line' id='line_1_10' title="bbox 165 1168 704 1224; baseline -0.002 -1"><span class='ocrx_word' id='word_1_57' title='bbox 165 1170 268 1224; x_wconf 89' lang='lat' dir='ltr'><strong>ohaeol.</strong></span> <span class='ocrx_word' id='word_1_58' title='bbox 294 1169 378 1220; x_wconf 88' lang='lat' dir='ltr'><strong>math.</strong></span> <span class='ocrx_word' id='word_1_59' title='bbox 406 1170 479 1221; x_wconf 84' lang='lat' dir='ltr'><strong>eirca</strong></span> <span class='ocrx_word' id='word_1_60' title='bbox 509 1168 610 1221; x_wconf 76' lang='lat' dir='ltr'><strong>solaria</strong></span> <span class='ocrx_word' id='word_1_61' title='bbox 636 1176 704 1222; x_wconf 81' lang='lat' dir='ltr'><strong>vett.</strong></span> 
     </span>
     <span class='ocr_line' id='line_1_11' title="bbox 164 1237 706 1308; baseline 0 -16"><span class='ocrx_word' id='word_1_62' title='bbox 164 1241 295 1308; x_wconf 89' lang='lat' dir='ltr'><strong>(Berolin.</strong></span> <span class='ocrx_word' id='word_1_63' title='bbox 310 1237 388 1303; x_wconf 82' lang='grc'>1847)</span> <span class='ocrx_word' id='word_1_64' title='bbox 404 1257 430 1306; x_wconf 91' lang='lat' dir='ltr'><strong>p.</strong></span> <span class='ocrx_word' id='word_1_65' title='bbox 448 1241 473 1290; x_wconf 74' lang='grc'><strong>1.</strong></span> <span class='ocrx_word' id='word_1_66' title='bbox 490 1244 548 1290; x_wconf 86' lang='lat' dir='ltr'><strong>not.</strong></span> <span class='ocrx_word' id='word_1_67' title='bbox 566 1245 594 1290; x_wconf 88' lang='lat' dir='ltr'><strong>et</strong></span> <span class='ocrx_word' id='word_1_68' title='bbox 604 1241 706 1308; x_wconf 79' lang='lat' dir='ltr'><strong>Finger</strong></span> 
     </span>
     <span class='ocr_line' id='line_1_12' title="bbox 164 1309 706 1385; baseline 0 -23"><span class='ocrx_word' id='word_1_69' title='bbox 164 1312 184 1364; x_wconf 92' lang='grc'><strong>1.</strong></span> <span class='ocrx_word' id='word_1_70' title='bbox 196 1312 215 1364; x_wconf 90' lang='lat' dir='ltr'><strong>l.</strong></span> <span class='ocrx_word' id='word_1_71' title='bbox 227 1328 254 1378; x_wconf 87' lang='lat' dir='ltr'><strong>p.</strong></span> <span class='ocrx_word' id='word_1_72' title='bbox 267 1312 301 1362; x_wconf 76' lang='grc'><strong>21</strong></span> <span class='ocrx_word' id='word_1_73' title='bbox 314 1325 382 1385; x_wconf 40' lang='lat' dir='ltr'><strong>seq,</strong></span> <span class='ocrx_word' id='word_1_74' title='bbox 407 1309 484 1361; x_wconf 89' lang='lat' dir='ltr'><strong>Haeo</strong></span> <span class='ocrx_word' id='word_1_75' title='bbox 501 1309 586 1376; x_wconf 76' lang='lat' dir='ltr'><strong>igitur</strong></span> <span class='ocrx_word' id='word_1_76' title='bbox 602 1310 626 1361; x_wconf 87' lang='lat' dir='ltr'><strong>ai</strong></span> <span class='ocrx_word' id='word_1_77' title='bbox 642 1327 706 1362; x_wconf 82' lang='lat' dir='ltr'><strong>vere</strong></span> 
     </span>
     <span class='ocr_line' id='line_1_13' title="bbox 165 1379 705 1448; baseline 0 -16"><span class='ocrx_word' id='word_1_78' title='bbox 165 1383 304 1448; x_wconf 73' lang='lat' dir='ltr'><strong>disputata</strong></span> <span class='ocrx_word' id='word_1_79' title='bbox 327 1385 404 1444; x_wconf 81' lang='lat' dir='ltr'><strong>aunt,</strong></span> <span class='ocrx_word' id='word_1_80' title='bbox 431 1379 503 1430; x_wconf 90' lang='lat' dir='ltr'><strong>haud</strong></span> <span class='ocrx_word' id='word_1_81' title='bbox 525 1380 644 1444; x_wconf 80' lang='lat' dir='ltr'><strong>mireris,</strong></span> <span class='ocrx_word' id='word_1_82' title='bbox 671 1383 705 1432; x_wconf 89' lang='lat' dir='ltr'><strong>ab</strong></span> 
     </span>
     <span class='ocr_line' id='line_1_14' title="bbox 164 1449 707 1503; baseline -0.004 -1"><span class='ocrx_word' id='word_1_83' title='bbox 164 1451 304 1503; x_wconf 82' lang='lat' dir='ltr'><strong>Herodoto</strong></span> <span class='ocrx_word' id='word_1_84' title='bbox 321 1466 368 1502; x_wconf 88' lang='lat' dir='ltr'><strong>aur</strong></span> <span class='ocrx_word' id='word_1_85' title='bbox 380 1452 473 1500; x_wconf 84' lang='lat' dir='ltr'><strong>statim</strong></span> <span class='ocrx_word' id='word_1_86' title='bbox 492 1450 588 1500; x_wconf 86' lang='lat' dir='ltr'><strong>addita</strong></span> <span class='ocrx_word' id='word_1_87' title='bbox 600 1449 707 1501; x_wconf 75' lang='lat' dir='ltr'><strong>inerint</strong></span> 
     </span>
     <span class='ocr_line' id='line_1_15' title="bbox 164 1511 707 1585; baseline -0.004 -13"><span class='ocrx_word' id='word_1_88' title='bbox 164 1522 246 1574; x_wconf 88' lang='lat' dir='ltr'><strong>haee:</strong></span> <span class='ocrx_word' id='word_1_89' title='bbox 269 1513 373 1570; x_wconf 78' lang='grc' dir='ltr'><strong>καὶτὰ</strong></span> <span class='ocrx_word' id='word_1_90' title='bbox 397 1511 527 1570; x_wconf 72' lang='grc' dir='ltr'><strong><em>δυώδεκα</em></strong></span> <span class='ocrx_word' id='word_1_91' title='bbox 549 1516 634 1584; x_wconf 77' lang='grc' dir='ltr'><strong><em>μέρεα</em></strong></span> <span class='ocrx_word' id='word_1_92' title='bbox 656 1519 707 1585; x_wconf 80' lang='grc' dir='ltr'><strong><em>τῆς</em></strong></span> 
     </span>
     <span class='ocr_line' id='line_1_16' title="bbox 163 1582 707 1658; baseline -0.004 -16"><span class='ocrx_word' id='word_1_93' title='bbox 163 1583 279 1658; x_wconf 75' lang='grc' dir='ltr'><strong><em>ἡμέρης.</em></strong></span> <span class='ocrx_word' id='word_1_94' title='bbox 315 1592 357 1641; x_wconf 94' lang='lat' dir='ltr'><strong>De</strong></span> <span class='ocrx_word' id='word_1_95' title='bbox 370 1582 470 1652; x_wconf 77' lang='grc' dir='ltr'><strong><em>πόλος,</em></strong></span> <span class='ocrx_word' id='word_1_96' title='bbox 490 1605 543 1656; x_wconf 89' lang='lat' dir='ltr'><strong>quo</strong></span> <span class='ocrx_word' id='word_1_97' title='bbox 560 1591 652 1640; x_wconf 81' lang='lat' dir='ltr'><strong>eoelum</strong></span> <span class='ocrx_word' id='word_1_98' title='bbox 665 1592 707 1640; x_wconf 91' lang='lat' dir='ltr'><strong>in·</strong></span> 
     </span>
     <span class='ocr_line' id='line_1_17' title="bbox 165 1659 707 1728; baseline -0.002 -16"><span class='ocrx_word' id='word_1_99' title='bbox 165 1661 252 1728; x_wconf 91' lang='lat' dir='ltr'><strong>deqne</strong></span> <span class='ocrx_word' id='word_1_100' title='bbox 267 1661 474 1711; x_wconf 72' lang='lat' dir='ltr'><strong>instrumentum</strong></span> <span class='ocrx_word' id='word_1_101' title='bbox 491 1659 560 1710; x_wconf 86' lang='lat' dir='ltr'><strong>coeii</strong></span> <span class='ocrx_word' id='word_1_102' title='bbox 570 1660 606 1710; x_wconf 88' lang='lat' dir='ltr'><strong>ad</strong></span> <span class='ocrx_word' id='word_1_103' title='bbox 619 1661 707 1711; x_wconf 87' lang='lat' dir='ltr'><strong>inater</strong></span> 
     </span>
     <span class='ocr_line' id='line_1_18' title="bbox 165 1729 708 1792; baseline -0.004 -10"><span class='ocrx_word' id='word_1_104' title='bbox 165 1731 332 1782; x_wconf 80' lang='lat' dir='ltr'><strong>elaboratum</strong></span> <span class='ocrx_word' id='word_1_105' title='bbox 355 1729 505 1792; x_wconf 74' lang='lat' dir='ltr'><strong>indicatur,</strong></span> <span class='ocrx_word' id='word_1_106' title='bbox 534 1729 583 1780; x_wconf 79' lang='lat' dir='ltr'><strong>Gr.</strong></span> <span class='ocrx_word' id='word_1_107' title='bbox 602 1731 708 1782; x_wconf 79' lang='lat' dir='ltr'><strong>confert</strong></span> 
     </span>
     <span class='ocr_line' id='line_1_19' title="bbox 164 1799 707 1852; baseline -0.004 0"><span class='ocrx_word' id='word_1_108' title='bbox 164 1803 300 1852; x_wconf 83' lang='lat' dir='ltr'><strong>Latronne</strong></span> <span class='ocrx_word' id='word_1_109' title='bbox 322 1801 419 1852; x_wconf 84' lang='lat' dir='ltr'><strong>Journ.</strong></span> <span class='ocrx_word' id='word_1_110' title='bbox 444 1800 470 1850; x_wconf 94' lang='lat' dir='ltr'><strong>d.</strong></span> <span class='ocrx_word' id='word_1_111' title='bbox 498 1799 613 1852; x_wconf 83' lang='lat' dir='ltr'><strong>Serene.</strong></span> <span class='ocrx_word' id='word_1_112' title='bbox 641 1801 707 1852; x_wconf 88' lang='grc'><strong>1817</strong></span> 
     </span>
     <span class='ocr_line' id='line_1_20' title="bbox 165 1869 707 1936; baseline -0.006 -14"><span class='ocrx_word' id='word_1_113' title='bbox 165 1869 295 1922; x_wconf 81' lang='lat' dir='ltr'><strong>Ddeemh.</strong></span> <span class='ocrx_word' id='word_1_114' title='bbox 321 1887 348 1936; x_wconf 93' lang='lat' dir='ltr'><strong>p.</strong></span> <span class='ocrx_word' id='word_1_115' title='bbox 367 1869 432 1932; x_wconf 84' lang='grc'>739,</span> <span class='ocrx_word' id='word_1_116' title='bbox 457 1873 486 1919; x_wconf 89' lang='lat' dir='ltr'><strong>et</strong></span> <span class='ocrx_word' id='word_1_117' title='bbox 503 1871 707 1921; x_wconf 76' lang='lat' dir='ltr'><strong>annotationem</strong></span> 
     </span>
     <span class='ocr_line' id='line_1_21' title="bbox 165 1939 707 2004; baseline 0.002 -13"><span class='ocrx_word' id='word_1_118' title='bbox 165 1957 241 1992; x_wconf 83' lang='lat' dir='ltr'><strong>arram</strong></span> <span class='ocrx_word' id='word_1_119' title='bbox 260 1941 295 1991; x_wconf 86' lang='lat' dir='ltr'><strong>ad</strong></span> <span class='ocrx_word' id='word_1_120' title='bbox 312 1939 434 1992; x_wconf 62' lang='lat' dir='ltr'><strong>ciceron.</strong></span> <span class='ocrx_word' id='word_1_121' title='bbox 455 1939 489 1990; x_wconf 91' lang='lat' dir='ltr'><strong>de</strong></span> <span class='ocrx_word' id='word_1_122' title='bbox 505 1943 564 1993; x_wconf 91' lang='lat' dir='ltr'><strong>nat.</strong></span> <span class='ocrx_word' id='word_1_123' title='bbox 582 1941 655 1992; x_wconf 89' lang='lat' dir='ltr'><strong>deor.</strong></span> <span class='ocrx_word' id='word_1_124' title='bbox 668 1939 707 2004; x_wconf 90' lang='grc' dir='ltr'>ΙΙ,</span> 
     </span>
    </p>
   </div>
   <div class='ocr_carea' id='block_1_5' title="bbox 165 2009 372 2077">
    <p class='ocr_par' dir='ltr' id='par_1_5' title="bbox 165 2009 372 2077">
     <span class='ocr_line' id='line_1_22' title="bbox 165 2009 372 2077; baseline 0 -15"><span class='ocrx_word' id='word_1_125' title='bbox 165 2011 208 2063; x_wconf 83' lang='grc'><strong>31.</strong></span> <span class='ocrx_word' id='word_1_126' title='bbox 228 2025 291 2077; x_wconf 78' lang='lat' dir='ltr'><strong>pag.</strong></span> <span class='ocrx_word' id='word_1_127' title='bbox 311 2009 372 2062; x_wconf 77' lang='lat'><strong>347.</strong></span> 
     </span>
    </p>
   </div>
   <div class='ocr_carea' id='block_1_6' title="bbox 365 2183 505 2236">
    <p class='ocr_par' dir='ltr' id='par_1_6' title="bbox 365 2183 505 2236">
     <span class='ocr_line' id='line_1_23' title="bbox 365 2183 505 2236; baseline -0.014 0"><span class='ocrx_word' id='word_1_128' title='bbox 365 2183 430 2236; x_wconf 78' lang='lat' dir='ltr'><strong>Car.</strong></span> <span class='ocrx_word' id='word_1_129' title='bbox 448 2183 505 2235; x_wconf 83' lang='lat' dir='ltr'><strong>CX.</strong></span> 
     </span>
    </p>
   </div>
   <div class='ocr_carea' id='block_1_7' title="bbox 160 2273 706 4448">
    <p class='ocr_par' dir='ltr' id='par_1_7' title="bbox 160 2273 706 4448">
     <span class='ocr_line' id='line_1_24' title="bbox 199 2273 705 2352; baseline -0.008 -14"><span class='ocrx_word' id='word_1_130' title='bbox 199 2273 285 2346; x_wconf 71' lang='grc' dir='ltr'><strong><em>οὗτος</em></strong></span> <span class='ocrx_word' id='word_1_131' title='bbox 308 2286 416 2352; x_wconf 84' lang='grc' dir='ltr'><strong><em>μοῦνος</em></strong></span> <span class='ocrx_word' id='word_1_132' title='bbox 434 2278 589 2352; x_wconf 76' lang='grc' dir='ltr'><strong><em>Αἰγύπτιος</em></strong></span> <span class='ocrx_word' id='word_1_133' title='bbox 606 2280 705 2334; x_wconf 75' lang='grc' dir='ltr'><strong><em>Αἰθιο-</em></strong></span> 
     </span>
     <span class='ocr_line' id='line_1_25' title="bbox 165 2345 705 2426; baseline -0.007 -18"><span class='ocrx_word' id='word_1_134' title='bbox 165 2358 233 2423; x_wconf 82' lang='grc' dir='ltr'><strong><em>πίης</em></strong></span> <span class='ocrx_word' id='word_1_135' title='bbox 251 2345 329 2426; x_wconf 71' lang='grc' dir='ltr'><strong>ἦρξε]</strong></span> <span class='ocrx_word' id='word_1_136' title='bbox 347 2358 442 2410; x_wconf 79' lang='lat' dir='ltr'><strong>Refert</strong></span> <span class='ocrx_word' id='word_1_137' title='bbox 453 2372 559 2423; x_wconf 85' lang='lat' dir='ltr'><strong>qnoque</strong></span> <span class='ocrx_word' id='word_1_138' title='bbox 569 2355 705 2406; x_wconf 86' lang='lat' dir='ltr'><strong>Diodorue</strong></span> 
     </span>
     <span class='ocr_line' id='line_1_26' title="bbox 165 2425 705 2494; baseline -0.007 -15"><span class='ocrx_word' id='word_1_139' title='bbox 165 2430 192 2490; x_wconf 87' lang='lat'><strong>1,</strong></span> <span class='ocrx_word' id='word_1_140' title='bbox 212 2429 260 2492; x_wconf 78' lang='lat'><strong>55,</strong></span> <span class='ocrx_word' id='word_1_141' title='bbox 285 2430 399 2494; x_wconf 88' lang='lat' dir='ltr'><strong>primam</strong></span> <span class='ocrx_word' id='word_1_142' title='bbox 416 2429 488 2494; x_wconf 83' lang='lat' dir='ltr'><strong>regie</strong></span> <span class='ocrx_word' id='word_1_143' title='bbox 508 2425 705 2492; x_wconf 81' lang='lat' dir='ltr'><strong>expeditionem</strong></span> 
     </span>
     <span class='ocr_line' id='line_1_27' title="bbox 165 2494 706 2564; baseline -0.007 -15"><span class='ocrx_word' id='word_1_144' title='bbox 165 2499 250 2549; x_wconf 72' lang='lat' dir='ltr'><strong>fuisse</strong></span> <span class='ocrx_word' id='word_1_145' title='bbox 270 2499 299 2548; x_wconf 89' lang='lat' dir='ltr'><strong>in</strong></span> <span class='ocrx_word' id='word_1_146' title='bbox 317 2499 479 2564; x_wconf 75' lang='lat' dir='ltr'><strong>Aethiopes,</strong></span> <span class='ocrx_word' id='word_1_147' title='bbox 503 2513 570 2564; x_wconf 86' lang='lat' dir='ltr'><strong>quoe</strong></span> <span class='ocrx_word' id='word_1_148' title='bbox 588 2494 706 2548; x_wconf 87' lang='lat' dir='ltr'><strong>debella-</strong></span> 
     </span>
     <span class='ocr_line' id='line_1_28' title="bbox 164 2568 703 2634; baseline -0.004 -16"><span class='ocrx_word' id='word_1_149' title='bbox 164 2573 208 2619; x_wconf 87' lang='lat' dir='ltr'><strong>toe</strong></span> <span class='ocrx_word' id='word_1_150' title='bbox 217 2568 252 2620; x_wconf 89' lang='lat' dir='ltr'><strong>ad</strong></span> <span class='ocrx_word' id='word_1_151' title='bbox 263 2569 383 2634; x_wconf 81' lang='lat' dir='ltr'><strong>vectigal</strong></span> <span class='ocrx_word' id='word_1_152' title='bbox 394 2569 563 2634; x_wconf 87' lang='lat' dir='ltr'><strong>pendendum</strong></span> <span class='ocrx_word' id='word_1_153' title='bbox 573 2568 703 2633; x_wconf 75' lang='lat' dir='ltr'><strong>coegerit.</strong></span> 
     </span>
     <span class='ocr_line' id='line_1_29' title="bbox 164 2638 704 2705; baseline -0.007 -15"><span class='ocrx_word' id='word_1_154' title='bbox 164 2639 221 2690; x_wconf 89' lang='lat' dir='ltr'><strong>Ubi·</strong></span> <span class='ocrx_word' id='word_1_155' title='bbox 234 2639 289 2688; x_wconf 88' lang='lat' dir='ltr'><strong>iam</strong></span> <span class='ocrx_word' id='word_1_156' title='bbox 308 2639 505 2705; x_wconf 78' lang='lat' dir='ltr'><strong>Weseelingine</strong></span> <span class='ocrx_word' id='word_1_157' title='bbox 524 2638 645 2689; x_wconf 74' lang='lat' dir='ltr'><strong>eiusdem</strong></span> <span class='ocrx_word' id='word_1_158' title='bbox 662 2653 704 2687; x_wconf 82' lang='lat' dir='ltr'><strong>ar·</strong></span> 
     </span>
     <span class='ocr_line' id='line_1_30' title="bbox 164 2707 704 2844; baseline -0.006 -15"><span class='ocrx_word' id='word_1_159' title='bbox 164 2707 704 2844; x_wconf 47' lang='lat' dir='ltr'><strong>araimstrezimir.</strong></span> 
     </span>
     <span class='ocr_line' id='line_1_31' title="bbox 165 2846 705 2912; baseline -0.002 -15"><span class='ocrx_word' id='word_1_160' title='bbox 165 2847 216 2910; x_wconf 87' lang='grc' dir='ltr'><strong>(ΙΙ.</strong></span> <span class='ocrx_word' id='word_1_161' title='bbox 233 2847 267 2896; x_wconf 82' lang='grc' dir='ltr'><strong>Ν.</strong></span> <span class='ocrx_word' id='word_1_162' title='bbox 285 2848 333 2908; x_wconf 80' lang='grc' dir='ltr'>ΙΙΙ,</span> <span class='ocrx_word' id='word_1_163' title='bbox 352 2847 395 2910; x_wconf 76' lang='lat'><strong>¹29,</strong></span> <span class='ocrx_word' id='word_1_164' title='bbox 413 2847 459 2912; x_wconf 77' lang='lat'><strong>³5)</strong></span> <span class='ocrx_word' id='word_1_165' title='bbox 478 2847 621 2898; x_wconf 81' lang='lat' dir='ltr'><strong>indicavit.</strong></span> <span class='ocrx_word' id='word_1_166' title='bbox 657 2846 705 2896; x_wconf 87' lang='lat' dir='ltr'><strong>At·</strong></span> 
     </span>
     <span class='ocr_line' id='line_1_32' title="bbox 164 2915 704 2981; baseline 0.002 -17"><span class='ocrx_word' id='word_1_167' title='bbox 164 2929 217 2981; x_wconf 82' lang='lat' dir='ltr'><strong>que</strong></span> <span class='ocrx_word' id='word_1_168' title='bbox 238 2916 383 2966; x_wconf 78' lang='lat' dir='ltr'><strong>etiamnum</strong></span> <span class='ocrx_word' id='word_1_169' title='bbox 406 2917 434 2966; x_wconf 95' lang='lat' dir='ltr'><strong>in</strong></span> <span class='ocrx_word' id='word_1_170' title='bbox 455 2915 615 2980; x_wconf 72' lang='lat' dir='ltr'><strong>anaglyphis</strong></span> <span class='ocrx_word' id='word_1_171' title='bbox 638 2917 704 2965; x_wconf 90' lang='lat' dir='ltr'><strong>tem-</strong></span> 
     </span>
     <span class='ocr_line' id='line_1_33' title="bbox 163 2983 704 3051; baseline 0 -17"><span class='ocrx_word' id='word_1_172' title='bbox 163 2983 268 3048; x_wconf 88' lang='lat' dir='ltr'><strong>plorum</strong></span> <span class='ocrx_word' id='word_1_173' title='bbox 293 2985 518 3051; x_wconf 73' lang='lat' dir='ltr'><strong>amplissimorum</strong></span> <span class='ocrx_word' id='word_1_174' title='bbox 545 2985 651 3034; x_wconf 85' lang='lat' dir='ltr'><strong>Nnbiae</strong></span> <span class='ocrx_word' id='word_1_175' title='bbox 676 2989 704 3035; x_wconf 91' lang='lat' dir='ltr'><strong>et</strong></span> 
     </span>
     <span class='ocr_line' id='line_1_34' title="bbox 164 3053 705 3120; baseline -0.002 -18"><span class='ocrx_word' id='word_1_176' title='bbox 164 3069 262 3104; x_wconf 89' lang='lat' dir='ltr'><strong>nomen</strong></span> <span class='ocrx_word' id='word_1_177' title='bbox 279 3054 351 3120; x_wconf 84' lang='lat' dir='ltr'><strong>regie</strong></span> <span class='ocrx_word' id='word_1_178' title='bbox 368 3055 484 3105; x_wconf 87' lang='lat' dir='ltr'><strong>inveniri</strong></span> <span class='ocrx_word' id='word_1_179' title='bbox 505 3053 601 3105; x_wconf 86' lang='lat' dir='ltr'><strong>volunt</strong></span> <span class='ocrx_word' id='word_1_180' title='bbox 619 3057 647 3103; x_wconf 86' lang='lat' dir='ltr'><strong>et</strong></span> <span class='ocrx_word' id='word_1_181' title='bbox 665 3053 705 3118; x_wconf 86' lang='lat' dir='ltr'><strong>ip-</strong></span> 
     </span>
     <span class='ocr_line' id='line_1_35' title="bbox 165 3123 704 3189; baseline 0.004 -17"><span class='ocrx_word' id='word_1_182' title='bbox 165 3139 211 3173; x_wconf 81' lang='lat' dir='ltr'><strong>rae</strong></span> <span class='ocrx_word' id='word_1_183' title='bbox 237 3123 295 3174; x_wconf 84' lang='lat' dir='ltr'><strong>eiua</strong></span> <span class='ocrx_word' id='word_1_184' title='bbox 326 3139 369 3174; x_wconf 84' lang='lat' dir='ltr'><strong>ree</strong></span> <span class='ocrx_word' id='word_1_185' title='bbox 394 3127 612 3189; x_wconf 80' lang='lat' dir='ltr'><strong>repraesentatae</strong></span> <span class='ocrx_word' id='word_1_186' title='bbox 642 3137 704 3174; x_wconf 89' lang='lat' dir='ltr'><strong>oon-</strong></span> 
     </span>
     <span class='ocr_line' id='line_1_36' title="bbox 166 3191 703 3258; baseline 0 -17"><span class='ocrx_word' id='word_1_187' title='bbox 166 3191 248 3258; x_wconf 82' lang='lat' dir='ltr'><strong>rpiei,</strong></span> <span class='ocrx_word' id='word_1_188' title='bbox 267 3207 371 3258; x_wconf 77' lang='lat' dir='ltr'><strong>pugnae</strong></span> <span class='ocrx_word' id='word_1_189' title='bbox 384 3194 442 3246; x_wconf 79' lang='lat' dir='ltr'><strong>soil.</strong></span> <span class='ocrx_word' id='word_1_190' title='bbox 454 3209 515 3244; x_wconf 87' lang='lat' dir='ltr'><strong>eum</strong></span> <span class='ocrx_word' id='word_1_191' title='bbox 527 3191 703 3257; x_wconf 76' lang='lat' dir='ltr'><strong>Aethiopibus</strong></span> 
     </span>
     <span class='ocr_line' id='line_1_37' title="bbox 165 3262 705 3317; baseline -0.002 -3"><span class='ocrx_word' id='word_1_192' title='bbox 165 3263 322 3314; x_wconf 75' lang='lat' dir='ltr'><strong>commissae</strong></span> <span class='ocrx_word' id='word_1_193' title='bbox 339 3267 366 3313; x_wconf 88' lang='lat' dir='ltr'><strong>et</strong></span> <span class='ocrx_word' id='word_1_194' title='bbox 384 3263 560 3317; x_wconf 75' lang='lat' dir='ltr'><strong>victoriando</strong></span> <span class='ocrx_word' id='word_1_195' title='bbox 573 3262 648 3313; x_wconf 84' lang='lat' dir='ltr'><strong>hisee</strong></span> <span class='ocrx_word' id='word_1_196' title='bbox 664 3279 705 3313; x_wconf 91' lang='lat' dir='ltr'><strong>re-</strong></span> 
     </span>
     <span class='ocr_line' id='line_1_38' title="bbox 164 3333 703 3399; baseline 0.002 -17"><span class='ocrx_word' id='word_1_197' title='bbox 164 3336 301 3398; x_wconf 85' lang='lat' dir='ltr'><strong>portatae,</strong></span> <span class='ocrx_word' id='word_1_198' title='bbox 328 3333 477 3399; x_wconf 76' lang='lat' dir='ltr'><strong>triumphos</strong></span> <span class='ocrx_word' id='word_1_199' title='bbox 501 3333 628 3395; x_wconf 80' lang='lat' dir='ltr'><strong>victoria,</strong></span> <span class='ocrx_word' id='word_1_200' title='bbox 660 3334 703 3383; x_wconf 84' lang='lat' dir='ltr'><strong>eni</strong></span> 
     </span>
     <span class='ocr_line' id='line_1_39' title="bbox 165 3402 703 3468; baseline 0.002 -16"><span class='ocrx_word' id='word_1_201' title='bbox 165 3402 267 3453; x_wconf 88' lang='lat' dir='ltr'><strong>tributa</strong></span> <span class='ocrx_word' id='word_1_202' title='bbox 285 3417 302 3451; x_wconf 87' lang='lat' dir='ltr'><strong>a</strong></span> <span class='ocrx_word' id='word_1_203' title='bbox 320 3403 400 3453; x_wconf 79' lang='lat' dir='ltr'><strong>vietis</strong></span> <span class='ocrx_word' id='word_1_204' title='bbox 420 3403 609 3468; x_wconf 85' lang='lat' dir='ltr'><strong>praebeantur.</strong></span> <span class='ocrx_word' id='word_1_205' title='bbox 644 3403 703 3454; x_wconf 80' lang='lat' dir='ltr'><strong>Sin·</strong></span> 
     </span>
     <span class='ocr_line' id='line_1_40' title="bbox 165 3471 702 3538; baseline 0.004 -16"><span class='ocrx_word' id='word_1_206' title='bbox 165 3472 229 3538; x_wconf 74' lang='lat' dir='ltr'><strong>gula</strong></span> <span class='ocrx_word' id='word_1_207' title='bbox 248 3472 360 3537; x_wconf 87' lang='lat' dir='ltr'><strong>protulit</strong></span> <span class='ocrx_word' id='word_1_208' title='bbox 378 3475 493 3524; x_wconf 81' lang='lat' dir='ltr'><strong>Haeren.</strong></span> <span class='ocrx_word' id='word_1_209' title='bbox 514 3471 598 3522; x_wconf 89' lang='lat' dir='ltr'><strong>Ideen</strong></span> <span class='ocrx_word' id='word_1_210' title='bbox 615 3471 657 3532; x_wconf 97' lang='grc' dir='ltr'>ΙΙ,</span> <span class='ocrx_word' id='word_1_211' title='bbox 676 3475 702 3524; x_wconf 76' lang='grc'><strong>2.</strong></span> 
     </span>
     <span class='ocr_line' id='line_1_41' title="bbox 164 3541 703 3609; baseline 0.002 -17"><span class='ocrx_word' id='word_1_212' title='bbox 164 3558 227 3609; x_wconf 82' lang='lat' dir='ltr'><strong>pag.</strong></span> <span class='ocrx_word' id='word_1_213' title='bbox 242 3542 302 3595; x_wconf 82' lang='lat'><strong>³18.</strong></span> <span class='ocrx_word' id='word_1_214' title='bbox 313 3542 373 3606; x_wconf 84' lang='lat'><strong>³20,</strong></span> <span class='ocrx_word' id='word_1_215' title='bbox 392 3543 438 3608; x_wconf 88' lang='lat' dir='ltr'><strong>qui</strong></span> <span class='ocrx_word' id='word_1_216' title='bbox 451 3542 502 3592; x_wconf 88' lang='lat' dir='ltr'><strong>hoo</strong></span> <span class='ocrx_word' id='word_1_217' title='bbox 516 3543 599 3593; x_wconf 87' lang='lat' dir='ltr'><strong>etiam</strong></span> <span class='ocrx_word' id='word_1_218' title='bbox 616 3541 703 3606; x_wconf 84' lang='lat' dir='ltr'><strong>addit,</strong></span> 
     </span>
     <span class='ocr_line' id='line_1_42' title="bbox 164 3611 703 3678; baseline 0.002 -16"><span class='ocrx_word' id='word_1_219' title='bbox 164 3629 218 3662; x_wconf 87' lang='lat' dir='ltr'><strong>non</strong></span> <span class='ocrx_word' id='word_1_220' title='bbox 243 3616 348 3678; x_wconf 87' lang='lat' dir='ltr'><strong>partem</strong></span> <span class='ocrx_word' id='word_1_221' title='bbox 374 3611 508 3678; x_wconf 87' lang='lat' dir='ltr'><strong>quandam</strong></span> <span class='ocrx_word' id='word_1_222' title='bbox 533 3611 703 3677; x_wconf 82' lang='lat' dir='ltr'><strong>Aethiopiae,</strong></span> 
     </span>
     <span class='ocr_line' id='line_1_43' title="bbox 164 3682 704 3746; baseline -0.002 -13"><span class='ocrx_word' id='word_1_223' title='bbox 164 3682 212 3733; x_wconf 83' lang='lat' dir='ltr'><strong>aed</strong></span> <span class='ocrx_word' id='word_1_224' title='bbox 230 3697 334 3733; x_wconf 87' lang='lat' dir='ltr'><strong>omnem</strong></span> <span class='ocrx_word' id='word_1_225' title='bbox 352 3687 451 3733; x_wconf 89' lang='lat' dir='ltr'><strong>terram</strong></span> <span class='ocrx_word' id='word_1_226' title='bbox 469 3682 551 3732; x_wconf 77' lang='lat' dir='ltr'><strong>armis</strong></span> <span class='ocrx_word' id='word_1_227' title='bbox 568 3695 704 3746; x_wconf 79' lang='lat' dir='ltr'><strong>expugna-</strong></span> 
     </span>
     <span class='ocr_line' id='line_1_44' title="bbox 164 3751 701 3815; baseline -0.004 -11"><span class='ocrx_word' id='word_1_228' title='bbox 164 3758 220 3804; x_wconf 89' lang='lat' dir='ltr'><strong>tam</strong></span> <span class='ocrx_word' id='word_1_229' title='bbox 238 3753 332 3804; x_wconf 81' lang='lat' dir='ltr'><strong>fuisse.</strong></span> <span class='ocrx_word' id='word_1_230' title='bbox 356 3753 498 3804; x_wconf 86' lang='lat' dir='ltr'><strong>Pertinent</strong></span> <span class='ocrx_word' id='word_1_231' title='bbox 515 3751 701 3815; x_wconf 88' lang='lat' dir='ltr'><strong>hueinprimia</strong></span> 
     </span>
     <span class='ocr_line' id='line_1_45' title="bbox 163 3821 704 3888; baseline -0.004 -14"><span class='ocrx_word' id='word_1_232' title='bbox 163 3838 196 3874; x_wconf 88' lang='lat' dir='ltr'><strong>ea</strong></span> <span class='ocrx_word' id='word_1_233' title='bbox 219 3827 404 3884; x_wconf 87' lang='lat' dir='ltr'><strong>monumenta,</strong></span> <span class='ocrx_word' id='word_1_234' title='bbox 434 3837 504 3888; x_wconf 89' lang='lat' dir='ltr'><strong>quae</strong></span> <span class='ocrx_word' id='word_1_235' title='bbox 530 3821 704 3872; x_wconf 83' lang='lat' dir='ltr'><strong>inveniuntur</strong></span> 
     </span>
     <span class='ocr_line' id='line_1_46' title="bbox 162 3891 702 3956; baseline -0.002 -14"><span class='ocrx_word' id='word_1_236' title='bbox 162 3891 223 3944; x_wconf 89' lang='lat' dir='ltr'><strong>loeo</strong></span> <span class='ocrx_word' id='word_1_237' title='bbox 243 3907 284 3956; x_wconf 89' lang='lat' dir='ltr'><strong>eo,</strong></span> <span class='ocrx_word' id='word_1_238' title='bbox 302 3893 347 3943; x_wconf 86' lang='lat' dir='ltr'><strong>eui</strong></span> <span class='ocrx_word' id='word_1_239' title='bbox 363 3907 435 3943; x_wconf 87' lang='lat' dir='ltr'><strong>nuno</strong></span> <span class='ocrx_word' id='word_1_240' title='bbox 445 3907 540 3942; x_wconf 85' lang='lat' dir='ltr'><strong>nomen</strong></span> <span class='ocrx_word' id='word_1_241' title='bbox 553 3891 702 3954; x_wconf 85' lang='lat' dir='ltr'><strong>lbaambui,</strong></span> 
     </span>
     <span class='ocr_line' id='line_1_47' title="bbox 163 3960 703 4027; baseline -0.004 -14"><span class='ocrx_word' id='word_1_242' title='bbox 163 3967 290 4013; x_wconf 84' lang='lat' dir='ltr'><strong>eeourate</strong></span> <span class='ocrx_word' id='word_1_243' title='bbox 312 3962 448 4027; x_wconf 81' lang='lat' dir='ltr'><strong>deeoripta</strong></span> <span class='ocrx_word' id='word_1_244' title='bbox 478 3965 506 4012; x_wconf 89' lang='lat' dir='ltr'><strong>et</strong></span> <span class='ocrx_word' id='word_1_245' title='bbox 527 3960 665 4012; x_wconf 72' lang='lat' dir='ltr'><strong>illustrata</strong></span> <span class='ocrx_word' id='word_1_246' title='bbox 686 3977 703 4011; x_wconf 85' lang='lat' dir='ltr'><strong>a</strong></span> 
     </span>
     <span class='ocr_line' id='line_1_48' title="bbox 162 4030 702 4096; baseline 0 -14"><span class='ocrx_word' id='word_1_247' title='bbox 162 4031 293 4082; x_wconf 80' lang='lat' dir='ltr'><strong>ltoeeilin.</strong></span> <span class='ocrx_word' id='word_1_248' title='bbox 311 4033 386 4084; x_wconf 82' lang='lat' dir='ltr'><strong>Mon.</strong></span> <span class='ocrx_word' id='word_1_249' title='bbox 406 4037 473 4082; x_wconf 84' lang='lat' dir='ltr'><strong>ator.</strong></span> <span class='ocrx_word' id='word_1_250' title='bbox 494 4031 553 4092; x_wconf 87' lang='lat'><strong>111,</strong></span> <span class='ocrx_word' id='word_1_251' title='bbox 570 4035 594 4082; x_wconf 76' lang='lat'><strong>2.</strong></span> <span class='ocrx_word' id='word_1_252' title='bbox 621 4046 649 4096; x_wconf 93' lang='lat' dir='ltr'><strong>p.</strong></span> <span class='ocrx_word' id='word_1_253' title='bbox 668 4030 702 4082; x_wconf 76' lang='lat'><strong>85</strong></span> 
     </span>
     <span class='ocr_line' id='line_1_49' title="bbox 162 4101 703 4236; baseline 0.004 -18"><span class='ocrx_word' id='word_1_254' title='bbox 162 4101 305 4220; x_wconf 59' lang='lat' dir='ltr'><strong>:trini</strong></span> <span class='ocrx_word' id='word_1_255' title='bbox 319 4101 703 4236; x_wconf 67' lang='lat' dir='ltr'><strong>itit.tti‘:¹’itrit²:i</strong></span> 
     </span>
     <span class='ocr_line' id='line_1_50' title="bbox 162 4240 701 4376; baseline -0.007 -20"><span class='ocrx_word' id='word_1_256' title='bbox 162 4253 261 4357; x_wconf 69' lang='lat' dir='ltr'><strong>itti:</strong></span> <span class='ocrx_word' id='word_1_257' title='bbox 273 4240 701 4376; x_wconf 55' lang='lat' dir='ltr'><strong>attinet.titteris:</strong></span> 
     </span>
     <span class='ocr_line' id='line_1_51' title="bbox 160 4373 701 4448; baseline 0.006 -18"><span class='ocrx_word' id='word_1_258' title='bbox 160 4373 327 4446; x_wconf 77' lang='lat' dir='ltr'><strong>rogtyphieie</strong></span> <span class='ocrx_word' id='word_1_259' title='bbox 351 4383 379 4434; x_wconf 81' lang='lat' dir='ltr'><strong>et</strong></span> <span class='ocrx_word' id='word_1_260' title='bbox 395 4393 492 4430; x_wconf 87' lang='lat' dir='ltr'><strong>nomen</strong></span> <span class='ocrx_word' id='word_1_261' title='bbox 509 4380 581 4448; x_wconf 73' lang='lat' dir='ltr'><strong>regia</strong></span> <span class='ocrx_word' id='word_1_262' title='bbox 601 4383 629 4430; x_wconf 86' lang='lat' dir='ltr'><strong>et</strong></span> <span class='ocrx_word' id='word_1_263' title='bbox 643 4377 701 4432; x_wconf 83' lang='lat' dir='ltr'><strong>lau·</strong></span> 
     </span>
    </p>
   </div>
   <div class='ocr_carea' id='block_1_8' title="bbox 750 885 1298 4448">
    <p class='ocr_par' dir='ltr' id='par_1_8' title="bbox 750 885 1298 4448">
     <span class='ocr_line' id='line_1_52' title="bbox 756 885 1297 952; baseline -0.006 -10"><span class='ocrx_word' id='word_1_264' title='bbox 756 891 803 943; x_wconf 84' lang='lat' dir='ltr'><strong>dee</strong></span> <span class='ocrx_word' id='word_1_265' title='bbox 822 892 880 944; x_wconf 83' lang='lat' dir='ltr'><strong>eiua</strong></span> <span class='ocrx_word' id='word_1_266' title='bbox 898 891 1032 950; x_wconf 84' lang='lat' dir='ltr'><strong>eontinet;</strong></span> <span class='ocrx_word' id='word_1_267' title='bbox 1056 889 1093 940; x_wconf 80' lang='lat' dir='ltr'><strong>es.</strong></span> <span class='ocrx_word' id='word_1_268' title='bbox 1111 885 1177 938; x_wconf 89' lang='lat' dir='ltr'><strong>ibid.</strong></span> <span class='ocrx_word' id='word_1_269' title='bbox 1201 903 1229 952; x_wconf 93' lang='lat' dir='ltr'><strong>p.</strong></span> <span class='ocrx_word' id='word_1_270' title='bbox 1248 887 1297 939; x_wconf 80' lang='grc'><strong>111</strong></span> 
     </span>
     <span class='ocr_line' id='line_1_53' title="bbox 755 956 1298 1028; baseline -0.011 -16"><span class='ocrx_word' id='word_1_271' title='bbox 755 978 813 1028; x_wconf 80' lang='lat' dir='ltr'><strong>seq.</strong></span> <span class='ocrx_word' id='word_1_272' title='bbox 839 961 889 1012; x_wconf 84' lang='grc'><strong>178</strong></span> <span class='ocrx_word' id='word_1_273' title='bbox 911 976 986 1026; x_wconf 89' lang='lat' dir='ltr'><strong>eeqq.</strong></span> <span class='ocrx_word' id='word_1_274' title='bbox 1022 960 1080 1010; x_wconf 88' lang='lat' dir='ltr'><strong>Neo</strong></span> <span class='ocrx_word' id='word_1_275' title='bbox 1104 957 1189 1007; x_wconf 87' lang='lat' dir='ltr'><strong>mirae</strong></span> <span class='ocrx_word' id='word_1_276' title='bbox 1210 956 1298 1007; x_wconf 88' lang='lat' dir='ltr'><strong>videri</strong></span> 
     </span>
     <span class='ocr_line' id='line_1_54' title="bbox 755 1027 1297 1096; baseline -0.009 -14"><span class='ocrx_word' id='word_1_277' title='bbox 755 1031 855 1082; x_wconf 89' lang='lat' dir='ltr'><strong>dehent</strong></span> <span class='ocrx_word' id='word_1_278' title='bbox 874 1031 1068 1096; x_wconf 77' lang='lat' dir='ltr'><strong>Aegyptiorum</strong></span> <span class='ocrx_word' id='word_1_279' title='bbox 1092 1042 1185 1090; x_wconf 72' lang='lat' dir='ltr'><strong>regum</strong></span> <span class='ocrx_word' id='word_1_280' title='bbox 1208 1027 1297 1078; x_wconf 89' lang='lat' dir='ltr'><strong>ineur-</strong></span> 
     </span>
     <span class='ocr_line' id='line_1_55' title="bbox 755 1097 1297 1164; baseline -0.009 -11"><span class='ocrx_word' id='word_1_281' title='bbox 755 1103 846 1154; x_wconf 87' lang='lat' dir='ltr'><strong>aionee</strong></span> <span class='ocrx_word' id='word_1_282' title='bbox 864 1101 893 1152; x_wconf 84' lang='lat' dir='ltr'><strong>in</strong></span> <span class='ocrx_word' id='word_1_283' title='bbox 910 1100 1096 1164; x_wconf 77' lang='lat' dir='ltr'><strong>Aethiopiam,</strong></span> <span class='ocrx_word' id='word_1_284' title='bbox 1116 1113 1177 1147; x_wconf 86' lang='lat' dir='ltr'><strong>eum</strong></span> <span class='ocrx_word' id='word_1_285' title='bbox 1195 1097 1239 1148; x_wconf 86' lang='lat' dir='ltr'><strong>vel</strong></span> <span class='ocrx_word' id='word_1_286' title='bbox 1257 1113 1297 1148; x_wconf 91' lang='lat' dir='ltr'><strong>re-</strong></span> 
     </span>
     <span class='ocr_line' id='line_1_56' title="bbox 756 1167 1296 1222; baseline -0.007 0"><span class='ocrx_word' id='word_1_287' title='bbox 756 1171 870 1222; x_wconf 83' lang='lat' dir='ltr'><strong>centiori</strong></span> <span class='ocrx_word' id='word_1_288' title='bbox 893 1175 985 1222; x_wconf 84' lang='lat' dir='ltr'><strong>aetate</strong></span> <span class='ocrx_word' id='word_1_289' title='bbox 1003 1169 1073 1219; x_wconf 90' lang='lat' dir='ltr'><strong>idem</strong></span> <span class='ocrx_word' id='word_1_290' title='bbox 1098 1167 1199 1217; x_wconf 85' lang='lat' dir='ltr'><strong>t&#39;aoturn</strong></span> <span class='ocrx_word' id='word_1_291' title='bbox 1223 1167 1259 1218; x_wconf 85' lang='lat' dir='ltr'><strong>ait</strong></span> <span class='ocrx_word' id='word_1_292' title='bbox 1278 1183 1296 1218; x_wconf 88' lang='lat' dir='ltr'><strong>a</strong></span> 
     </span>
     <span class='ocr_line' id='line_1_57' title="bbox 755 1236 1296 1306; baseline -0.007 -14"><span class='ocrx_word' id='word_1_293' title='bbox 755 1241 858 1292; x_wconf 82' lang='lat' dir='ltr'><strong>vicario</strong></span> <span class='ocrx_word' id='word_1_294' title='bbox 877 1240 994 1306; x_wconf 78' lang='lat' dir='ltr'><strong>Aegypti</strong></span> <span class='ocrx_word' id='word_1_295' title='bbox 1016 1253 1093 1303; x_wconf 79' lang='lat' dir='ltr'><strong>rege,</strong></span> <span class='ocrx_word' id='word_1_296' title='bbox 1123 1237 1184 1302; x_wconf 88' lang='lat' dir='ltr'><strong>qui,</strong></span> <span class='ocrx_word' id='word_1_297' title='bbox 1209 1236 1296 1302; x_wconf 86' lang='lat' dir='ltr'><strong>ipeiue</strong></span> 
     </span>
     <span class='ocr_line' id='line_1_58' title="bbox 756 1305 1296 1378; baseline -0.011 -15"><span class='ocrx_word' id='word_1_298' title='bbox 756 1311 874 1378; x_wconf 78' lang='lat' dir='ltr'><strong>Aegypti</strong></span> <span class='ocrx_word' id='word_1_299' title='bbox 899 1311 1012 1376; x_wconf 88' lang='lat' dir='ltr'><strong>imperio</strong></span> <span class='ocrx_word' id='word_1_300' title='bbox 1035 1308 1103 1360; x_wconf 80' lang='lat' dir='ltr'><strong>eutis</strong></span> <span class='ocrx_word' id='word_1_301' title='bbox 1128 1305 1296 1371; x_wconf 77' lang='lat' dir='ltr'><strong>confirmato,</strong></span> 
     </span>
     <span class='ocr_line' id='line_1_59' title="bbox 756 1376 1297 1442; baseline -0.009 -11"><span class='ocrx_word' id='word_1_302' title='bbox 756 1383 849 1432; x_wconf 84' lang='lat' dir='ltr'><strong>atatim</strong></span> <span class='ocrx_word' id='word_1_303' title='bbox 866 1379 951 1430; x_wconf 86' lang='lat' dir='ltr'><strong>filium</strong></span> <span class='ocrx_word' id='word_1_304' title='bbox 969 1395 1047 1430; x_wconf 85' lang='lat' dir='ltr'><strong>auum</strong></span> <span class='ocrx_word' id='word_1_305' title='bbox 1064 1391 1125 1429; x_wconf 84' lang='lat' dir='ltr'><strong>eum</strong></span> <span class='ocrx_word' id='word_1_306' title='bbox 1143 1376 1229 1442; x_wconf 87' lang='lat' dir='ltr'><strong>eopiie</strong></span> <span class='ocrx_word' id='word_1_307' title='bbox 1246 1377 1297 1426; x_wconf 87' lang='lat' dir='ltr'><strong>Ae·</strong></span> 
     </span>
     <span class='ocr_line' id='line_1_60' title="bbox 755 1448 1297 1516; baseline -0.011 -14"><span class='ocrx_word' id='word_1_308' title='bbox 755 1451 887 1516; x_wconf 90' lang='lat' dir='ltr'><strong>thiopiam</strong></span> <span class='ocrx_word' id='word_1_309' title='bbox 896 1465 990 1501; x_wconf 83' lang='lat' dir='ltr'><strong>verene</strong></span> <span class='ocrx_word' id='word_1_310' title='bbox 1004 1448 1086 1509; x_wconf 88' lang='lat' dir='ltr'><strong>mieit,</strong></span> <span class='ocrx_word' id='word_1_311' title='bbox 1104 1461 1158 1511; x_wconf 86' lang='lat' dir='ltr'><strong>quo</strong></span> <span class='ocrx_word' id='word_1_312' title='bbox 1171 1462 1230 1497; x_wconf 88' lang='lat' dir='ltr'><strong>earn</strong></span> <span class='ocrx_word' id='word_1_313' title='bbox 1244 1449 1297 1496; x_wconf 90' lang='lat' dir='ltr'><strong>ter-</strong></span> 
     </span>
     <span class='ocr_line' id='line_1_61' title="bbox 756 1515 1296 1572; baseline -0.004 -1"><span class='ocrx_word' id='word_1_314' title='bbox 756 1537 814 1571; x_wconf 85' lang='lat' dir='ltr'><strong>ram</strong></span> <span class='ocrx_word' id='word_1_315' title='bbox 832 1520 928 1572; x_wconf 88' lang='lat' dir='ltr'><strong>ditioni</strong></span> <span class='ocrx_word' id='word_1_316' title='bbox 951 1535 1017 1570; x_wconf 82' lang='lat' dir='ltr'><strong>auae</strong></span> <span class='ocrx_word' id='word_1_317' title='bbox 1041 1517 1181 1568; x_wconf 77' lang='lat' dir='ltr'><strong>adiiceret.</strong></span> <span class='ocrx_word' id='word_1_318' title='bbox 1217 1515 1296 1569; x_wconf 76' lang='lat' dir='ltr'><strong>cont.</strong></span> 
     </span>
     <span class='ocr_line' id='line_1_62' title="bbox 756 1586 1243 1653; baseline -0.006 -11"><span class='ocrx_word' id='word_1_319' title='bbox 756 1593 874 1642; x_wconf 81' lang='lat' dir='ltr'><strong>Haeren.</strong></span> <span class='ocrx_word' id='word_1_320' title='bbox 892 1589 911 1640; x_wconf 95' lang='grc'><strong>1.</strong></span> <span class='ocrx_word' id='word_1_321' title='bbox 930 1588 948 1639; x_wconf 93' lang='lat' dir='ltr'><strong>l.</strong></span> <span class='ocrx_word' id='word_1_322' title='bbox 967 1589 1006 1648; x_wconf 88' lang='grc' dir='ltr'><strong>ΙΙ,</strong></span> <span class='ocrx_word' id='word_1_323' title='bbox 1026 1589 1050 1641; x_wconf 93' lang='lat' dir='ltr'><strong>l.</strong></span> <span class='ocrx_word' id='word_1_324' title='bbox 1069 1604 1096 1653; x_wconf 89' lang='lat' dir='ltr'><strong>p.</strong></span> <span class='ocrx_word' id='word_1_325' title='bbox 1114 1586 1166 1638; x_wconf 74' lang='lat'><strong>4³0</strong></span> <span class='ocrx_word' id='word_1_326' title='bbox 1184 1601 1243 1651; x_wconf 82' lang='lat' dir='ltr'><strong>aeq.</strong></span> 
     </span>
     <span class='ocr_line' id='line_1_63' title="bbox 792 1648 1297 1725; baseline -0.006 -16"><span class='ocrx_word' id='word_1_327' title='bbox 792 1651 960 1725; x_wconf 82' lang='grc' dir='ltr'><strong><em>μνημόσυνα</em></strong></span> <span class='ocrx_word' id='word_1_328' title='bbox 983 1653 1015 1708; x_wconf 72' lang='grc' dir='ltr'><strong>δὲ</strong></span> <span class='ocrx_word' id='word_1_329' title='bbox 1037 1648 1146 1707; x_wconf 68' lang='grc' dir='ltr'><strong><em>ἐλίπετο</em></strong></span> <span class='ocrx_word' id='word_1_330' title='bbox 1165 1648 1222 1718; x_wconf 78' lang='grc' dir='ltr'><strong>πρὸ</strong></span> <span class='ocrx_word' id='word_1_331' title='bbox 1244 1653 1297 1706; x_wconf 78' lang='grc' dir='ltr'><strong>τοῦ</strong></span> 
     </span>
     <span class='ocr_line' id='line_1_64' title="bbox 757 1727 1297 1796; baseline -0.009 -16"><span class='ocrx_word' id='word_1_332' title='bbox 757 1746 783 1780; x_wconf 87' lang='grc' dir='ltr'><strong>ιι.</strong></span> <span class='ocrx_word' id='word_1_333' title='bbox 800 1745 824 1779; x_wconf 84' lang='lat' dir='ltr'><strong>r.</strong></span> <span class='ocrx_word' id='word_1_334' title='bbox 843 1727 878 1796; x_wconf 90' lang='grc'><strong>1.]</strong></span> <span class='ocrx_word' id='word_1_335' title='bbox 896 1731 957 1780; x_wconf 87' lang='grc' dir='ltr'><strong>ΙΙοο</strong></span> <span class='ocrx_word' id='word_1_336' title='bbox 974 1729 1149 1789; x_wconf 72' lang='lat' dir='ltr'><strong>factumest,</strong></span> <span class='ocrx_word' id='word_1_337' title='bbox 1172 1731 1203 1777; x_wconf 87' lang='lat' dir='ltr'><strong>nt</strong></span> <span class='ocrx_word' id='word_1_338' title='bbox 1223 1727 1297 1792; x_wconf 87' lang='lat' dir='ltr'><strong>equi-</strong></span> 
     </span>
     <span class='ocr_line' id='line_1_65' title="bbox 758 1797 1297 1864; baseline -0.007 -14"><span class='ocrx_word' id='word_1_339' title='bbox 758 1800 818 1850; x_wconf 91' lang='lat' dir='ltr'><strong>dem</strong></span> <span class='ocrx_word' id='word_1_340' title='bbox 840 1801 976 1864; x_wconf 83' lang='lat' dir='ltr'><strong>euapioor,</strong></span> <span class='ocrx_word' id='word_1_341' title='bbox 998 1799 1027 1848; x_wconf 90' lang='lat' dir='ltr'><strong>iu</strong></span> <span class='ocrx_word' id='word_1_342' title='bbox 1049 1797 1204 1848; x_wconf 87' lang='lat' dir='ltr'><strong>memoriam</strong></span> <span class='ocrx_word' id='word_1_343' title='bbox 1228 1797 1297 1861; x_wconf 89' lang='lat' dir='ltr'><strong>peri·</strong></span> 
     </span>
     <span class='ocr_line' id='line_1_66' title="bbox 758 1867 1295 1935; baseline -0.007 -15"><span class='ocrx_word' id='word_1_344' title='bbox 758 1869 825 1932; x_wconf 84' lang='lat' dir='ltr'><strong>culi,</strong></span> <span class='ocrx_word' id='word_1_345' title='bbox 843 1869 915 1935; x_wconf 90' lang='lat' dir='ltr'><strong>quod</strong></span> <span class='ocrx_word' id='word_1_346' title='bbox 936 1883 982 1919; x_wconf 86' lang='lat' dir='ltr'><strong>rex</strong></span> <span class='ocrx_word' id='word_1_347' title='bbox 1000 1867 1147 1932; x_wconf 80' lang='lat' dir='ltr'><strong>effugerat,</strong></span> <span class='ocrx_word' id='word_1_348' title='bbox 1170 1867 1209 1927; x_wconf 89' lang='lat'><strong>11,</strong></span> <span class='ocrx_word' id='word_1_349' title='bbox 1234 1867 1295 1918; x_wconf 88' lang='grc'><strong>107.</strong></span> 
     </span>
     <span class='ocr_line' id='line_1_67' title="bbox 757 1937 1294 1999; baseline -0.007 -8"><span class='ocrx_word' id='word_1_350' title='bbox 757 1941 816 1991; x_wconf 83' lang='lat' dir='ltr'><strong>Nee</strong></span> <span class='ocrx_word' id='word_1_351' title='bbox 842 1938 923 1990; x_wconf 84' lang='lat' dir='ltr'><strong>aliter</strong></span> <span class='ocrx_word' id='word_1_352' title='bbox 949 1939 1033 1989; x_wconf 85' lang='lat' dir='ltr'><strong>refert</strong></span> <span class='ocrx_word' id='word_1_353' title='bbox 1063 1937 1175 1988; x_wconf 86' lang='lat' dir='ltr'><strong>Diodor.</strong></span> <span class='ocrx_word' id='word_1_354' title='bbox 1204 1937 1227 1999; x_wconf 94' lang='grc' dir='ltr'>Ι,</span> <span class='ocrx_word' id='word_1_355' title='bbox 1250 1938 1294 1988; x_wconf 83' lang='grc'><strong>57.</strong></span> 
     </span>
     <span class='ocr_line' id='line_1_68' title="bbox 757 2006 1296 2072; baseline -0.009 -11"><span class='ocrx_word' id='word_1_356' title='bbox 757 2011 820 2061; x_wconf 84' lang='grc' dir='ltr'><strong>Ηυο</strong></span> <span class='ocrx_word' id='word_1_357' title='bbox 837 2010 918 2060; x_wconf 87' lang='lat' dir='ltr'><strong>etiam</strong></span> <span class='ocrx_word' id='word_1_358' title='bbox 937 2008 1055 2060; x_wconf 74' lang='lat' dir='ltr'><strong>fortasse</strong></span> <span class='ocrx_word' id='word_1_359' title='bbox 1077 2007 1213 2072; x_wconf 87' lang='lat' dir='ltr'><strong>pertinent</strong></span> <span class='ocrx_word' id='word_1_360' title='bbox 1230 2006 1296 2072; x_wconf 88' lang='lat' dir='ltr'><strong>lapi-</strong></span> 
     </span>
     <span class='ocr_line' id='line_1_69' title="bbox 757 2076 1296 2146; baseline -0.004 -16"><span class='ocrx_word' id='word_1_361' title='bbox 757 2081 806 2132; x_wconf 85' lang='lat' dir='ltr'><strong>dea</strong></span> <span class='ocrx_word' id='word_1_362' title='bbox 824 2079 948 2146; x_wconf 74' lang='lat' dir='ltr'><strong>ingentes</strong></span> <span class='ocrx_word' id='word_1_363' title='bbox 970 2079 1006 2129; x_wconf 88' lang='lat' dir='ltr'><strong>ad</strong></span> <span class='ocrx_word' id='word_1_364' title='bbox 1029 2077 1145 2128; x_wconf 74' lang='lat' dir='ltr'><strong>Vulcani</strong></span> <span class='ocrx_word' id='word_1_365' title='bbox 1167 2076 1296 2142; x_wconf 84' lang='lat' dir='ltr'><strong>templum</strong></span> 
     </span>
     <span class='ocr_line' id='line_1_70' title="bbox 757 2146 1295 2213; baseline -0.007 -13"><span class='ocrx_word' id='word_1_366' title='bbox 757 2165 775 2200; x_wconf 88' lang='lat' dir='ltr'><strong>a</strong></span> <span class='ocrx_word' id='word_1_367' title='bbox 791 2149 908 2213; x_wconf 75' lang='lat' dir='ltr'><strong>captivis</strong></span> <span class='ocrx_word' id='word_1_368' title='bbox 926 2149 1010 2200; x_wconf 87' lang='lat' dir='ltr'><strong>traeti</strong></span> <span class='ocrx_word' id='word_1_369' title='bbox 1021 2146 1070 2213; x_wconf 92' lang='grc' dir='ltr'>(ΙΙ,</span> <span class='ocrx_word' id='word_1_370' title='bbox 1087 2147 1156 2213; x_wconf 84' lang='grc'>108),</span> <span class='ocrx_word' id='word_1_371' title='bbox 1175 2161 1236 2197; x_wconf 85' lang='lat' dir='ltr'><strong>enm</strong></span> <span class='ocrx_word' id='word_1_372' title='bbox 1245 2160 1295 2208; x_wconf 82' lang='lat' dir='ltr'><strong>po·</strong></span> 
     </span>
     <span class='ocr_line' id='line_1_71' title="bbox 757 2216 1296 2284; baseline -0.004 -16"><span class='ocrx_word' id='word_1_373' title='bbox 757 2217 895 2277; x_wconf 72' lang='grc' dir='ltr'><strong><em>νολίθους</em></strong></span> <span class='ocrx_word' id='word_1_374' title='bbox 912 2219 997 2270; x_wconf 83' lang='lat' dir='ltr'><strong>fniaae</strong></span> <span class='ocrx_word' id='word_1_375' title='bbox 1011 2222 1117 2268; x_wconf 82' lang='lat' dir='ltr'><strong>etatuae</strong></span> <span class='ocrx_word' id='word_1_376' title='bbox 1133 2233 1167 2268; x_wconf 84' lang='lat' dir='ltr'><strong>ex</strong></span> <span class='ocrx_word' id='word_1_377' title='bbox 1181 2216 1296 2284; x_wconf 88' lang='lat' dir='ltr'><strong>Diodori</strong></span> 
     </span>
     <span class='ocr_line' id='line_1_72' title="bbox 756 2289 1296 2354; baseline -0.007 -14"><span class='ocrx_word' id='word_1_378' title='bbox 756 2290 912 2341; x_wconf 72' lang='lat' dir='ltr'><strong>testimonio</strong></span> <span class='ocrx_word' id='word_1_379' title='bbox 935 2293 1039 2354; x_wconf 84' lang='lat' dir='ltr'><strong>pateat.</strong></span> <span class='ocrx_word' id='word_1_380' title='bbox 1059 2313 1094 2325; x_wconf 91' lang='lat'>—</span> <span class='ocrx_word' id='word_1_381' title='bbox 1115 2289 1209 2351; x_wconf 78' lang='lat' dir='ltr'><strong>„Duos</strong></span> <span class='ocrx_word' id='word_1_382' title='bbox 1233 2303 1296 2338; x_wconf 90' lang='lat' dir='ltr'><strong>oon-</strong></span> 
     </span>
     <span class='ocr_line' id='line_1_73' title="bbox 756 2357 1293 2422; baseline -0.004 -12"><span class='ocrx_word' id='word_1_383' title='bbox 756 2359 857 2411; x_wconf 84' lang='lat' dir='ltr'><strong>aimilee</strong></span> <span class='ocrx_word' id='word_1_384' title='bbox 881 2357 1003 2411; x_wconf 83' lang='lat' dir='ltr'><strong>eoioasoe</strong></span> <span class='ocrx_word' id='word_1_385' title='bbox 1026 2374 1059 2409; x_wconf 83' lang='lat' dir='ltr'><strong>ex</strong></span> <span class='ocrx_word' id='word_1_386' title='bbox 1082 2361 1161 2422; x_wconf 85' lang='lat' dir='ltr'><strong>parte</strong></span> <span class='ocrx_word' id='word_1_387' title='bbox 1187 2361 1293 2408; x_wconf 86' lang='lat' dir='ltr'><strong>tronea·</strong></span> 
     </span>
     <span class='ocr_line' id='line_1_74' title="bbox 754 2427 1296 2495; baseline -0.004 -14"><span class='ocrx_word' id='word_1_388' title='bbox 754 2435 813 2493; x_wconf 82' lang='lat' dir='ltr'><strong>toa,</strong></span> <span class='ocrx_word' id='word_1_389' title='bbox 833 2445 866 2481; x_wconf 86' lang='lat' dir='ltr'><strong>ax</strong></span> <span class='ocrx_word' id='word_1_390' title='bbox 877 2429 967 2495; x_wconf 87' lang='lat' dir='ltr'><strong>lapide</strong></span> <span class='ocrx_word' id='word_1_391' title='bbox 978 2429 1114 2495; x_wconf 75' lang='lat' dir='ltr'><strong>Aegyptio</strong></span> <span class='ocrx_word' id='word_1_392' title='bbox 1125 2427 1207 2478; x_wconf 87' lang='lat' dir='ltr'><strong>rubro</strong></span> <span class='ocrx_word' id='word_1_393' title='bbox 1217 2428 1296 2489; x_wconf 78' lang='lat' dir='ltr'><strong>(Gra-</strong></span> 
     </span>
     <span class='ocr_line' id='line_1_75' title="bbox 755 2497 1295 2567; baseline -0.004 -17"><span class='ocrx_word' id='word_1_394' title='bbox 755 2501 802 2567; x_wconf 82' lang='lat' dir='ltr'><strong>air)</strong></span> <span class='ocrx_word' id='word_1_395' title='bbox 825 2505 890 2550; x_wconf 87' lang='lat' dir='ltr'><strong>ante</strong></span> <span class='ocrx_word' id='word_1_396' title='bbox 917 2500 1048 2564; x_wconf 87' lang='lat' dir='ltr'><strong>palatium</strong></span> <span class='ocrx_word' id='word_1_397' title='bbox 1073 2513 1157 2565; x_wconf 87' lang='lat' dir='ltr'><strong>prope</strong></span> <span class='ocrx_word' id='word_1_398' title='bbox 1182 2497 1295 2549; x_wconf 87' lang='lat' dir='ltr'><strong>Karnak</strong></span> 
     </span>
     <span class='ocr_line' id='line_1_76' title="bbox 755 2568 1295 2636; baseline -0.007 -14"><span class='ocrx_word' id='word_1_399' title='bbox 755 2572 873 2636; x_wconf 87' lang='lat' dir='ltr'><strong>poaitoa,</strong></span> <span class='ocrx_word' id='word_1_400' title='bbox 890 2569 1060 2636; x_wconf 76' lang='lat' dir='ltr'><strong>longitndine</strong></span> <span class='ocrx_word' id='word_1_401' title='bbox 1073 2568 1172 2635; x_wconf 75' lang='lat' dir='ltr'><strong>viginti</strong></span> <span class='ocrx_word' id='word_1_402' title='bbox 1190 2581 1238 2617; x_wconf 83' lang='lat' dir='ltr'><strong>aex</strong></span> <span class='ocrx_word' id='word_1_403' title='bbox 1249 2583 1295 2632; x_wconf 87' lang='lat' dir='ltr'><strong>pe·</strong></span> 
     </span>
     <span class='ocr_line' id='line_1_77' title="bbox 755 2636 1295 2704; baseline -0.013 -12"><span class='ocrx_word' id='word_1_404' title='bbox 755 2641 818 2692; x_wconf 89' lang='lat' dir='ltr'><strong>dum</strong></span> <span class='ocrx_word' id='word_1_405' title='bbox 837 2639 1005 2704; x_wconf 80' lang='lat' dir='ltr'><strong>offenderunt</strong></span> <span class='ocrx_word' id='word_1_406' title='bbox 1023 2636 1231 2699; x_wconf 78' lang='lat' dir='ltr'><strong>Franco-Galli,</strong></span> <span class='ocrx_word' id='word_1_407' title='bbox 1249 2637 1295 2702; x_wconf 88' lang='lat' dir='ltr'><strong>qui</strong></span> 
     </span>
     <span class='ocr_line' id='line_1_78' title="bbox 754 2707 1293 2760; baseline -0.007 0"><span class='ocrx_word' id='word_1_408' title='bbox 754 2711 834 2760; x_wconf 90' lang='lat' dir='ltr'><strong>iidem</strong></span> <span class='ocrx_word' id='word_1_409' title='bbox 854 2725 888 2760; x_wconf 85' lang='lat' dir='ltr'><strong>ex</strong></span> <span class='ocrx_word' id='word_1_410' title='bbox 908 2713 1003 2760; x_wconf 77' lang='lat' dir='ltr'><strong>nostro</strong></span> <span class='ocrx_word' id='word_1_411' title='bbox 1026 2709 1087 2760; x_wconf 89' lang='grc' dir='ltr'><strong>Ιοοο</strong></span> <span class='ocrx_word' id='word_1_412' title='bbox 1109 2707 1293 2758; x_wconf 76' lang='lat' dir='ltr'><strong>coniecturam</strong></span> 
     </span>
     <span class='ocr_line' id='line_1_79' title="bbox 754 2777 1294 2844; baseline -0.011 -12"><span class='ocrx_word' id='word_1_413' title='bbox 754 2781 901 2840; x_wconf 84' lang='lat' dir='ltr'><strong>duxerunt,</strong></span> <span class='ocrx_word' id='word_1_414' title='bbox 924 2780 963 2829; x_wconf 88' lang='lat' dir='ltr'><strong>ibi</strong></span> <span class='ocrx_word' id='word_1_415' title='bbox 987 2793 1093 2844; x_wconf 87' lang='lat' dir='ltr'><strong>quoqne</strong></span> <span class='ocrx_word' id='word_1_416' title='bbox 1118 2777 1228 2828; x_wconf 87' lang='lat' dir='ltr'><strong>heroum</strong></span> <span class='ocrx_word' id='word_1_417' title='bbox 1244 2781 1294 2826; x_wconf 83' lang='lat' dir='ltr'><strong>aut</strong></span> 
     </span>
     <span class='ocr_line' id='line_1_80' title="bbox 753 2844 1294 2915; baseline -0.013 -14"><span class='ocrx_word' id='word_1_418' title='bbox 753 2865 847 2915; x_wconf 77' lang='lat' dir='ltr'><strong>regum</strong></span> <span class='ocrx_word' id='word_1_419' title='bbox 868 2849 1026 2899; x_wconf 84' lang='lat' dir='ltr'><strong>iudeorum</strong></span> <span class='ocrx_word' id='word_1_420' title='bbox 1053 2848 1167 2898; x_wconf 80' lang='lat' dir='ltr'><strong>sormam</strong></span> <span class='ocrx_word' id='word_1_421' title='bbox 1191 2844 1294 2895; x_wconf 82' lang='lat' dir='ltr'><strong>estioto-</strong></span> 
     </span>
     <span class='ocr_line' id='line_1_81' title="bbox 754 2912 1292 2982; baseline -0.011 -13"><span class='ocrx_word' id='word_1_422' title='bbox 754 2935 813 2969; x_wconf 89' lang='lat' dir='ltr'><strong>rnm</strong></span> <span class='ocrx_word' id='word_1_423' title='bbox 821 2919 955 2982; x_wconf 71' lang='lat' dir='ltr'><strong>imagines</strong></span> <span class='ocrx_word' id='word_1_424' title='bbox 965 2917 1080 2981; x_wconf 78' lang='lat' dir='ltr'><strong>eogitari</strong></span> <span class='ocrx_word' id='word_1_425' title='bbox 1091 2915 1198 2966; x_wconf 92' lang='lat' dir='ltr'><strong>debere.</strong></span> <span class='ocrx_word' id='word_1_426' title='bbox 1229 2912 1292 2963; x_wconf 77' lang='lat' dir='ltr'><strong>Viri.</strong></span> 
     </span>
     <span class='ocr_line' id='line_1_82' title="bbox 754 2982 1293 3052; baseline -0.011 -14"><span class='ocrx_word' id='word_1_427' title='bbox 754 2987 891 3052; x_wconf 86' lang='lat' dir='ltr'><strong>Deaeript.</strong></span> <span class='ocrx_word' id='word_1_428' title='bbox 910 2988 944 3039; x_wconf 92' lang='lat' dir='ltr'><strong>de</strong></span> <span class='ocrx_word' id='word_1_429' title='bbox 961 2987 1033 3050; x_wconf 76' lang='lat' dir='ltr'><strong>l‘Eg.</strong></span> <span class='ocrx_word' id='word_1_430' title='bbox 1051 2985 1104 3036; x_wconf 83' lang='lat' dir='ltr'><strong>vol.</strong></span> <span class='ocrx_word' id='word_1_431' title='bbox 1117 2984 1156 3034; x_wconf 91' lang='lat'><strong>11.</strong></span> <span class='ocrx_word' id='word_1_432' title='bbox 1167 2997 1230 3048; x_wconf 84' lang='lat' dir='ltr'><strong>pag.</strong></span> <span class='ocrx_word' id='word_1_433' title='bbox 1241 2982 1293 3033; x_wconf 81' lang='lat'><strong>217</strong></span> 
     </span>
     <span class='ocr_line' id='line_1_83' title="bbox 754 3051 1293 3123; baseline -0.009 -17"><span class='ocrx_word' id='word_1_434' title='bbox 754 3058 831 3123; x_wconf 84' lang='lat' dir='ltr'><strong>eeq.“</strong></span> <span class='ocrx_word' id='word_1_435' title='bbox 850 3059 894 3110; x_wconf 80' lang='lat' dir='ltr'><strong>Or.</strong></span> <span class='ocrx_word' id='word_1_436' title='bbox 930 3057 982 3107; x_wconf 85' lang='lat' dir='ltr'><strong>Hie</strong></span> <span class='ocrx_word' id='word_1_437' title='bbox 997 3055 1083 3116; x_wconf 88' lang='lat' dir='ltr'><strong>adde,</strong></span> <span class='ocrx_word' id='word_1_438' title='bbox 1102 3067 1172 3119; x_wconf 87' lang='lat' dir='ltr'><strong>quae</strong></span> <span class='ocrx_word' id='word_1_439' title='bbox 1189 3051 1293 3117; x_wconf 78' lang='lat' dir='ltr'><strong>profert</strong></span> 
     </span>
     <span class='ocr_line' id='line_1_84' title="bbox 754 3123 1294 3191; baseline -0.011 -13"><span class='ocrx_word' id='word_1_440' title='bbox 754 3125 883 3178; x_wconf 85' lang='lat' dir='ltr'><strong>Roeellin.</strong></span> <span class='ocrx_word' id='word_1_441' title='bbox 902 3125 921 3176; x_wconf 94' lang='lat' dir='ltr'><strong>l.</strong></span> <span class='ocrx_word' id='word_1_442' title='bbox 940 3126 957 3179; x_wconf 89' lang='lat' dir='ltr'><strong>l.</strong></span> <span class='ocrx_word' id='word_1_443' title='bbox 976 3141 1039 3191; x_wconf 80' lang='lat' dir='ltr'><strong>pag.</strong></span> <span class='ocrx_word' id='word_1_444' title='bbox 1058 3125 1111 3176; x_wconf 79' lang='lat'><strong>254</strong></span> <span class='ocrx_word' id='word_1_445' title='bbox 1127 3137 1185 3189; x_wconf 75' lang='lat' dir='ltr'><strong>eeq-</strong></span> <span class='ocrx_word' id='word_1_446' title='bbox 1219 3123 1294 3174; x_wconf 88' lang='lat' dir='ltr'><strong>Duo·</strong></span> 
     </span>
     <span class='ocr_line' id='line_1_85' title="bbox 754 3191 1291 3260; baseline -0.007 -13"><span class='ocrx_word' id='word_1_447' title='bbox 754 3211 813 3247; x_wconf 89' lang='lat' dir='ltr'><strong>mm</strong></span> <span class='ocrx_word' id='word_1_448' title='bbox 840 3197 910 3247; x_wconf 90' lang='lat' dir='ltr'><strong>enim</strong></span> <span class='ocrx_word' id='word_1_449' title='bbox 936 3195 1118 3256; x_wconf 85' lang='lat' dir='ltr'><strong>ooloeeorurn,</strong></span> <span class='ocrx_word' id='word_1_450' title='bbox 1148 3192 1195 3260; x_wconf 88' lang='lat' dir='ltr'><strong>qni</strong></span> <span class='ocrx_word' id='word_1_451' title='bbox 1221 3192 1249 3244; x_wconf 93' lang='lat' dir='ltr'><strong>h.</strong></span> <span class='ocrx_word' id='word_1_452' title='bbox 1273 3191 1291 3244; x_wconf 92' lang='lat' dir='ltr'><strong>l.</strong></span> 
     </span>
     <span class='ocr_line' id='line_1_86' title="bbox 754 3263 1294 3328; baseline -0.009 -11"><span class='ocrx_word' id='word_1_453' title='bbox 754 3271 1010 3328; x_wconf 84' lang='lat' dir='ltr'><strong>commemorantur,</strong></span> <span class='ocrx_word' id='word_1_454' title='bbox 1037 3263 1151 3314; x_wconf 86' lang='lat' dir='ltr'><strong>alteram</strong></span> <span class='ocrx_word' id='word_1_455' title='bbox 1176 3267 1294 3328; x_wconf 82' lang='lat' dir='ltr'><strong>prostra-</strong></span> 
     </span>
     <span class='ocr_line' id='line_1_87' title="bbox 753 3331 1293 3401; baseline -0.007 -14"><span class='ocrx_word' id='word_1_456' title='bbox 753 3341 811 3387; x_wconf 81' lang='lat' dir='ltr'><strong>tum</strong></span> <span class='ocrx_word' id='word_1_457' title='bbox 826 3335 931 3386; x_wconf 84' lang='lat' dir='ltr'><strong>invenit</strong></span> <span class='ocrx_word' id='word_1_458' title='bbox 955 3335 1066 3401; x_wconf 75' lang='lat' dir='ltr'><strong>eiusque</strong></span> <span class='ocrx_word' id='word_1_459' title='bbox 1080 3331 1208 3400; x_wconf 76' lang='lat' dir='ltr'><strong>reliquiae</strong></span> <span class='ocrx_word' id='word_1_460' title='bbox 1218 3332 1293 3384; x_wconf 87' lang='lat' dir='ltr'><strong>hnmi</strong></span> 
     </span>
     <span class='ocr_line' id='line_1_88' title="bbox 753 3404 1292 3468; baseline -0.006 -12"><span class='ocrx_word' id='word_1_461' title='bbox 753 3407 888 3466; x_wconf 80' lang='lat' dir='ltr'><strong>iaoentea3</strong></span> <span class='ocrx_word' id='word_1_462' title='bbox 923 3404 1038 3456; x_wconf 87' lang='lat' dir='ltr'><strong>alterum</strong></span> <span class='ocrx_word' id='word_1_463' title='bbox 1061 3419 1126 3455; x_wconf 81' lang='lat' dir='ltr'><strong>vero</strong></span> <span class='ocrx_word' id='word_1_464' title='bbox 1148 3405 1292 3468; x_wconf 75' lang='lat' dir='ltr'><strong>integrum,</strong></span> 
     </span>
     <span class='ocr_line' id='line_1_89' title="bbox 754 3473 1294 3541; baseline -0.009 -14"><span class='ocrx_word' id='word_1_465' title='bbox 754 3480 867 3541; x_wconf 79' lang='lat' dir='ltr'><strong>excepto</strong></span> <span class='ocrx_word' id='word_1_466' title='bbox 889 3475 979 3540; x_wconf 89' lang='lat' dir='ltr'><strong>eapite</strong></span> <span class='ocrx_word' id='word_1_467' title='bbox 1002 3474 1142 3535; x_wconf 87' lang='lat' dir='ltr'><strong>mutilato,</strong></span> <span class='ocrx_word' id='word_1_468' title='bbox 1165 3473 1214 3524; x_wconf 84' lang='lat' dir='ltr'><strong>aed</strong></span> <span class='ocrx_word' id='word_1_469' title='bbox 1238 3487 1294 3524; x_wconf 81' lang='lat' dir='ltr'><strong>rer-</strong></span> 
     </span>
     <span class='ocr_line' id='line_1_90' title="bbox 753 3544 1292 3609; baseline -0.009 -13"><span class='ocrx_word' id='word_1_470' title='bbox 753 3551 820 3596; x_wconf 82' lang='lat' dir='ltr'><strong>vata</strong></span> <span class='ocrx_word' id='word_1_471' title='bbox 849 3546 1040 3609; x_wconf 77' lang='lat' dir='ltr'><strong>inseriptione,</strong></span> <span class='ocrx_word' id='word_1_472' title='bbox 1072 3557 1141 3609; x_wconf 87' lang='lat' dir='ltr'><strong>quae</strong></span> <span class='ocrx_word' id='word_1_473' title='bbox 1167 3544 1292 3594; x_wconf 80' lang='lat' dir='ltr'><strong>Ramaem</strong></span> 
     </span>
     <span class='ocr_line' id='line_1_91' title="bbox 753 3611 1293 3679; baseline -0.006 -13"><span class='ocrx_word' id='word_1_474' title='bbox 753 3614 956 3679; x_wconf 76' lang='lat' dir='ltr'><strong>(Sesostridem)</strong></span> <span class='ocrx_word' id='word_1_475' title='bbox 975 3614 1020 3664; x_wconf 88' lang='lat' dir='ltr'><strong>hio</strong></span> <span class='ocrx_word' id='word_1_476' title='bbox 1033 3612 1232 3678; x_wconf 85' lang='lat' dir='ltr'><strong>repraeeentari</strong></span> <span class='ocrx_word' id='word_1_477' title='bbox 1248 3611 1293 3663; x_wconf 90' lang='lat' dir='ltr'><strong>de-</strong></span> 
     </span>
     <span class='ocr_line' id='line_1_92' title="bbox 754 3680 1293 3746; baseline -0.006 -11"><span class='ocrx_word' id='word_1_478' title='bbox 754 3685 850 3736; x_wconf 88' lang='lat' dir='ltr'><strong>olarat.</strong></span> <span class='ocrx_word' id='word_1_479' title='bbox 866 3684 969 3744; x_wconf 84' lang='lat' dir='ltr'><strong>¹Alium</strong></span> <span class='ocrx_word' id='word_1_480' title='bbox 987 3683 1138 3746; x_wconf 84' lang='lat' dir='ltr'><strong>ooloaaum,</strong></span> <span class='ocrx_word' id='word_1_481' title='bbox 1153 3686 1218 3732; x_wconf 85' lang='lat' dir='ltr'><strong>aute</strong></span> <span class='ocrx_word' id='word_1_482' title='bbox 1229 3680 1293 3732; x_wconf 88' lang='lat' dir='ltr'><strong>Vul-</strong></span> 
     </span>
     <span class='ocr_line' id='line_1_93' title="bbox 754 3753 1292 3820; baseline -0.009 -14"><span class='ocrx_word' id='word_1_483' title='bbox 754 3753 1292 3820; x_wconf 83' lang='lat' dir='ltr'><strong>canitempiamMemphitioumereetam,</strong></span> 
     </span>
     <span class='ocr_line' id='line_1_94' title="bbox 753 3823 1293 3888; baseline -0.004 -14"><span class='ocrx_word' id='word_1_484' title='bbox 753 3839 825 3876; x_wconf 87' lang='lat' dir='ltr'><strong>nune</strong></span> <span class='ocrx_word' id='word_1_485' title='bbox 846 3839 911 3874; x_wconf 84' lang='lat' dir='ltr'><strong>vero</strong></span> <span class='ocrx_word' id='word_1_486' title='bbox 934 3823 1008 3874; x_wconf 89' lang='lat' dir='ltr'><strong>humi</strong></span> <span class='ocrx_word' id='word_1_487' title='bbox 1036 3827 1215 3888; x_wconf 74' lang='lat' dir='ltr'><strong>prostratum,</strong></span> <span class='ocrx_word' id='word_1_488' title='bbox 1246 3823 1293 3887; x_wconf 87' lang='lat' dir='ltr'><strong>qni</strong></span> 
     </span>
     <span class='ocr_line' id='line_1_95' title="bbox 752 3891 1292 3944; baseline -0.004 0"><span class='ocrx_word' id='word_1_489' title='bbox 752 3895 824 3944; x_wconf 89' lang='lat' dir='ltr'><strong>idem</strong></span> <span class='ocrx_word' id='word_1_490' title='bbox 844 3894 916 3943; x_wconf 88' lang='lat' dir='ltr'><strong>huno</strong></span> <span class='ocrx_word' id='word_1_491' title='bbox 943 3891 1292 3943; x_wconf 78' lang='lat' dir='ltr'><strong>Sesostridem-Rameeeem</strong></span> 
     </span>
     <span class='ocr_line' id='line_1_96' title="bbox 752 3961 1293 4030; baseline 0 -18"><span class='ocrx_word' id='word_1_492' title='bbox 752 3965 953 4030; x_wconf 73' lang='lat' dir='ltr'><strong>repraesentat,</strong></span> <span class='ocrx_word' id='word_1_493' title='bbox 981 3977 1066 4027; x_wconf 87' lang='lat' dir='ltr'><strong>nuper</strong></span> <span class='ocrx_word' id='word_1_494' title='bbox 1094 3961 1237 4026; x_wconf 83' lang='lat' dir='ltr'><strong>deeoripeit</strong></span> <span class='ocrx_word' id='word_1_495' title='bbox 1260 3977 1293 4012; x_wconf 85' lang='lat' dir='ltr'><strong>ao</strong></span> 
     </span>
     <span class='ocr_line' id='line_1_97' title="bbox 753 4031 1293 4083; baseline 0.002 -1"><span class='ocrx_word' id='word_1_496' title='bbox 753 4032 901 4083; x_wconf 85' lang='lat' dir='ltr'><strong>delineavit</strong></span> <span class='ocrx_word' id='word_1_497' title='bbox 918 4031 941 4083; x_wconf 89' lang='lat'><strong>1.</strong></span> <span class='ocrx_word' id='word_1_498' title='bbox 952 4032 1066 4082; x_wconf 86' lang='lat' dir='ltr'><strong>Bonomi</strong></span> <span class='ocrx_word' id='word_1_499' title='bbox 1076 4031 1118 4080; x_wconf 80' lang='lat' dir='ltr'><strong>in:</strong></span> <span class='ocrx_word' id='word_1_500' title='bbox 1136 4031 1293 4083; x_wconf 83' lang='lat' dir='ltr'><strong>Tranraott.</strong></span> 
     </span>
     <span class='ocr_line' id='line_1_98' title="bbox 753 4098 1292 4166; baseline -0.002 -13"><span class='ocrx_word' id='word_1_501' title='bbox 753 4102 784 4153; x_wconf 83' lang='lat' dir='ltr'><strong>of</strong></span> <span class='ocrx_word' id='word_1_502' title='bbox 805 4103 851 4153; x_wconf 93' lang='lat' dir='ltr'><strong>the</strong></span> <span class='ocrx_word' id='word_1_503' title='bbox 879 4115 936 4166; x_wconf 80' lang='lat' dir='ltr'><strong>reg.</strong></span> <span class='ocrx_word' id='word_1_504' title='bbox 969 4115 1026 4152; x_wconf 86' lang='lat' dir='ltr'><strong>aeo.</strong></span> <span class='ocrx_word' id='word_1_505' title='bbox 1049 4101 1080 4151; x_wconf 83' lang='lat' dir='ltr'><strong>of</strong></span> <span class='ocrx_word' id='word_1_506' title='bbox 1100 4099 1202 4152; x_wconf 85' lang='lat' dir='ltr'><strong>litarat.</strong></span> <span class='ocrx_word' id='word_1_507' title='bbox 1225 4098 1292 4163; x_wconf 85' lang='lat' dir='ltr'><strong>(aee.</strong></span> 
     </span>
     <span class='ocr_line' id='line_1_99' title="bbox 753 4169 1291 4236; baseline 0.002 -15"><span class='ocrx_word' id='word_1_508' title='bbox 753 4169 821 4232; x_wconf 86' lang='lat' dir='ltr'><strong>aer.)</strong></span> <span class='ocrx_word' id='word_1_509' title='bbox 854 4171 893 4222; x_wconf 92' lang='lat'><strong>11.</strong></span> <span class='ocrx_word' id='word_1_510' title='bbox 924 4185 989 4236; x_wconf 74' lang='lat' dir='ltr'><strong>pag.</strong></span> <span class='ocrx_word' id='word_1_511' title='bbox 1018 4169 1069 4220; x_wconf 73' lang='lat'><strong>297</strong></span> <span class='ocrx_word' id='word_1_512' title='bbox 1099 4185 1175 4235; x_wconf 75' lang='lat' dir='ltr'><strong>seqq.</strong></span> <span class='ocrx_word' id='word_1_513' title='bbox 1221 4169 1291 4222; x_wconf 92' lang='lat' dir='ltr'><strong>Add.</strong></span> 
     </span>
     <span class='ocr_line' id='line_1_100' title="bbox 751 4239 1292 4306; baseline 0.002 -16"><span class='ocrx_word' id='word_1_514' title='bbox 751 4241 889 4306; x_wconf 77' lang='lat' dir='ltr'><strong>Brugeoh:</strong></span> <span class='ocrx_word' id='word_1_515' title='bbox 903 4239 1108 4290; x_wconf 80' lang='lat' dir='ltr'><strong>Reiaeberiehte</strong></span> <span class='ocrx_word' id='word_1_516' title='bbox 1119 4239 1292 4306; x_wconf 78' lang='lat' dir='ltr'><strong>auaAegypt.</strong></span> 
     </span>
     <span class='ocr_line' id='line_1_101' title="bbox 751 4309 1294 4376; baseline -0.002 -15"><span class='ocrx_word' id='word_1_517' title='bbox 751 4325 816 4376; x_wconf 77' lang='lat' dir='ltr'><strong>pag.</strong></span> <span class='ocrx_word' id='word_1_518' title='bbox 839 4310 872 4361; x_wconf 82' lang='lat'><strong>02</strong></span> <span class='ocrx_word' id='word_1_519' title='bbox 896 4323 952 4375; x_wconf 85' lang='lat' dir='ltr'><strong>aeq.</strong></span> <span class='ocrx_word' id='word_1_520' title='bbox 992 4309 1165 4360; x_wconf 82' lang='lat' dir='ltr'><strong>Coioaeornm</strong></span> <span class='ocrx_word' id='word_1_521' title='bbox 1188 4323 1294 4360; x_wconf 82' lang='lat' dir='ltr'><strong>menan-</strong></span> 
     </span>
     <span class='ocr_line' id='line_1_102' title="bbox 750 4377 1293 4448; baseline -0.002 -16"><span class='ocrx_word' id='word_1_522' title='bbox 750 4395 810 4444; x_wconf 83' lang='lat' dir='ltr'><strong>rae,</strong></span> <span class='ocrx_word' id='word_1_523' title='bbox 827 4395 896 4448; x_wconf 85' lang='lat' dir='ltr'><strong>qnae</strong></span> <span class='ocrx_word' id='word_1_524' title='bbox 907 4377 992 4432; x_wconf 87' lang='lat' dir='ltr'><strong>tradit</strong></span> <span class='ocrx_word' id='word_1_525' title='bbox 1006 4379 1178 4443; x_wconf 80' lang='lat' dir='ltr'><strong>Herodotus,</strong></span> <span class='ocrx_word' id='word_1_526' title='bbox 1196 4378 1232 4429; x_wconf 81' lang='lat' dir='ltr'><strong>ad</strong></span> <span class='ocrx_word' id='word_1_527' title='bbox 1246 4393 1293 4432; x_wconf 92' lang='lat' dir='ltr'><strong>no-</strong></span> 
     </span>
    </p>
   </div>
   <div class='ocr_carea' id='block_1_9' title="bbox 0 0 1520 4916">
    <p class='ocr_par' dir='ltr' id='par_1_9' title="bbox 0 0 1520 4916">
     <span class='ocr_line' id='line_1_103' title="bbox 0 0 1520 4916; baseline 0 2"><span class='ocrx_word' id='word_1_528' title='bbox 0 0 1520 4916; x_wconf 95' lang='lat' dir='ltr'><strong> </strong></span> 
     </span>
    </p>
   </div>
  </div>
 </body>
</html>
