3088 4944
615 314 739 377 OLIO.
762 316 788 376 Ι.
810 324 872 380 173.
1250 311 1313 374 339

173 492 381 578 νειχθένιων
409 487 447 557 δέ
468 490 506 556 ἐν
526 487 642 577 Κρήτη
664 490 741 579 περὶ
763 494 821 578 τῆς
850 495 1026 577 βασιληίης
1052 493 1122 558 τῶν
1146 484 1311 577 Εόροόπης

175 599 324 678 παίδων,
347 591 569 680 Σαρπηδόνος
589 619 625 660 τε
645 593 701 662 καὶ
723 600 842 676 Μίνω,
866 587 910 674 ὣς
925 590 1128 682 ἐπεκράτησε
1143 598 1184 682 τῇ
1196 589 1310 661 στάσει

176 703 313 782 Μίνως,
335 693 471 783 ἐξήλασε
486 692 590 764 αὐτόν
604 723 640 764 τε
654 695 860 784 Σαρπηδόνα
875 697 931 764 καὶ
949 694 1027 778 τούς
1042 697 1226 776 στασιώτας
1244 692 1306 764 αό-

174 805 251 870 τοῦ·
274 805 309 870 ol
319 799 356 868 di
370 795 586 879 ἀπωσθέντες
608 795 768 868 ἀπίκοντο
790 803 847 886 τῆς
868 796 978 888 Ἀσίης
992 804 1024 880 ἐς
1038 806 1103 890 γῆν
1115 799 1177 890 τὴν
1191 807 1306 869 Μιλυ-

174 906 257 973 cido·
280 901 342 992 τὴν
363 899 428 991 γὰρ
446 907 512 972 νῦν
526 900 645 972 Λύκιοι
667 905 841 991 νέμονται,
861 899 946 990 αὕτη
967 901 1004 972 τὸ
1018 895 1218 994 ualentioris
1234 911 1306 972 Μι-

174 1005 273 1087 λυός·
296 1012 331 1076 oi
342 1005 380 1076 di
395 1007 527 1076 Μιλύαι
540 1007 615 1076 τότε
635 1005 787 1094 Σόλυμοι
800 1008 986 1076 ἐκαλέοντο.
1012 1009 1094 1089 τέως
1113 1009 1175 1096 μὲν
1190 1005 1231 1095 δη
1245 1003 1307 1076 αὐ-

173 1115 243 1180 τῶν
259 1106 454 1198 Σαρπηδών
473 1101 569 1200 ἦρχε·
603 1114 636 1180 oi
658 1109 695 1180 dl
717 1112 910 1194 ἐκαλέοντο,
931 1108 969 1180 τό
993 1137 1055 1198 περ
1077 1138 1113 1180 τε
1132 1108 1309 1199 ἠνείκαντο

173 1211 319 1303 οὕνομα,
340 1215 396 1284 καί
413 1219 478 1284 νῦν
499 1220 547 1283 ἔτι
569 1217 743 1284 καλέονται
765 1209 832 1283 ini
852 1219 922 1282 τῶν
936 1220 1120 1304 περιοίκων
1134 1219 1168 1282 oi
1178 1213 1310 1298 Λύκιοι,

173 1381 237 1432 incl.
273 1381 370 1431 Hoeck
395 1381 477 1431 Creta
502 1381 540 1433 11.
564 1397 591 1446 p.
615 1385 631 1432 4
657 1397 714 1446 seq.
767 1397 839 1432 verc.
878 1381 920 1431 Tu
937 1381 1001 1432 vide
1022 1379 1144 1446 pluribus
1163 1382 1196 1432 de
1215 1380 1266 1430 hac
1283 1395 1312 1430 re

174 1451 235 1502 coll.
255 1451 278 1500 1.
297 1465 324 1516 p.
349 1452 394 1502 141
419 1467 496 1517 seqq.
533 1452 644 1517 Hitzig:
666 1452 717 1503 Ur·
768 1451 953 1516 disputantem
988 1452 1083 1502 Naehe
1122 1451 1156 1501 ad
1192 1449 1312 1500 Choerili

174 1521 267 1588 gesch.
285 1521 312 1572 d.
330 1521 438 1572 Philist.
464 1539 490 1588 p.
513 1523 547 1574 05
569 1537 645 1587 seqq.
665 1523 716 1572 207
767 1523 892 1587 irsgnrm.
907 1539 934 1587 p.
949 1520 999 1572 132
1017 1537 1093 1588 seqq.
1130 1522 1188 1572 Ism
1201 1519 1311 1586 planum

174 1607 249 1657 seqq.
269 1593 330 1642 220.
367 1592 459 1656 Lycii,
479 1591 525 1657 qui
541 1591 717 1642 exHerodoti
768 1592 819 1642 erit
838 1583 900 1641 τότε
919 1597 1044 1657 spectare
1068 1591 1103 1642 sd
1126 1583 1159 1640 τό
1186 1582 1311 1640 παλαιὸν

173 1667 263 1711 mente
285 1661 436 1728 antiquitus
455 1661 562 1712 Cretam
581 1662 718 1712 tenuerint
767 1677 817 1712 uec
834 1661 986 1712 ullomodo
1005 1659 1165 1712 mutandum
1188 1677 1256 1712 esse.
1275 1691 1310 1700 -

174 1731 351 1796 barbarisque
381 1730 453 1782 hauc
481 1729 597 1782 insulem
627 1732 716 1798 prisco
768 1733 801 1782 ln
818 1747 892 1797 seqq.
908 1732 1065 1798 scripsimus
1083 1722 1180 1781 αὐτῶν
1197 1746 1245 1796 pro
1261 1721 1311 1779 αό-

174 1817 241 1851 aevo
273 1801 428 1852 tenentibus
457 1801 619 1852 accensendi
650 1802 715 1863 sint,
767 1797 851 1864 τέων,
887 1801 959 1868 quod
989 1802 1105 1852 recurrit
1129 1801 1157 1850 iu
1186 1801 1239 1851 fine
1267 1815 1312 1850 ca-

173 1871 245 1920 hsud
269 1872 326 1921 scie
352 1885 386 1921 eu
415 1875 442 1922 et
468 1871 521 1936 ipsi
545 1871 580 1922 ad
603 1872 716 1922 eandem
766 1871 842 1936 pitis.

177 1941 331 2006 pertineant
356 1942 468 2008 stirpem
487 1941 657 2004 Semiticam,
681 1941 716 1991 ad
802 1935 849 1989 καὶ
868 1936 923 1988 νῦν
940 1934 980 1990 ἔτι
1002 1935 1150 1989 καλέονται
1171 1930 1229 1989 ὑπὸ
1254 1935 1312 1988 τεόν

175 2027 255 2076 quam
275 2011 357 2061 Cares
379 2019 405 2060 et
429 2011 555 2076 Leleges,
579 2011 672 2076 Lydos
690 2015 717 2061 et
767 2007 922 2073 περιοίκων
934 2003 964 2058 oi
972 2001 1082 2074 Aristus,
1104 2007 1248 2076 Τερμίλαι]
1260 2011 1311 2060 Est

175 2082 268 2146 Mysos
287 2083 421 2146 pertinere
443 2097 525 2146 supra
542 2081 590 2148 (ad
611 2081 634 2144 1,
655 2079 716 2144 171)
767 2079 898 2130 classicus
933 2080 1027 2130 Nostri
1064 2079 1140 2129 locus
1172 2079 1240 2142 vn,
1277 2079 1310 2128 02

177 2150 331 2200 statuimus.
345 2179 377 2187 —
395 2151 428 2202 Iu
445 2167 521 2217 seqq.
536 2143 629 2200 στάσει
644 2149 716 2200 haud
766 2150 887 2200 eiusdem
897 2149 1061 2216 argumenti:
1080 2141 1181 2198 Λόκιοι
1196 2143 1227 2198 δὲ
1242 2147 1310 2212 Τερ-

176 2220 280 2270 mutavi
317 2221 345 2270 in
384 2211 477 2283 στάσι,
515 2221 551 2273 ci.
576 2225 647 2273 nott.
682 2219 717 2270 ad
766 2219 846 2285 μίλαι
872 2210 1020 2268 ἐκαλέοντο
1043 2209 1072 2268 ἐκ
1095 2211 1210 2284 Κρήτης
1232 2231 1310 2283 γεγο-

177 2289 205 2353 Ι,
221 2288 264 2340 00.
767 2281 855 2346 νότες·
876 2280 924 2338 ἐπὶ
944 2283 976 2338 dl
993 2279 1091 2337 Λόκου
1108 2287 1160 2337 τοῦ
1181 2285 1309 2336 Πανδίο-

211 2346 283 2422 αότη
311 2349 342 2408 τὸ
369 2350 492 2408 παλαιὸν
521 2344 559 2424 ἦν
591 2349 715 2415 Μιλυάς·
768 2373 826 2422 νος,
846 2349 952 2423 ἀνδρὸς
971 2349 1137 2423 Ἀθηναίου,
1156 2352 1240 2423 ἔσχον
1257 2351 1310 2422 τὴν

176 2421 206 2478 οἱ
227 2422 259 2478 δέ
280 2419 391 2478 Μιλόαι
417 2421 480 2478 τότε
504 2420 631 2492 Σόλυμοι
654 2419 717 2478 ἐκα-
767 2421 943 2493 ἐποινυμίην.
979 2427 1050 2479 Add.
1071 2429 1192 2479 Pausan.
1217 2428 1240 2490 1,
1266 2427 1308 2477 10.

174 2496 284 2564 λέοντο]
300 2499 403 2550 Eadem
421 2497 521 2550 Strabo
539 2513 571 2548 ex
582 2497 716 2548 Herodoti
767 2502 793 2562 §-
813 2501 839 2549 4.
861 2497 910 2547 uhi
929 2499 1003 2549 coni.
1026 2497 1150 2550 Siebelis.
1187 2499 1227 2548 hc
1245 2497 1310 2548 scri-

174 2569 339 2619 uuotoritate
356 2568 422 2619 xll.
446 2585 509 2633 pag.
533 2567 584 2620 858
608 2584 631 2620 s.
649 2583 714 2633 pag.
767 2569 809 2619 bit
830 2583 938 2634 quoque
963 2567 1117 2634 Stephanus
1139 2570 1208 2633 Byz.
1234 2583 1257 2618 s.
1281 2583 1308 2617 v.

95 2673 100 2682 .
174 2637 225 2690 578
244 2638 287 2688 ed.
299 2637 417 2690 Casauh.
444 2639 560 2690 Acbeue
571 2638 715 2690 tenendum
770 2637 909 2702 Τέρμερα,
930 2638 1004 2689 cives
1023 2638 1102 2688 huius
1117 2639 1191 2688 urbis
1210 2637 1244 2686 ab
1256 2639 1310 2688 He·

174 2709 217 2760 vel
235 2715 345 2774 postera
364 2709 592 2773 aetateMilpodis
608 2723 715 2770 nomen,
766 2709 863 2758 rodoto
887 2709 980 2758 vocari
1007 2706 1159 2770 Τερμίλας;
1185 2707 1310 2772 idemque

174 2779 238 2829 olim
269 2779 415 2828 universae
444 2778 545 2843 Lyciae
574 2779 715 2841 tributum,
766 2793 829 2828 mox
852 2793 875 2827 s.
899 2794 926 2829 v.
948 2775 1071 2842 Τρεμίλη
1099 2769 1117 2840 ἡ
1139 2775 1231 2825 Λυκία
1247 2768 1309 2826 ἐκα-

174 2850 208 2900 de
231 2863 286 2898 uus
314 2847 431 2914 quadam
460 2847 563 2912 Lycius
587 2849 716 2900 interiore
765 2848 839 2897 λείτο
857 2835 957 2904 οὕτως·
974 2840 1004 2894 oi
1014 2836 1191 2902 ἐνοικοῦντες
1209 2845 1309 2909 Τρομι-

174 2923 252 2984 parte
275 2918 344 2980 dici,
370 2917 447 2968 cuius
470 2918 536 2968 lines
559 2919 715 2970 accuratius
764 2909 891 2974 λεῖςᾶκτό
907 2913 1309 2978 Τρεμίλουκ.τ.λ.Ηεοκ1ιιεοε

174 2989 278 3039 iudicat
296 2987 395 3040 Strabo
414 2988 492 3038 xlu.
512 2987 619 3038 influe.
654 2989 715 3038 Hoc
765 2987 871 3037 dixerat
880 2983 1026 3050 Τρεμίλας.
1046 2984 1079 3034 Iu
1093 2999 1133 3047 ea,
1147 2998 1310 3050 quaeprope

174 3073 256 3108 seusu
274 3057 461 3122 accipiendum
480 3057 552 3123 apud
572 3057 715 3108 Arrianum
765 3056 903 3107 Xanthum
921 3055 1032 3104 invente
1056 3057 1111 3116 est,
1134 3052 1311 3118 inscriptione

173 3129 279 3194 Exped.
297 3127 373 3178 Alex.
395 3129 417 3188 Ι,
432 3129 475 3178 24.
511 3127 607 3192 Polyb.
628 3127 661 3191 V,
672 3125 715 3176 78.
766 3125 858 3191 Lyciis
870 3124 956 3174 literis
969 3127 1101 3186 concepta
1113 3125 1202 3188 gentis
1213 3139 1310 3174 nomeu

175 3200 207 3248 77
227 3203 254 3248 et
272 3199 300 3248 in
322 3197 498 3262 inscriptione
517 3199 634 3258 Graeca,
658 3195 714 3246 rid.
767 3195 880 3260 reperiri
899 3194 1030 3259 scriptum
1051 3192 1190 3259 Tramilae,
1210 3195 1310 3246 asserit

175 3268 255 3332 Gorp.
275 3267 374 3318 luscrr.
401 3265 513 3318 Graeco.
539 3268 573 3318 Τ.
598 3267 653 3317 ΙΙΙ.
674 3281 715 3318 ur.
766 3264 883 3316 Fellows
905 3263 924 3315 l.
948 3263 967 3314 l.
987 3281 1014 3330 p.
1032 3265 1084 3314 274
1108 3279 1165 3330 εεη.
1183 3294 1219 3305 -
1244 3267 1310 3316 Mox

174 3337 252 3388 4318.
288 3338 361 3389 Hinc
380 3337 477 3388 verber
499 3329 528 3386 oi
551 3331 583 3386 ri
605 3328 716 3386 Μιλόαι
766 3335 877 3400 reliqui,
901 3333 973 3399 quod
996 3333 1074 3384 codd.
1099 3335 1237 3396 fererant,
1263 3329 1310 3383 Al-

174 3399 236 3458 τότε
255 3399 382 3469 Σόλυμοι
396 3399 552 3468 ἐκαλέοντο,
572 3405 664 3456 mulim
676 3407 716 3456 sic
765 3402 849 3469 νέως,
869 3405 979 3455 Struvio
996 3401 1123 3468 (Specim.
1138 3405 1176 3454 ΙΙ.
1196 3404 1229 3453 de
1245 3403 1309 3454 dial.

174 3476 356 3542 interpretari:
374 3475 431 3538 -,,Ιι“
459 3478 501 3540 qui
526 3491 590 3526 nuno
618 3475 718 3541 Milyae
765 3474 899 3525 Herodot.
924 3490 949 3539 p.
970 3473 997 3538 7)
1021 3477 1132 3523 auctore
1150 3475 1309 3524 mutandum

174 3548 304 3606 dicantur,
324 3553 373 3594 tren
391 3543 462 3609 (cum
481 3561 520 3596 ec.
539 3545 625 3594 omnis
644 3549 716 3594 terrs
766 3545 795 3594 in
813 3539 924 3608 Αίηέος,
944 3541 1017 3608 quod
1034 3542 1098 3591 inde
1116 3542 1248 3592 dederunt
1269 3559 1310 3592 re-

174 3617 261 3682 Lycia
278 3615 412 3666 diceretur
431 3613 545 3679 Milyas)
565 3613 659 3680 Solymi
675 3629 716 3664 οο-
767 3611 851 3664 oeritt.
878 3612 940 3664 edd.
969 3613 1127 3675 Sarpedonis
1155 3627 1253 3661 nomeu
1274 3611 1310 3661 le·

174 3685 327 3736 cabannef‘
362 3687 455 3736 Hosce
477 3684 575 3749 Milyas
594 3683 717 3734 nominat
767 3684 841 3749 gitur
857 3684 884 3732 in
897 3683 1003 3733 Graeca
1018 3681 1194 3745 inscriptione
1214 3679 1309 3746 (Corp.

175 3757 275 3806 Noster
294 3755 357 3816 vn,
382 3755 415 3804 77
432 3757 460 3804 et
474 3755 526 3816 111,
546 3753 588 3806 00.
605 3751 717 3820 Solymos
768 3753 854 3803 Inscr.
868 3751 914 3803 Gr.
925 3751 988 3803 Vol.
1000 3751 1054 3801 111.
1069 3765 1110 3800 nr.
1123 3747 1215 3812 4240),
1235 3751 1310 3801 item-

174 3826 201 3874 in
217 3825 302 3890 Lycia
315 3839 423 3889 quoquc
437 3824 514 3874 norit
527 3823 661 3874 Homerus
672 3823 716 3874 Ili.
768 3839 820 3888 que
849 3815 1037 3885 Σαρπηδονλς
1062 3835 1104 3869 nr.
1128 3818 1204 3870 4280.
1231 3821 1309 3872 4200.

173 3895 223 3956 VI,
243 3893 293 3944 184
309 3897 337 3944 et
349 3893 449 3958 Odysr.
463 3893 496 3958 V,
510 3893 570 3955 282,
583 3893 631 3944 ubi
643 3893 715 3944 coni.
768 3891 846 3944 4205.
883 3891 926 3940 Ad
944 3905 1037 3941 vocem
1056 3879 1218 3949 ἐξελασθεὶς
1236 3889 1308 3942 coni.

174 3963 297 4014 Nitzsch.
312 3979 339 4030 p.
352 3965 396 4014 45.
432 3963 507 4013 Inter
526 3963 627 4028 copias,
648 3978 717 4027 quse
768 3961 792 4024 1,
812 3961 862 4012 108
879 3961 971 4026 ibique
989 3961 1058 4010 nott.
1076 3985 1112 3998 -·
1129 3949 1184 4008 ιἰνόι
1203 3953 1310 4023 χρόνον

174 4033 290 4084 Xerxem
301 4037 452 4098 sequuntur
469 4037 564 4083 contra
576 4031 717 4084 Graeciam
771 4037 813 4082 est
830 4034 947 4093 tempor-ir
966 4043 1083 4080 successu
1101 4043 1123 4082 s.
1147 4029 1268 4091 decursu,
1290 4031 1309 4084 i.

174 4102 407 4166 proficiscentem,
440 4101 579 4154 Choerilus
612 4117 718 4168 quoque
771 4117 794 4151 e.
811 4109 879 4164 post.
917 4099 988 4150 Nam
1003 4088 1111 4149 civrihic
1126 4105 1310 4164 quoquetem·

175 4177 368 4237 geutem‚quae
379 4171 718 4238 iuSolymr'smontibusha-
769 4171 842 4235 poris
860 4168 1013 4219 continuati
1030 4169 1167 4218 notionem
1185 4170 1310 4228 retinere,

173 4241 286 4304 bitsrit,
306 4249 578 4292 commemoraverat:
598 4241 626 4292 id
645 4239 717 4307 quod
769 4255 823 4290 unu
841 4238 962 4290 dubium.
998 4237 1077 4289 Coui.
1099 4237 1256 4290 Fischcrunr
1274 4241 1310 4290 ud

174 4309 208 4360 de
217 4309 321 4362 Iudaeis
336 4310 471 4362 intellexit
480 4310 613 4374 Iosephus
628 4313 715 4361 contr.
768 4307 879 4359 Weller.
899 4307 951 4370 ΙΙΙ,
970 4322 996 4358 a.
1014 4321 1078 4372 pag.
1099 4307 1157 4358 103.
1195 4310 1236 4358 Ex
1257 4311 1311 4359 lle-

173 4379 272 4444 Apion.
289 4380 312 4432 1.
337 4395 364 4445 p.
388 4381 449 4432 454.
474 4379 507 4430 Τ.
531 4379 572 4431 ΙΙ.
594 4379 637 4430 ed.
660 4379 717 4430 Ha·
767 4376 996 4440 rodotocoui.ll,
1013 4376 1072 4428 151.
1091 4376 1125 4436 V,
1138 4377 1254 4440 27711,
1269 4379 1309 4429 10.

1033 4455 1099 4520 22*
1192 4503 1197 4514 .
