3064 4940
205 271 288 360 ‘154
661 297 929 360 unaonour

227 493 355 560 γνωσε,
373 473 556 561 ἐνοικίσθη.
584 469 748 560 ἀνορύξας
763 473 801 543 di
818 469 878 543 τὸν
891 469 1016 557 τάφον,
1038 469 1149 540 καὶτὰ
1169 467 1266 542 ὀστέα
1281 480 1362 542 συλ-

227 577 335 658 λέξας,
357 587 464 665 οἴχετο
478 578 595 664 φέρων
615 578 648 657 ἐς
662 576 833 667 Σπάρτην.
862 577 917 645 καὶ
931 571 996 644 ἀπὸ
1010 573 1131 645 τούτου
1151 581 1211 644 τοῦ
1226 576 1363 666 χρόνον,

226 676 312 760 ὅκως
326 681 491 776 πειρῴατο
505 678 678 770 ἀλλήλων,
702 686 815 775 πολλῷ
828 681 1066 767 κατυπέρτεροι
1084 685 1131 772 τῷ
1145 684 1278 774 πολέμῳ
1293 683 1362 769 ἐγί-

227 813 327 855 νοντο
350 791 384 856 οἰ
399 783 675 874 Λακεδαιμόνιοι·
709 783 774 876 ἤδη
796 788 837 856 ds‘
856 806 918 873 σφι
938 785 995 852 καὶ
1014 777 1035 871 ἡ
1057 781 1163 873 πολλὴ
1184 789 1242 874 τῆς
1255 795 1362 856 Πελο-

228 888 399 980 ποννήσου
413 881 457 980 ἦν
470 891 749 978 κατεστραμμένη.

226 1093 358 1158 Exempla
370 1093 527 1158 suppeditat
538 1091 712 1158 wesseling„
727 1093 771 1143 cui
821 1092 895 1143 ricae
913 1096 1018 1157 gentes,
1036 1089 1121 1142 dediti
1144 1091 1254 1141 luerint.
1283 1091 1363 1142 Narn-

227 1164 296 1214 alios
315 1163 384 1212 adde
402 1165 475 1213 viros
495 1163 590 1213 doctos
609 1179 626 1212 a
643 1179 685 1214 me
699 1164 770 1213 cxci·
821 1178 873 1228 qne
896 1167 1029 1225 mortuos,
1059 1160 1213 1226 praeclaros
1240 1161 1363 1226 inprimis

227 1238 299 1282 talos
325 1232 360 1282 ad
378 1233 517 1284 Plutarch.
544 1233 639 1296 Pyrrh.
661 1249 688 1298 p.
707 1232 768 1284 Ι203.
820 1233 903 1294 viros,
923 1247 982 1282 eam
1000 1231 1097 1296 ipsam,
1112 1233 1162 1282 sub
1175 1247 1229 1297 qua
1246 1233 1362 1294 iaceant,

226 1303 297 1354 Add.
316 1303 418 1354 Ilerod.
438 1305 461 1361 1.
479 1303 539 1354 205.
560 1303 608 1366 1x,
628 1304 670 1354 31.
820 1307 921 1352 terram
938 1317 1109 1364 conservare,
1125 1302 1305 1368 custodesque
1317 1301 1363 1352 bo·

261 1364 355 1438 χρόνῳ
379 1368 411 1422 di
439 1368 477 1430 ὡς
506 1363 658 1441 ἀνέγνωσε]
685 1374 769 1434 „Post
820 1373 922 1422 minum
935 1389 967 1422 ac
980 1372 1137 1437 depulsores
1153 1373 1283 1423 malorum
1296 1373 1362 1435 lieri,

225 1459 285 1494 uera
310 1459 363 1492 cum
394 1445 419 1493 ei
443 1445 646 1508 pmsuasissetf‘
676 1435 769 1508 χρόνῳ
820 1447 899 1494 vetus
918 1447 979 1493 erat
997 1443 1165 1506 superstitio.
1200 1443 1363 1494 observavit

226 1512 343 1564 reddunt
358 1521 463 1578 postem
487 1513 643 1564 accuratius
661 1513 767 1564 forsan:
820 1529 928 1580 quoqne
942 1512 1062 1564 Lmaulx
1077 1511 1201 1577 (Geolog.
1220 1513 1362 1566 d.Griech.

226 1585 342 1646 tenrpom's
373 1586 458 1646 spatio
492 1585 599 1648 loupiori
631 1587 768 1641 interiecto,
820 1599 846 1634 u.
872 1585 950 1634 Rom.
972 1599 999 1648 p.
1024 1585 1041 1632 t)
1067 1599 1142 1649 seqq.
1168 1583 1225 1634 sive
1249 1583 1362 1634 Studien

226 1669 293 1714 sero,
312 1653 411 1703 tandem
429 1657 454 1704 ei
475 1651 588 1718 (diutius
611 1653 767 1714 reluctanti)
820 1653 847 1705 d.
868 1653 950 1704 class.
968 1653 1084 1704 Alterth.
1098 1669 1125 1718 p.
1137 1656 1153 1704 5
1167 1655 1265 1718 seqq),
1275 1655 1302 1704 in
1320 1653 1361 1703 bis

225 1738 278 1772 cam
299 1727 480 1786 persuasisset.
514 1723 560 1774 sie
583 1723 705 1774 Fischer.
734 1721 768 1772 ad
820 1741 853 1775 ac
871 1723 1005 1773 similibus
1024 1729 1146 1774 veterum
1162 1725 1362 1774 narrationibus

225 1792 335 1845 Weller.
360 1795 415 1856 ΙΙΙ,
435 1811 461 1845 a.
486 1811 512 1858 p.
535 1793 600 1856 222,
624 1809 658 1844 ne
680 1793 767 1859 plura.
820 1794 853 1845 de
872 1793 1051 1844 cadaveribus
1067 1794 1231 1859 ossibusque
1246 1794 1363 1844 humana

227 1864 320 1928 Ipsum
348 1855 511 1928 ἀναγνῶσαι
534 1863 674 1914 Herodoto
697 1862 768 1912 idem
820 1865 908 1915 forma
925 1880 958 1914 ac
980 1865 1071 1928 speeie
1092 1865 1237 1915 maioribus
1257 1881 1271 1915 e
1290 1870 1363 1916 terra

224 1933 315 1984 valere
333 1939 415 2000 atque
432 1933 515 1996 vulgo
533 1924 695 1993 ἀναπεῖσαι,
714 1934 768 1982 iam
818 1936 880 1999 ipsa
895 1933 1053 2000 plerumque
1074 1935 1180 1986 effossis
1194 1935 1280 1986 latere
1298 1951 1361 2000 quo-

225 2010 332 2054 veterss
375 2004 552 2055 Grammatiei
592 2009 767 2054 annotarunt.
819 2005 963 2055 dammodo
979 2007 1098 2069 vestigia
1120 2007 1221 2056 ossium
1244 2006 1361 2070 petreia·

225 2074 315 2136 Cous„
334 2091 368 2124 ne
391 2074 477 2139 plura,
501 2073 619 2124 Belrlreri
645 2073 767 2125 Anecdd.
819 2080 933 2136 ctorum,
950 2075 1042 2140 qualia
1059 2075 1131 2126 haud
1149 2092 1237 2140 panca
1254 2075 1297 2125 vel
1316 2091 1362 2126 no-

225 2144 263 2194 11.
282 2161 308 2208 p.
327 2143 387 2206 743,
409 2143 450 2194 tt.
583 2203 591 2220 ,
818 2151 877 2196 stra
894 2147 984 2196 aetate
1004 2145 1113 2196 detecta
1136 2151 1200 2196 sunt
1221 2145 1361 2196 beluarum

261 2205 404 2275 ἀνορύξας
427 2207 459 2262 di
482 2204 534 2262 τὸν
556 2225 650 2276 ταφον
673 2243 708 2252 -
727 2209 768 2261 ol·
819 2215 976 2280 grandium,
1004 2231 1075 2280 quae
1104 2217 1139 2266 ad
1167 2221 1289 2279 tempora
1315 2215 1362 2266 lro·

225 2298 289 2348 χετο
320 2280 416 2346 φέρων
450 2272 477 2340 ἐς
508 2273 659 2348 Σπάρτην]
690 2283 768 2346 Quod
820 2287 1089 2336 dieruumterrarum
1104 2290 1203 2335 etatum
1222 2285 1361 2349 longean-

226 2353 332 2404 Orestis
355 2352 462 2403 ossIbus
493 2353 685 2416 recuperandis
707 2358 767 2402 tan·
817 2356 973 2406 tecedentia
996 2356 1158 2406 referuntur.
1191 2354 1269 2415 Quod
1295 2369 1359 2403 vero

225 2429 282 2474 tam
301 2439 409 2488 operam
426 2423 606 2488 impenderint
629 2423 765 2485 Spartani,
818 2425 940 2477 Uscbold
958 2425 1068 2486 (Gesch.
1088 2423 1114 2474 d.
1138 2424 1236 2473 troian.
1260 2423 1358 2485 Kriegs

226 2495 348 2545 declarat
376 2493 530 2544 Pausaniae
551 2491 627 2543 locus
649 2493 765 2556 111,.16.
818 2513 844 2560 p.
875 2494 926 2546 1811
947 2494 1016 2560 seq.)
1042 2495 1147 2544 OrestIs
1171 2506 1359 2542 commemora-

226 2569 251 2628 §-
275 2565 306 2626 6,
328 2564 374 2614 ubi
397 2563 521 2629 legImuq
549 2563 672 2614 Orestem
702 2563 766 2614 olim
817 2567 918 2617 tionem
937 2563 965 2613 in
977 2564 1065 2614 media
1075 2563 1192 2614 Arcadia
1201 2562 1288 2626 repeti
1300 2559 1361 2611 vult

224 2636 340 2699 Spartae
359 2650 449 2699 regem
472 2634 567 2684 fuisse.
599 2635 684 2696 Quem
703 2649 767 2684 eun·
817 2634 978 2702 agentibus
1002 2634 1143 2684 Thracicis
1167 2634 1195 2682 in
1217 2633 1288 2682 hanc
1307 2636 1360 2682 ter·

225 2707 285 2756 dem
303 2705 331 2753 in
343 2705 460 2754 Arcadia
473 2707 605 2754 mortuum
619 2719 687 2766 esse,
706 2719 766 2754 cum
816 2723 874 2758 ram
892 2703 956 2754 olim
974 2705 1118 2770 profectis,
1142 2703 1207 2754 mihi
1225 2719 1281 2754 non
1302 2719 1360 2768 per-

225 2775 358 2826 coloniam
383 2775 411 2824 in
434 2773 574 2825 Aeolidem
598 2773 722 2837 duceret,
741 2779 768 2824 et
820 2774 916 2828 suasit.

224 2845 332 2912 quidem
351 2846 571 2909 propsTegeam‚
590 2861 621 2894 eo
634 2843 704 2906 loco,
723 2845 768 2894 cni
854 2833 928 2901 ὅκως
948 2833 1099 2907 πειρῴατο]
1118 2841 1207 2905 Vulgo
1226 2832 1360 2902 ἐπειρῶν-

223 2932 320 2966 οοπιοο
336 2906 495 2976 Ὀρεστεῖον
510 2914 623 2971 (Ηοτοᾱ.
640 2915 687 2972 IX,
703 2913 766 2979 II.),
818 2930 859 2974 το,
879 2913 950 2980 qnod
961 2912 1112 2977 schweich.
1125 2914 1242 2963 mutavIt
1259 2914 1287 2962 iu
1301 2902 1359 2960 ἔπι-

224 2987 271 3038 ο111
305 3000 412 3051 quoque
443 2988 582 3035 testantur
610 2985 765 3048 scriptores.
818 2979 1067 3048 respuerentur.
1078 2984 1106 3032 in
1118 2974 1359 3047 πειρῴατοςηοοο

223 3056 301 3106 Unde
325 3057 445 3120 Tegeam
469 3069 532 3104 ossa
554 3053 688 3104 translata
706 3069 767 3104 esse
819 3071 900 3120 quum
920 3054 1008 3120 magis
1027 3068 1059 3103 ex
1073 3068 1125 3103 usu
1135 3052 1360 3103 Herodoteoesse

224 3143 256 3176 eo
282 3126 369 3189 magis
397 3127 609 3174 consentaneum
633 3128 687 3186 est,
711 3139 765 3189 quo
816 3122 1359 3186 videretur,adscivimusprobanteGras·

223 3196 338 3259 Aerope,
359 3193 465 3244 Orestis
488 3195 566 3252 avia,
588 3193 766 3257 Agamemno·
815 3195 865 3244 hof
887 3193 1045 3258 (Schulaeit.
1077 3193 1152 3243 1832.
1176 3209 1219 3243 nr.
1245 3193 1305 3244 120.
1331 3209 1357 3257 p.

223 3267 319 3330 nisque
338 3269 432 3325 mater,
451 3279 536 3325 geniis
555 3263 671 3313 ducebat
688 3265 766 3314 aTe-
816 3263 889 3326 1161),
907 3264 1032 3314 Dindorf.
1052 3263 1092 3330 (p.
1112 3262 1257 3325 XXVIII.)
1276 3269 1358 3329 atque

223 3341 306 3398 penta
321 3351 387 3396 avo,
411 3333 458 3399 qui
480 3334 538 3398 ipse
566 3335 685 3399 Tegeam
703 3349 766 3383 con·
814 3336 874 3398 ipso
898 3335 980 3383 etiam
1003 3339 1033 3384 nt
1061 3332 1170 3383 ridetur
1191 3333 1308 3385 Bredov.
1332 3351 1357 3398 p.

223 3405 324 3456 didisse
343 3405 490 3455 ferebatur.
514 3404 550 3454 ci.
575 3404 666 3455 Strab.
683 3403 764 3454 XIII.
815 3403 876 3456 330.
907 3401 968 3454 331.
1008 3403 1155 3468 vulgatam
1194 3394 1358 3468 ἒπειροὶατο,

223 3494 249 3542 p.
281 3477 332 3527 872
363 3475 393 3527 O.
425 3473 555 3539 Stephan.
583 3475 650 3534 Byr.
684 3489 707 3524 s.
736 3489 763 3522 v.
815 3474 892 3524 cuins
910 3474 970 3523 loco
988 3487 1057 3522 nnus
1074 3473 1144 3522 liber
1160 3465 1358 3533 praebaltea-

233 3545 360 3613 Oos'orus.
395 3545 513 3596 Pausau.
545 3543 630 3605 VIII,
659 3543 675 3594 3
702 3542 763 3592 coll.
815 3541 954 3596 aiaraita
965 3543 1076 3592 retineri
1086 3543 1147 3593 vult
1157 3543 1219 3593 Elia
1230 3544 1357 3608 (Quaest.

221 3619 303 3678 VIII,
327 3617 370 3678 bl,
394 3615 420 3666 3.
457 3617 500 3665 De
523 3613 629 3664 Orestis
651 3613 764 3663 coloniis
815 3612 936 3663 Herodd.
957 3629 984 3676 p.
1004 3614 1019 3662 7
1038 3629 1113 3678 seqq.
1134 3614 1192 3663 sire
1209 3613 1322 3664 Jahrbb.
1337 3613 1357 3661 I.

220 3687 276 3738 vid.
301 3686 438 3737 Hellanici
465 3685 591 3750 fragmm.
614 3699 641 3748 p.
665 3683 699 3732 tn
718 3683 763 3733 ed.
815 3681 914 3734 Philol.
938 3697 964 3732 u.
989 3683 1109 3748 Paedag.
1134 3682 1227 3746 Suppl.
1257 3683 1306 3734 IX.
1329 3699 1356 3746 p.

222 3759 312 3808 Stura.
335 3755 396 3805 coll.
422 3754 573 3818 Pherecyd.
593 3754 716 3816 Iragmm.
736 3767 762 3816 p.
818 3752 899 3816 tlt),
917 3758 948 3801 nt
960 3752 1046 3802 forma
1060 3753 1210 3817 imperfecti
1228 3752 1359 3804 mendosa

221 3827 273 3876 210
291 3825 380 3874 Stura.
405 3823 446 3874 Ae
468 3824 584 3889 denique
609 3822 718 3872 omnino
741 3822 764 3869 si
816 3827 996 3872 commutetur
1014 3824 1041 3872 in
1061 3813 1227 3884 ἐπειρῶντο.

222 3909 347 3960 quaeras,
367 3909 420 3957 qno
443 3897 502 3943 tota
523 3895 579 3942 ista
601 3891 635 3940 de
659 3891 764 3942 Orestis
850 3881 908 3954 ἤδη
937 3888 969 3939 ds'
993 3905 1043 3954 σφι
1072 3887 1120 3942 καὶ
1147 3883 1165 3954 ἡ
1194 3883 1284 3955 πολλὴ
1307 3889 1358 3955 τῆς

221 3963 355 4014 cadavere
382 3963 502 4011 namatio
540 3965 645 4026 spectet
677 3961 764 4025 deque
816 3951 1040 4022 Πελοποννήσου
1062 3947 1100 4024 ἦν
1117 3958 1356 4024 κατεστραμμένη]

221 4033 293 4083 lllius
316 4033 343 4080 vi
368 4031 497 4092 mirifica,
523 4030 595 4080 unde
617 4031 764 4094 Spartano·
816 4029 894 4092 Quod
912 4029 1053 4078 verissime
1073 4030 1127 4081 dici
1150 4048 1167 4081 a
1188 4032 1289 4080 Nostro
1313 4031 1359 4080 ob-

220 4118 279 4153 rum
299 4101 373 4151 salus
391 4115 531 4164 arrapensa,
543 4101 597 4148 iam
615 4116 632 4148 a
647 4101 689 4151 Or.
710 4115 765 4150 mo·
815 4103 906 4148 servat
918 4097 1357 4168 Schlosserns(Universalgesch.

220 4173 307 4222 nitnm
330 4175 372 4221 est
401 4169 515 4233 (Comm.
543 4169 664 4219 Herodd.
688 4170 710 4220 Ι.
736 4185 764 4233 p.
815 4170 837 4228 Ι,
860 4169 883 4219 Ι.
904 4185 930 4232 ρ.
949 4167 1022 4230 3:³3).
1052 4169 1121 4218 Nam
1141 4170 1262 4232 reIanae
1282 4169 1358 4219 Pelo·

221 4241 309 4306 306),
337 4244 461 4305 spectare
487 4237 554 4287 haee
586 4238 621 4287 ad
643 4239 764 4289 Manium
815 4239 927 4303 ponnesi
947 4239 1073 4288 ciuitates
1092 4255 1124 4288 ea
1148 4243 1240 4288 astate
1263 4253 1358 4302 parurn

220 4313 376 4376 Larumque
400 4308 561 4373 religiones,
593 4308 690 4370 quibus
712 4310 765 4358 La·
814 4307 922 4357 validae
945 4323 995 4357 nec
1011 4307 1066 4358 ullo
1085 4307 1164 4356 modo
1184 4303 1358 4373 pareaqna'e

221 4397 302 4435 cenes
320 4397 374 4434 uon
393 4381 495 4440 minus,
520 4391 600 4444 quarn
619 4377 691 4428 aliae
708 4380 764 4428 Do·
813 4376 1037 4428 Lacedaemoniis
1054 4377 1223 4429 resisterent.
