3020 4930
249 313 310 377 868
645 307 913 371 EXOURSUS
936 309 986 370 IX

247 488 295 558 qui
314 483 481 538 Sesostridis
503 501 549 536 res
575 484 610 535 cd
629 482 784 554 Aegyptum
804 489 951 553 moresque
976 481 1135 534 ediscentes
1157 496 1189 531 ec
1209 477 1316 532 vicinos
1339 495 1383 530 re-

246 570 347 638 stringi
363 568 465 622 veiieut
476 565 519 637 *),
540 585 630 638 neque
647 577 742 620 nostre
757 575 847 621 estete
863 567 1004 636 defuisse,
1023 566 1071 636 qui
1086 565 1120 617 ed
1133 565 1241 618 ieboies
1256 569 1306 616 eut
1322 580 1384 616 car-

245 657 316 709 mine
331 655 407 724 epice
423 655 579 721 reiicerent,
595 669 776 723 quaecunque
791 659 902 706 veteres
917 653 951 704 de
963 649 1122 705 Sesostride
1137 649 1314 702 tradiderunt
1324 645 1383 715 **)‚

245 741 284 792 ito
301 739 485 792 Sesostridem
507 737 580 790 hunc
604 743 682 791 extre
698 739 853 808 Aegyptum
876 739 903 790 in
925 737 993 789 elios
1010 735 1120 790 Africae
1143 743 1171 788 et
1187 733 1271 786 Asiae
1289 741 1384 786 terres

245 826 370 894 adeoque
393 824 421 876 in
446 823 546 893 ipsam,
574 824 598 875 si
621 823 726 892 placet,
752 825 890 892 Europum
916 824 1067 892 proiectum
1082 839 1146 874 esse
1168 819 1305 888 armisque
1322 817 1384 870 suis

245 909 343 964 muitss
368 915 476 961 exteros
493 919 590 976 gentes
607 909 635 960 in
657 909 787 961 ditionem
806 907 949 976 redegisse
975 925 1025 960 cur
1040 923 1153 974 negem,
1178 904 1278 957 nullom
1301 903 1383 955 video

246 1011 354 1048 causam
370 993 509 1062 idoneum,
532 993 602 1063 ipsis
617 994 759 1046 veteribus
776 993 959 1062 scriptoribus
981 993 1008 1045 in
1028 991 1122 1044 heere
1140 989 1383 1042 consentientibus

246 1097 305 1133 cuso
322 1079 520 1147 Aegyptiorum
536 1079 731 1146 monumentis,
754 1095 825 1147 quee
842 1079 924 1130 huius
941 1078 1016 1146 regis
1032 1074 1124 1142 belle,¹
1138 1091 1265 1145 pugnes,
1284 1073 1383 1126 trium·

245 1166 315 1234 phos
332 1162 474 1230 exhibent,
502 1163 626 1233 adeoque
646 1163 771 1232 captivos
787 1162 924 1216 veriorum
945 1169 1081 1214 terrerum
1098 1169 1254 1214 exterorum
1277 1157 1385 1210 sistunt

246 1267 263 1302 s
278 1267 344 1318 rege
359 1248 492 1300 adductos
510 1249 593 1318 idque
617 1247 709 1300 addite
728 1247 909 1317 inscriptione
932 1251 1090 1316 exponunt;
1116 1261 1172 1315 que
1188 1244 1222 1296 de
1235 1263 1266 1296 re
1282 1243 1336 1295 siis
1354 1249 1386 1294 ut

247 1335 374 1401 omittam,
390 1333 434 1386 vei
452 1333 480 1386 in
497 1351 529 1386 eo
544 1333 740 1403 inscriptione,
757 1333 872 1402 quaein
890 1331 1019 1385 Obelisco
1035 1331 1138 1398 iegitur
1151 1329 1276 1381 Parisios
1293 1343 1385 1396 nuper

245 1425 421 1486 transvecto,
451 1418 563 1471 dubium
585 1435 639 1470 non
662 1424 706 1470 est
731 1419 930 1470 commemorari
958 1435 990 1468 eo
1009 1415 1162 1485 praedicari
1184 1412 1384 1466 Sesostridem-

246 1503 380 1569 Rsmsen,
403 1503 450 1572 qui
470 1503 593 1556 victoriis
611 1519 745 1556 armorum
764 1503 792 1554 vi
819 1502 969 1572 reportetis
992 1519 1095 1554 omnem
1119 1499 1263 1568 subegerit
1283 1505 1386 1550 terrem

246 1589 436 1659 peregrinum,
463 1589 511 1658 qui
529 1605 631 1640 omnem
647 1593 783 1640 terrerum
798 1590 889 1640 orbem
904 1588 993 1640 animo
1010 1605 1062 1639 suo
1081 1593 1239 1639 trementem
1254 1582 1384 1636 reddide-

246 1673 284 1726 rit
298 1681 326 1726 et
340 1689 391 1724 suo
408 1673 520 1741 imperio
535 1672 673 1726 addiderit
687 1671 777 1724 victor
791 1673 969 1741 fortissimus,
986 1679 1015 1724 et
1029 1689 1100 1742 quoe
1115 1677 1183 1724 sunt
1198 1669 1280 1720 huius
1298 1685 1384 1736 gene-

248 1757 287 1812 ris
303 1755 484 1825 similis***).
512 1757 609 1826 Iteque
625 1757 704 1827 sequi
720 1757 807 1810 melini
822 1757 1010 1825 Roseliinium‚
1027 1757 1075 1826 qui
1093 1763 1220 1809 sccurete
1236 1752 1385 1806 recensitis

248 1843 373 1896 omnibus
389 1842 424 1894 iis
440 1843 628 1910 monumentis,
650 1859 721 1912 quoe
736 1843 771 1894 ed
787 1844 859 1895 hrrrrc
874 1861 976 1911 regern,
993 1849 1126 1912 quantum
1139 1841 1166 1893 id
1182 1839 1290 1909 quidem
1306 1845 1385 1890 certo

248 1933 378 1993 constet,
404 1927 544 1997 pertinent
566 1929 601 1980 ud
625 1933 767 1998 utromque
789 1927 847 1979 Nili
869 1928 954 1997 ripem
974 1935 1002 1981 et
1015 1927 1120 1980 Thebis
1142 1935 1171 1978 et
1192 1942 1278 1994 prope
1297 1923 1386 1975 iocum

248 2012 386 2084 Ipsembui
404 2012 521 2082 aliisque
537 2012 605 2064 locis
625 2018 731 2079 erecte,
756 2013 904 2081 diligenter
925 2012 1058 2082 expositis
1076 2028 1187 2082 quoque
1208 2008 1386 2077 imaginibus,

249 2099 351 2168 quibus
367 2097 449 2149 huius
466 2097 540 2164 regis
557 2115 602 2149 res
618 2097 645 2148 in
660 2097 730 2149 beiio
742 2103 838 2166 gestae
853 2115 885 2150 ec
899 2098 1023 2150 iocinore
1037 2097 1189 2166 parietibus
1204 2093 1292 2146 incise
1309 2092 1389 2145 exhi*

248 2184 363 2249 beetur,
384 2190 412 2234 et
430 2181 572 2251 explicetis
587 2181 832 2250 inscriptionibus,
849 2199 921 2252 quse
936 2183 1009 2235 notis
1025 2179 1239 2251 hieroglyphicis
1255 2185 1387 2230 exeretee

250 2268 325 2336 regis
336 2266 442 2334 leudes,
459 2285 567 2335 preces,
582 2284 626 2320 ros
640 2268 727 2318 iectus
738 2267 932 2335 celebrium),
949 2269 1058 2320 brevem
1073 2273 1248 2336 conspectum
1260 2262 1389 2316 exhibuit

250 2352 382 2417 omnium,
399 2367 469 2420 quoe
485 2351 519 2404 de
530 2351 687 2404 Sesostride
703 2351 818 2422 eiusque
833 2353 917 2404 rebus
932 2351 1020 2420 gestis
1036 2369 1070 2404 ex
1085 2351 1127 2404 his
1142 2348 1324 2404 monumentis
1341 2365 1387 2400 co-

249 2435 346 2504 gnosci
364 2441 496 2503 possunt:
514 2435 578 2488 inde
591 2436 660 2489 enim
676 2436 829 2504 edocemur,
847 2437 974 2504 Ramsen,
991 2436 1072 2489 victis
1087 2443 1115 2488 et
1124 2435 1286 2505 Aethiopiae
1298 2439 1327 2486 et
1338 2432 1387 2486 Li-

249 2521 320 2586 byae
332 2519 462 2586 gentibus
471 2519 596 2588 Aegypto
610 2521 717 2590 vicinis,
729 2539 802 2575 enne
810 2521 930 2574 vertisse
941 2524 1037 2574 contis
1047 2539 1094 2574 ees
1103 2521 1185 2573 Asiae
1193 2527 1301 2588 gentes,
1314 2535 1390 2588 quee

250 2603 418 2656 Sesostridis
429 2609 515 2670 petre,
532 2621 548 2654 a
558 2621 613 2672 quo
624 2605 676 2660 iem
688 2605 810 2660 devictae
824 2613 912 2674 erent,
927 2613 1042 2674 mortuo,
1059 2613 1091 2658 ut
1101 2606 1218 2673 videtur,
1235 2603 1389 2658 rebeileve-

250 2695 313 2742 rent
324 2686 447 2755 eliasque
463 2687 542 2740 etiem
553 2695 651 2756 gentes
664 2690 755 2757 Asiae,
772 2692 912 2758 etSyriue,
927 2709 960 2744 ec
966 2690 1190 2760 Mesopotamiae,
1207 2688 1326 2742 etAsise
1338 2688 1388 2742 mi-

251 2771 337 2840 noris,
354 2787 444 2824 secum
460 2777 610 2840 traxerant,
627 2773 699 2825 inter
714 2792 784 2843 ques
800 2777 912 2828 foedere
928 2777 1090 2829 coniunctos
1105 2775 1255 2845 principem
1270 2775 1331 2827 iere
1347 2773 1388 2826 io-

251 2875 311 2910 cum
319 2855 442 2909 tenuisse
455 2855 582 2908 videntur
592 2857 620 2920 ii,
637 2857 769 2926 quiSeeto
780 2867 912 2913 vocantur
927 2861 998 2930 (vid.
1007 2868 1076 2914 nott.
1087 2861 1121 2913 ed
1130 2860 1249 2927 Ii,103).
1273 2859 1388 2922 Quibus

252 2942 332 2994 victis
344 2947 372 2994 et
382 2941 416 2993 ed
427 2940 587 3009 obsequium
599 2941 737 3008 reductis,
753 2944 906 3010 quindecim
917 2946 1087 3015 postumus,
1101 2946 1160 2998 sive
1172 2961 1244 2996 onrro
1255 2943 1388 2997 vicesimo

251 3027 337 3096 primo
354 3025 433 3093 regni
448 3025 616 3078 Sesostridis
632 3043 703 3078 nove
718 3025 830 3080 rebellio
846 3037 943 3082 exorto
958 3049 1021 3083 esse
1038 3031 1165 3096 videtur,
1187 3046 1267 3098 quem
1282 3029 1386 3082 foedus

250 3112 324 3164 inter
340 3109 524 3162 Sesostridem
544 3119 572 3163 et
587 3129 677 3178 regem
697 3112 789 3178 gentis
805 3113 887 3164 huius
912 3115 1008 3166 initum
1031 3115 1130 3167 finivit.
1160 3113 1217 3166 Tot
1233 3114 1321 3182 igitur
1337 3131 1388 3166 en-

252 3196 297 3248 nis
319 3213 369 3264 per
384 3193 454 3247 belh
469 3203 497 3246 et
511 3194 678 3264 longinquas
700 3196 888 3264 expeditiones
904 3199 1053 3252 consumtis
1069 3201 1103 3252 ed
1124 3207 1221 3268 gentes
1243 3205 1354 3252 exteros
1371 3217 1389 3250 a

252 3287 330 3349 petre
350 3279 438 3332 victos
460 3279 488 3331 in
513 3280 646 3351 obsequio
662 3279 820 3334 retinendos
842 3281 966 3352 eliasque
984 3284 1064 3336 etism
1085 3285 1198 3354 imperio
1214 3283 1387 3336 adiiciendss

253 3365 281 3418 in
296 3363 389 3418 Africo
410 3381 496 3434 oeque
511 3372 595 3434 utque
614 3365 642 3416 in
658 3364 740 3432 Asia,
763 3365 901 3418 Sesostris
917 3366 1050 3436 reliquum
1070 3369 1149 3438 regni
1164 3375 1287 3438 tempus,
1309 3368 1390 3438 quod

253 3457 298 3503 est
311 3449 494 3519 quadraginta
510 3450 632 3520 quinque
656 3467 803 3516 annorum,
830 3451 989 3504 adhibuisse
1007 3453 1116 3506 videtur
1136 3457 1254 3524 (sequor
1267 3453 1388 3505 Roseiii-

255 3535 328 3587 nium
344 3534 362 3586 i.
382 3533 416 3600 i.)
438 3533 471 3586 od
491 3534 576 3603 ipsam
592 3533 712 3604 Aegypti
732 3541 831 3589 terrum
857 3535 982 3588 omnibus
1000 3538 1145 3592 commodis
1166 3537 1319 3605 eugendum
1335 3537 1388 3590 flo-

253 3627 413 3689 rentemque
436 3619 615 3686 reddendam,
639 3620 673 3671 ed
687 3619 785 3687 templa
802 3621 926 3673 ornende
938 3627 967 3674 et
985 3622 1189 3691 amplificanda,
1217 3621 1320 3692 peistie
1338 3639 1388 3674 ex-

254 3705 400 3770 struenda,
425 3703 477 3756 eiio
501 3704 529 3756 id
550 3721 649 3773 genus.
688 3703 765 3758 inter
782 3705 847 3758 hsec
861 3706 972 3760 maxime
990 3707 1108 3760 eminent
1123 3706 1287 3777 propylaeo,
1314 3723 1390 3776 quse

254 3789 359 3841 eddidit
373 3787 471 3858 templo
486 3789 545 3842 sive
561 3789 661 3859 peletio
678 3789 712 3841 eb
728 3788 1037 3859 Amenophi-Memnoue
1055 3799 1196 3846 exstructo
1210 3791 1238 3844 in
1256 3790 1389 3844 orientali

323 3917 350 3983 *i
377 3921 497 3982 Quorum
521 3921 548 3969 iu
567 3936 677 3970 numero
696 3925 806 3972 constat
824 3922 941 3986 Zoegom
960 3921 1046 3976 fuisse
1068 3923 1101 3974 de
1127 3921 1254 3972 obelisco.
1274 3937 1302 3986 p.
1323 3921 1387 3973 578.

253 3989 362 4040 Etenim
382 3989 498 4054 Aegypti
517 3991 699 4041 conditionem
720 3991 766 4040 illo
784 3995 904 4056 temporo
922 3993 1032 4043 minime
1052 4009 1112 4043 cem
1129 3991 1216 4042 subse
1229 3995 1327 4055 putet,
1354 3995 1389 4041 ut

254 4075 367 4124 magnos
386 4060 541 4110 istiusmodi
556 4061 744 4125 expeditiones
758 4062 787 4111 in
801 4061 880 4128 louge
898 4067 1017 4114 remotes
1035 4067 1123 4115 terres
1139 4065 1283 4126 susceptas
1296 4059 1389 4112 fuisse

255 4137 470 4182 consentaneum
489 4131 533 4180 sit.

324 4199 368 4262 **)
388 4200 466 4250 Coni.
485 4199 558 4249 Guii.
577 4197 700 4262 Sehlogel
716 4197 734 4247 l.
754 4199 826 4249 infre
845 4199 917 4252 lutrd.

324 4268 384 4333 ***)
401 4269 463 4320 vid.
480 4268 612 4319 Roseliini
629 4269 702 4318 Mon.
723 4273 790 4319 ster.
810 4270 862 4332 ΙΙΙ,
878 4273 903 4320 2.
924 4286 950 4335 p.
961 4271 1009 4322 199
1025 4285 1102 4335 seqq.
1121 4275 1149 4320 et
1164 4265 1298 4318 Solvoiini
1315 4267 1389 4317 Tre-

254 4337 367 4389 dnotion
385 4343 413 4388 et
430 4337 547 4402 Analyse
565 4337 769 4403 grernmoticeio
789 4343 841 4389 etc.
861 4355 887 4404 p.
906 4340 941 4392 90
959 4355 1035 4406 seqq.
1059 4339 1107 4392 109
1122 4351 1198 4402 seqq.

325 4407 354 4472 †)
373 4407 442 4459 Vide
460 4405 477 4456 1.
497 4405 515 4457 l.
534 4423 561 4471 p.
581 4407 710 4460 tto-292.
1209 4423 1213 4432 ·
