3020 4930
227 285 287 350 894
607 284 872 347 EXOURSUS
895 287 975 348 XVI

224 458 269 512 vel
289 455 434 510 arietinum
453 459 537 524 ceput
553 473 608 508 non
628 456 719 510 minue
737 474 818 529 quem
838 457 978 511 leoninum
998 473 1099 528 corpus
1116 457 1231 512 duceret
1244 457 1358 530 ipeique

224 542 326 596 arietes
349 540 451 608 integri
471 559 486 594 e
504 539 595 610 lepide
612 543 774 596 conformati
789 549 818 595 et
833 543 987 612 Sphingee,
1014 542 1111 614 quelee
1128 549 1192 596 ente
1208 542 1305 612 temple
1322 544 1358 596 eh

223 625 370 696 Aegyptiis
393 625 519 678 collocari
543 623 723 694 solebant*).
758 628 800 680 Ad
815 630 903 681 Solem
924 633 1051 697 spect-ere
1073 628 1189 698 eiusque
1209 628 1357 696 imaginem

223 711 284 764 eive
298 709 450 779 eymholum
465 710 594 764 exhibere
609 711 757 780 Sphingem
777 729 894 783 eumque
910 712 1058 766 musculum
1075 713 1176 766 docent
1195 713 1355 780 inscriptio-

224 813 274 848 nee
294 795 368 848 illiue
382 794 530 864 Sphingis,
554 813 633 866 quem
651 795 680 848 in
696 813 765 866 rupe
786 795 957 866 exsculptum
973 814 1059 866 cupre
1080 797 1356 862 commemoravimus,

223 880 372 934 vernaculo
393 896 518 932 sermone
537 896 611 932 nunc
629 880 752 934 redditae
768 898 784 932 e
798 878 1024 950 Brugechio**);
1050 880 1078 934 in
1100 881 1142 935 hie
1162 883 1232 936 enirn
1247 881 1356 951 Sphinx

223 966 399 1035 praedicetur
415 967 628 1033 Her-em-clne,
650 965 669 1018 i.
686 984 710 1018 e.
731 968 819 1021 Horret
840 968 869 1020 in
885 967 954 1020 Soli·
974 974 1063 1020 monte
1082 984 1106 1018 e.
1128 969 1216 1022 Hom
1230 972 1357 1038 fulgent.

224 1050 323 1122 lteque
343 1067 360 1102 e
377 1065 444 1102 vero
465 1050 594 1102 oberrare
614 1049 678 1102 mihi
693 1067 748 1103 non
768 1050 879 1118 videor,
906 1067 965 1104 cnm
981 1050 1133 1120 Sphingum
1152 1051 1298 1105 eimulecre
1321 1050 1356 1104 ed

223 1135 384 1206 templorum
398 1134 541 1188 introitum
560 1135 650 1204 posite
672 1134 707 1188 ed
720 1134 809 1188 Solem
833 1135 892 1188 eive
915 1136 983 1190 dece
1003 1135 1127 1204 tolerer,
1148 1137 1182 1189 ed
1202 1153 1274 1208 quoe
1288 1136 1357 1208 Iup—

224 1220 297 1290 piter
311 1219 423 1272 Ammon
443 1235 554 1290 quoque
573 1219 710 1288 pertinet,
731 1220 871 1289 pertinere
890 1221 1028 1282 ethorum
1047 1221 1161 1274 deorum
1181 1221 1357 1274 inhonorem

222 1305 376 1358 constitute
393 1303 515 1370 credem3
538 1321 586 1356 ece
601 1321 668 1357 vero
689 1304 830 1358 admodum
844 1304 902 1358 felli
923 1304 1065 1375 existimo,
1086 1307 1134 1376 qui
1149 1305 1281 1376 Sphingis
1298 1306 1356 1358 for·

224 1407 291 1442 mem
311 1406 344 1442 ex
364 1389 501 1442 nimiarum
521 1405 624 1456 genere
644 1388 776 1459 quodem,
803 1389 876 1459 quod
897 1407 948 1460 per
974 1389 1116 1443 interioris
1136 1388 1245 1442 Africae
1271 1396 1357 1459 etque

224 1473 401 1542 Aethiopicae
421 1479 512 1526 terrae
532 1479 638 1525 trectue
660 1474 815 1542 reperietur
836 1474 986 1546 eodemque
1002 1474 1153 1544 Sphingem
1178 1473 1285 1527 nomine
1306 1473 1356 1526 de·

224 1555 433 1624 claretur***),
449 1563 576 1626 repetere
591 1563 675 1628 etque
686 1557 750 1612 inde
762 1558 843 1612 etiem
860 1559 1036 1613 tesserariam
1051 1559 1203 1628 Sphingem
1214 1558 1357 1626 significe-

224 1642 326 1695 tionem
340 1642 379 1694 ite
393 1641 530 1695 deducere
544 1641 718 1711 etuduerint,
743 1649 775 1696 ut
788 1643 823 1695 ed
836 1643 987 1696 bestiarum
1005 1644 1108 1698 cultum
1128 1629 1193 1696 h'eec
1209 1643 1358 1696 eimnhcre

224 1729 377 1794 referrent,
395 1742 492 1796 perum
505 1726 545 1779 illi
563 1726 672 1796 quidem
687 1733 864 1796 reputantes,
882 1729 930 1781 hee
947 1729 1053 1796 simiae,
1078 1745 1149 1799 quoe
1165 1735 1278 1798 poetero
1293 1733 1356 1780 tnn-

224 1819 281 1864 tum
294 1829 363 1866 cero
381 1812 497 1864 Graeci·
515 1811 680 1864 Romenieve
695 1829 728 1864 ex
743 1812 870 1881 Aegypto
882 1813 910 1865 in
928 1812 1098 1882 Aethiopiam
1113 1812 1357 1882 proficiscentibus

225 1896 412 1964 innotuerint,
435 1897 527 1949 eedem
547 1913 614 1948 voce
630 1897 737 1950 Graece
751 1896 904 1966 Sphingem
926 1897 1067 1966 designari
1091 1903 1205 1966 propter
1227 1895 1359 1950 elmilitu-

225 1981 315 2036 dinem
334 1981 485 2054 quendem,
513 1997 593 2052 quem
613 1980 687 2034 inter
708 1982 758 2034 hee
783 1981 876 2035 rimiae
901 1987 984 2052 etque
1004 1981 1156 2051 Sphingum
1177 1986 1285 2033 otetuee
1305 1997 1359 2049 per

225 2067 382 2136 Aegyptum
398 2066 493 2119 obvies
514 2065 687 2118 intercedere
703 2071 842 2136 putarent.
873 2066 913 2118 Ac
927 2071 1003 2118 recte
1019 2066 1124 2118 monuit
1138 2065 1356 2132 Ehrenberg†),

225 2151 260 2204 de
275 2153 326 2205 hoc
341 2151 479 2205 nimiarum
500 2167 602 2219 genere
617 2149 776 2218 dieeereno,
798 2149 997 2220 Aegyptiorum
1011 2149 1161 2220 Sphingem
1178 2149 1287 2202 minime
1305 2165 1359 2218 pro

226 2237 321 2290 cimice
336 2253 431 2290 eecree
445 2235 539 2304 effigie
552 2235 647 2288 heberi
662 2251 756 2304 poene.

311 2353 366 2406 Sed
383 2353 458 2406 illine
474 2351 695 2422 significationis,
711 2367 789 2422 quem
799 2350 950 2420 Sphingum
969 2349 1121 2403 eimnlecrir
1140 2368 1190 2420 per
1202 2347 1360 2420 Aegyptum

226 2437 316 2490 obviis
331 2437 460 2490 tributum
476 2456 538 2490 esee
553 2439 630 2490 modo
646 2435 716 2503 dixi,
737 2434 837 2488 Greeci
853 2441 901 2488 eut
917 2435 1008 2503 ignari
1022 2442 1071 2487 eut
1087 2433 1177 2502 obliti,
1195 2433 1262 2502 ulie,
1286 2451 1360 2505 quae

225 2521 356 2592 Sphingis
371 2522 489 2590 imagine
505 2521 638 2574 declarari
655 2519 771 2588 vellent,
789 2519 990 2587 excogitarunt,
1009 2535 1069 2572 curn
1083 2519 1232 2589 Sphingem
1247 2517 1361 2571 roborie

226 2599 338 2678 (ἀλκῆς)
354 2611 382 2657 et
393 2605 592 2674 intelligentiae
606 2600 766 2674 (συνέσεως)
783 2603 932 2672 symbolum
949 2623 1011 2657 eeee
1024 2603 1158 2670 dicerent,
1176 2603 1240 2674 quie
1250 2601 1361 2671 Sphinx

227 2707 328 2761 corpur
348 2689 447 2742 hebent
468 2689 571 2758 leonio,
598 2689 646 2760 qui
666 2688 727 2758 ipse
749 2693 792 2742 eet
813 2681 926 2760 „diade
945 2687 994 2743 ecl
1013 2682 1108 2758 ᾇώμης
1129 2683 1300 2758 σύμβοὶον“,
1329 2693 1363 2737 et

227 2776 323 2829 leciem
337 2775 488 2844 humanam,
503 2779 575 2828 terte
588 2774 729 2827 Clemente
740 2771 926 2838 Alexandrino
938 2773 1078 2827 Stromett.
1093 2772 1127 2840 V,
1135 2776 1162 2833 7.
1177 2775 1255 2838 §43-
1271 2773 1363 2841 pm

231 2969 443 2980 -ιι--ι--ι

295 3092 323 3159 *)
342 3093 436 3145 Strcb.
449 3092 537 3144 XVII.
556 3105 582 3157 p.
593 3089 646 3142 805
665 3105 686 3142 e.
707 3089 825 3156 plth,
842 3087 937 3140 ubido
955 3103 1031 3152 eree,
1049 3101 1119 3154 quce
1137 3089 1201 3138 unte
1214 3085 1365 3153 Aegyptio-

227 3178 288 3215 rum
305 3163 408 3228 temple
427 3162 593 3221 extenditur,
613 3159 747 3224 loquitur:
767 3151 816 3208 διὰ
833 3156 885 3208 τοῦ
900 3149 1130 3237 μήκουςμπαντὸς
1148 3150 1214 3221 ἑξῆς
1229 3147 1274 3220 ἐφ’
1298 3147 1366 3232 ieci:

226 3247 294 3352 'tl
319 3221 1366 3358 'W‘’¹2²lllttl‘..ttlltltsl‘lzt‘’.lll‘tilllttltitt

226 3316 443 3435 imiratiiitpoihiv,
462 3315 512 3418 evit
530 3359 559 3416 δ’
579 3359 606 3428 ἐξ
624 3312 794 3431 crimmipcov:
812 3381 881 3434 quee
899 3312 966 3418 veie
985 3381 1044 3418 eeee
1063 3369 1202 3416 testentur
1216 3362 1290 3414 Gelli
1306 3363 1366 3413 riri

228 3441 304 3492 docti
322 3439 340 3488 l.
362 3453 444 3504 enpre
463 3437 482 3490 l.
509 3437 669 3488 Herodotus
683 3437 742 3502 ipee
761 3437 810 3498 IV,
820 3435 855 3487 79
873 3435 1165 3502 iuBoryethenitarum
1187 3432 1253 3484 urhe
1263 3431 1366 3496 Sphin-

228 3527 275 3577 gee
294 3525 328 3560 ec
344 3507 469 3576 Gryphoe
488 3509 681 3558 commemoret
700 3522 714 3556 e
733 3519 867 3555 marmore
885 3503 975 3556 lector
994 3509 1022 3556 et
1039 3505 1114 3554 circe.
1136 3503 1208 3568 regie
1227 3501 1366 3566 palatium

228 3584 348 3632 etentes:
373 3579 407 3630 de
422 3592 476 3644 que
493 3593 523 3628 re
541 3575 685 3627 admonuit
703 3589 810 3640 quoqne
829 3573 954 3626 Curtius:
978 3573 1076 3626 Geech.
1097 3574 1123 3623 d.
1141 3571 1298 3636 Wegbeuee
1316 3569 1367 3619 hei

229 3649 256 3700 d.
275 3647 383 3700 Griech.
400 3663 428 3715 p.
439 3647 483 3700 85.
519 3647 587 3697 Fuit
606 3649 696 3697 eutem
715 3643 760 3695 ille
776 3659 825 3696 rex
843 3642 1040 3695 Bacchicorum
1057 3657 1197 3695 rectorum
1216 3638 1366 3691 etudioeie·

228 3720 322 3772 elmue.

297 3820 342 3886 ”l
367 3815 564 3872 Reieebericht.
587 3833 637 3869 une
660 3818 776 3881 Aegypt.
801 3831 828 3881 p.
848 3815 890 3868 35.
911 3815 962 3868 334
986 3830 1042 3880 eeq.
1069 3812 1129 3865 388.
1173 3809 1252 3862 Coei.
1278 3777 1369 3861 etlam

227 3886 556 4027 {ppprnlpuhdlpunmentel
572 3887 678 3954 history
696 3885 726 3938 ol
737 3886 838 3952 Egypt.
856 3886 894 3937 11.
915 3901 941 3952 p.
961 3883 1011 3936 319
1026 3898 1114 3950 eeqq.‚
1135 3879 1325 3946 ChempollIon
1347 3879 1369 3930 l.

298 4061 360 4127 m)
380 4057 657 4113 construexvn.
673 4073 699 4123 p.
711 4059 770 4109 nc.
790 4052 1087 4115 memoremus,
1108 4051 1198 4116 quide
1214 4049 1259 4100 eis
1272 4047 1370 4114 sphin-

227 4131 307 4197 glbue
325 4133 366 4180 ite
384 4130 495 4182 scribit:
519 4129 583 4185 ταῖς
600 4121 632 4176 δὲ
652 4127 778 4194 μορφαῖς
797 4115 977 4188 ὑπάρχουσιν
996 4119 1049 4173 οὐκ
1066 4115 1200 4184 ἀνόμοιοι
1218 4120 1281 4174 ταῖς
1299 4132 1370 4181 γρα-

229 4193 382 4263 φομέναις,
399 4191 492 4262 μόνον
510 4191 542 4247 di
560 4197 623 4253 cale
640 4189 780 4260 duodenae
798 4185 1005 4243 διαλλάττουσι.
1041 4189 1112 4242 Plin.
1123 4189 1197 4240 Hist.
1208 4189 1275 4238 Net.
1286 4187 1372 4250 vlll,

228 4267 272 4330 21,
287 4268 330 4320 ³0.
349 4267 480 4332 Pompon.
498 4265 562 4318 Mel.
578 4265 631 4330 111,
649 4265 675 4320 9.

297 4366 327 4432 †)
343 4365 533 4420 Denkeohriit.
552 4368 578 4420 d.
594 4365 699 4420 Berlin.
718 4364 808 4416 hired.
827 4364 854 4415 d.
867 4360 1076 4414 Wheenechelt.
1096 4354 1247 4410 cnci1833.
1266 4353 1374 4419 ptem
