3020 4930
236 309 297 374 828
664 305 934 370 HERODOTI

232 479 447 571 Κανωβικόν·
464 475 485 572 ἢ
500 487 532 552 εί
543 481 588 572 μή
601 509 639 570 γε
653 475 708 552 οίά
720 509 756 552 τε
773 493 824 572 εἴη
838 479 920 572 πρὸς
933 475 1077 569 ἀνέμους
1090 473 1225 559 ἀντίους
1239 480 1368 563 πλέειν,

233 587 273 658 τά
290 594 412 678 φορτία
428 591 502 657 ἔδεε
517 585 690 676 περιάγειν
711 589 748 657 ἐν
768 585 881 676 βάρισι
901 586 978 676 περὶ
999 580 1037 654 τό
1057 586 1185 669 Δέλτα,
1207 584 1303 672 μέχρι
1326 571 1369 653 οὗ

233 689 386 762 ἀπίκοιτο
409 693 442 772 ἐς
462 690 672 781 Ναύκρατιν.
709 687 796 762 οὕτω
819 687 946 780 μὲνδὴ
970 685 1164 778 Ναύκρατις
1184 689 1367 776 ἐτετίμητο.

168 792 486 886 18οἈμφικτυόνων
513 795 549 866 δὲ
575 794 822 885 μισθωσάντων
846 791 905 864 τόν
931 797 968 863 ἐν
990 800 1156 880 Δελφοῖσι
1178 795 1244 860 νῦν
1269 791 1370 861 ἐόντα

234 898 319 989 νηόν
333 906 535 989 τριηκοσίων
551 898 724 969 ταλάντων
737 897 979 988 ἐξεργάσασθαι
994 891 1026 980 (ὁ
1040 892 1104 984 γάρ
1120 894 1283 984 πρότερον
1301 891 1370 964 ἐάν

234 1001 357 1074 αὐτόθι
371 999 566 1092 αὐτομάτως
580 1002 742 1094 κατεκάη,
757 999 836 1084 τούς
848 996 1006 1091 Δελφούς
1020 999 1057 1069 δὲ
1072 1001 1233 1087 ἐπέβαλλε
1248 1025 1369 1086 τεταρ-

232 1107 392 1198 τημόριον
411 1111 471 1176 τοῦ
493 1105 708 1196 μισθώματος
729 1111 926 1198 παρασχεῖν)
942 1103 1154 1192 πλανεύμενοι
1174 1103 1211 1173 δὲ
1231 1105 1266 1171 oi
1277 1111 1368 1172 Δελ·

234 1215 293 1302 φοὶ
308 1212 385 1300 περὶ
398 1207 457 1290 τὰς
470 1210 565 1292 πόλις
581 1213 797 1294 ἐδωτίναζον,
813 1213 986 1289 ποιεῦντες
1001 1207 1038 1276 δὲ
1052 1212 1166 1292 τούτο,
1180 1203 1242 1275 ούπ
1256 1206 1369 1295 ίλάηι-

234 1335 314 1386 στου
328 1317 361 1398 ἐξ
374 1313 549 1400 Αίγύπτου
563 1311 749 1405 ἠνείκαντο.
778 1311 915 1402 ’Ἄμασις
927 1312 991 1402 μὲν
1005 1309 1069 1401 γάρ
1084 1331 1144 1400 σφι
1159 1315 1263 1380 ἔδωκε
1278 1317 1371 1399 χίλια

234 1423 438 1508 στυπτηρίης
456 1418 618 1504 τάλαντα,
640 1423 673 1488 οί
686 1418 722 1488 δὲ
738 1419 774 1488 ἐν
788 1416 949 1512 Αίγύπτφ
967 1417 1131 1496 οίκίοντες
1142 1410 1302 1504 Ἕλληνες
1319 1423 1369 1484 εί-

236 1545 309 1594 κοσι
324 1523 435 1611 μνέας.

270 1709 345 1773 ούτω
368 1714 420 1786 μὲν
445 1711 481 1786 δὴ
502 1711 668 1785 Ναύκρατις
693 1713 776 1771 iveri·
827 1737 883 1772 reo.
903 1719 964 1772 edd.
983 1711 1145 1788 ἐπίβαλλε,
1163 1728 1243 1784 etque
1260 1718 1374 1769 retinui-

234 1791 318 1860 μητο]
337 1792 408 1858 Apte
425 1791 493 1842 hnee
505 1790 550 1841 'sie
567 1791 656 1842 reddit
668 1790 776 1842 Ulriohs
827 1806 887 1842 mus
905 1789 978 1856 quod
996 1789 1133 1841 antecedit
1154 1782 1198 1850 δὲ’,
1214 1789 1313 1843 ,minus
1331 1803 1374 1838 re·

236 1865 254 1914 l.
274 1863 292 1914 l.
313 1877 362 1926 „eo
387 1877 464 1927 grone
490 1876 580 1912 waren
603 1861 647 1912 die
663 1861 776 1912 Privile·
828 1866 872 1912 ote
890 1877 907 1912 ε
924 1860 1074 1912 Benedieto
1092 1859 1167 1924 (Aet.
1191 1859 1287 1910 semin.
1311 1873 1371 1922 reg.

237 1934 299 2002 gion
317 1931 405 1983 dieses
424 1931 683 1996 flandeleplotsee.“
828 1931 903 1996 Lips.
919 1931 957 1981 11.
976 1945 1039 1995 pag.
1059 1927 1121 1994 201)
1134 1932 1267 1980 mutatum
1279 1927 1307 1978 iu
1324 1921 1373 1993 δή.

829 2002 923 2067 Ipsum
943 2000 1054 2050 verbum
1069 1998 1096 2050 h.
1116 1998 1135 2050 l.
1154 1997 1374 2064 impersonaliter

399 2051 464 2102 ⁰³⁷·
484 2051 615 2102 CLXXX·
829 2072 886 2122 iere
905 2069 1030 2135 usurpari
1050 2069 1158 2120 videtur
1182 2069 1216 2119 de
1237 2083 1280 2126 eo.
1306 2071 1376 2133 quod

272 2131 486 2206 ἐξεργάσασθαι]
511 2138 556 2189 Ite
580 2154 641 2190 eum
659 2138 781 2192 Geisior·
831 2143 959 2200 convenit,
978 2140 1046 2206 qnod
1056 2140 1188 2190 indractum
1199 2145 1250 2198 eet,
1270 2153 1293 2187 s.
1307 2140 1376 2204 quod

238 2211 282 2263 dio
306 2209 421 2276 eliieqne
447 2208 647 2260 rescribendum
674 2209 780 2260 censui-
831 2211 958 2273 incumbit,
982 2213 1112 2274 sequente
1129 2207 1264 2258 infinitivo
1282 2213 1311 2258 et
1328 2225 1374 2260 τιε-

238 2297 297 2332 mue
314 2295 362 2346 pro
383 2277 496 2344 vulgato
513 2268 692 2342 ίξερηάσθαι,
708 2277 780 2343 quod
832 2281 971 2342 curative,
990 2277 1214 2344 quemadmodum
1231 2283 1373 2343 ροεισυμ-

236 2351 349 2402 retinuit
377 2347 500 2400 Dieteolr.
550 2348 583 2398 In
608 2349 668 2412 ipso
697 2348 780 2398 verbo
832 2347 938 2418 βαίνει,
959 2348 1013 2399 ulie
1030 2349 1058 2400 id
1077 2364 1177 2415 genus,
1201 2348 1375 2399 animadver-

237 2436 296 2471 eem
313 2420 368 2468 vim
391 2419 482 2468 inesse
504 2417 676 2480 crediderim,
700 2433 781 2483 quem
831 2422 924 2471 timus.
962 2419 1052 2481 Quare
1069 2419 1153 2469 nolim
1171 2419 1289 2469 seribere
1311 2420 1375 2476 τοῖς

236 2491 265 2540 iu
287 2479 495 2550 ἐξοικοδομεῖν
517 2490 544 2536 et
568 2477 704 2536 ἐμποιεῖν
734 2487 781 2538 ed·
833 2489 966 2554 Δελφοῖς,
980 2487 1183 2554 utiSehweigh.
1197 2489 1304 2554 indier.
1318 2489 1375 2539 He-

237 2559 367 2610 vertimus
387 2555 594 2620 eupre11‚175.
615 2557 673 2608 176.
686 2581 720 2592 -
733 2571 778 2620 μι-
829 2559 887 2612 rod.
907 2575 930 2609 s.
949 2574 976 2609 v.
996 2574 1059 2624 pag.
1077 2559 1129 2610 240
1147 2559 1301 2623 suepieutue
1320 2563 1374 2620 est,

237 2623 333 2678 σθοδν
344 2626 388 2676 hio
406 2624 481 2675 velet
495 2628 590 2687 locare,
610 2628 710 2677 elocare
723 2626 780 2687 (ee-
830 2643 1006 2696 quemquem,
1025 2629 1072 2679 ubi
1089 2628 1179 2680 eetivo
1198 2643 1279 2679 seusu
1296 2643 1376 2679 usur·

238 2695 524 2760 demexstrueudem).
548 2696 780 2746 Trecentetsleu-
829 2705 910 2766 pstor
932 2699 1058 2762 verbum,
1087 2699 1209 2750 delirum
1239 2713 1375 2762 personae

238 2775 277 2830 ts,
294 2781 364 2833 ques
381 2765 425 2817 hio
435 2771 686 2830 commemorentur,
701 2766 780 2832 Aegi-
830 2771 924 2836 utique
940 2768 1098 2820 udiunotum
1112 2769 1207 2828 hebet,
1224 2771 1256 2818 ut
1268 2767 1291 2830 Ι,
1313 2768 1374 2821 106.

239 2835 456 2900 ιιειὶοελεῐεειλε,
474 2836 509 2886 ub
520 2835 620 2886 Atticis
636 2837 729 2902 utique
740 2836 779 2886 di·
830 2840 894 2900 VII,
915 2839 958 2891 23.
995 2839 1035 2890 Ao
1059 2839 1178 2904 pertinet
1195 2837 1248 2888 lrue
1266 2853 1377 2903 quoque

238 2923 318 2958 verre
335 2905 470 2972 longeque
488 2906 521 2955 iis
540 2907 656 2970 maiore,
675 2906 719 2956 hie
737 2922 780 2957 eo·
830 2906 861 2959 τὸ
874 2899 1024 2976 ἐπιβάλλον
1034 2907 1083 2973 (so.
1091 2905 1196 2972 μέρος),
1205 2911 1299 2971 portio,
1310 2924 1378 2973 ροσε

240 2977 353 3044 gitanda
364 2991 424 3027 esse
440 2977 538 3026 statuit
552 2976 649 3027 Grote:
668 2977 782 3040 History
833 2980 910 3030 alicui
931 2979 1030 3044 odtiqr‘t.
1057 2982 1139 3042 portio
1160 2981 1308 3029 conueniens
1326 2978 1377 3038 lv,

240 3047 271 3097 oi
300 3047 402 3098 Greeoe
424 3047 476 3108 IV,
510 3046 572 3097 llll:
609 3045 681 3096 uude
711 3045 782 3096 eifioi
835 3049 894 3100 115.
934 3049 980 3099 Fr.
1007 3049 1115 3113 Hoeger
1144 3049 1172 3097 in
1197 3047 1270 3098 Aott.
1296 3047 1376 3112 phill.

240 3115 299 3166 vult
312 3131 443 3166 eummem
462 3115 563 3167 115000
581 3115 643 3166 libr.
659 3115 781 3182 Anglieo.
833 3119 958 3170 Moneoe.
981 3117 1033 3179 ΙΙΙ,
1053 3121 1079 3170 4.
1103 3133 1167 3181 ρας.
1190 3117 1240 3169 187
1261 3117 1377 3168 reeoribi

240 3185 371 3251 Equidem
411 3201 458 3236 eur
488 3185 523 3236 eb
558 3186 657 3236 Atticis
697 3185 783 3236 disoe-
832 3188 892 3240 vult
909 3187 961 3238 hoo
978 3186 1038 3238 loco
1056 3179 1183 3252 ἐπέλαβε,
1203 3188 1379 3252 quemadmo-

241 3255 317 3316 dem,
348 3254 449 3304 nullum
472 3255 551 3304 video
578 3270 702 3316 oensem
732 3257 783 3306 itu·
834 3257 896 3308 dum
910 3257 981 3322 opud
997 3257 1160 3308 Pausaniam
1174 3257 1227 3318 ΙΙΙ,
1247 3257 1288 3308 16.
1306 3261 1332 3318 ξ.
1350 3259 1377 3307 7.

241 3340 292 3390 que
310 3329 434 3374 trecento
451 3323 556 3376 telente
575 3325 730 3390 aequabunt
747 3324 783 3390 (si
832 3328 881 3392 1v,
902 3327 927 3376 0.
948 3330 974 3390 ξ.
992 3327 1008 3378 3
1038 3317 1053 3374 ό
1073 3317 1377 3393 κλῆρος-ἐπελάμβανε

241 3394 392 3445 Wurmium
413 3385 560 3460 sequimur)
580 3395 628 3446 781
649 3397 699 3446 715
725 3396 782 3446 flor.
833 3397 950 3448 dicotur.
993 3397 1071 3458 Quod
1098 3397 1132 3446 sb
1154 3395 1286 3447 Herodoti
1314 3396 1378 3447 loeo

241 3468 269 3514 et
286 3464 303 3514 6
322 3463 430 3529 Orueig.
449 3465 506 3514 sire
524 3464 548 3527 1,
567 3463 681 3528 odeum
700 3466 783 3516 Fren-
834 3467 950 3518 ulienum
970 3465 1085 3517 videtur.
1102 3497 1135 3506 -
1151 3466 1183 3516 ln
1196 3466 1286 3516 verbis
1299 3481 1378 3532 seqq.

242 3549 334 3584 eorum
353 3533 527 3585 Gallicorum.
833 3531 1014 3598 scientificum
1029 3531 1066 3586 δὲ
1083 3528 1113 3584 οἴ
1125 3531 1232 3600 Δελφοί
1244 3532 1309 3598 περὶ
1326 3531 1379 3593 τὰς

276 3593 291 3652 ό
312 3595 364 3667 γάρ
378 3595 519 3668 πρότερον
537 3629 571 3639 -
589 3594 721 3669 κατεκάη]
742 3605 783 3654 De
834 3598 917 3662 πόλις
935 3596 1103 3666 ἐδωτίναζον
1121 3605 1232 3656 attende
1250 3605 1378 3657 vooulsm

242 3674 330 3726 forme.
347 3665 467 3738 κατεκάη
495 3673 588 3723 confer
612 3688 681 3737 quee
705 3673 784 3724 effert
834 3669 865 3725 dl
885 3674 1009 3728 consulto
1034 3675 1176 3741 repetitum
1201 3691 1234 3725 ex
1252 3675 1379 3727 enuntie-

242 3742 359 3795 Bredov.
390 3757 454 3808 pag.
481 3741 545 3804 3455
573 3743 670 3794 etenim
704 3743 784 3808 primi
833 3745 917 3796 tionis
935 3745 1013 3796 initio
1028 3736 1258 3810 (Ἀμφικτυόνων
1276 3738 1314 3796 δὲ
1332 3761 1378 3810 μι-

243 3813 339 3864 eoristi
351 3813 439 3863 forme
447 3803 636 3878 (κατεκαύθη)
648 3813 722 3879 opud
732 3814 785 3864 No·
837 3805 1012 3866 οθωσάντων
1025 3830 1051 3866 κ.
1066 3831 1089 3865 τ.
1102 3814 1148 3880 1.),
1158 3814 1205 3865 ubi
1216 3815 1316 3866 Noster
1330 3831 1378 3881 po·

243 3889 329 3934 etrum
352 3899 459 3948 quoque
483 3882 625 3947 reperitur.
667 3884 708 3933 De
731 3881 785 3934 loci
836 3888 929 3936 suerat
946 3883 1035 3948 illem,
1060 3885 1115 3934 iem
1136 3883 1251 3936 alterum
1269 3884 1379 3937 additu·

244 3957 404 4018 argumento
422 3953 495 4004 oeni.
514 3951 616 4002 Herod.
633 3952 656 4012 1,
677 3953 719 4014 50,
738 3951 785 4004 ubi
836 3969 881 4006 rus
892 3955 1043 4020 exemplum
1057 3954 1230 4006 liberalitatis
1243 3954 1278 4004 sb
1296 3955 1378 4006 Ams-

243 4023 336 4088 templi
350 4023 462 4074 oremeti
478 4023 531 4072 ium
551 4022 651 4072 mentio
669 4027 728 4072 erut
744 4023 784 4073 fa·
837 4023 930 4076 sidein
941 4025 1059 4077 Graecos
1069 4024 1196 4086 collatum
1209 4023 1265 4076 vid.
1276 4024 1300 4086 Ι,
1318 4025 1378 4077 lt‘t.

244 4097 303 4152 etur
333 4091 366 4144 de
390 4108 442 4157 quo
466 4092 501 4142 ub
523 4091 722 4142 Alemseonidis
746 4093 785 4142 in·
837 4095 887 4147 163
903 4097 930 4144 et
944 4094 1015 4146 eoni.
1035 4095 1117 4146 etiem
1135 4093 1264 4146 elletoed
1277 4093 1300 4154 Ι,
1315 4095 1376 4150 teu.

244 4166 367 4211 steureto
385 4161 583 4227 Weeeelingius
605 4162 710 4212 oonsuli
726 4161 786 4212 vult
837 4165 875 4226 11,
894 4162 938 4216 26.
957 4195 992 4204 -
1011 4153 1160 4228 ἠνείκαντο
1182 4163 1311 4215 reroosvi
1328 4181 1379 4230 pro

243 4231 310 4282 Her.
324 4231 357 4292 V,
373 4231 416 4282 62.
452 4233 571 4282 Pouseu.
585 4233 619 4294 X,
633 4231 649 4282 5
663 4236 692 4282 et
703 4231 783 4282 Dion.
837 4223 995 4296 ἔνείκαντο,
1020 4234 1091 4300 quod
1117 4233 1312 4286 eFlerentino
1334 4235 1381 4286 de·

243 4300 341 4350 Peter.
361 4299 390 4350 iu
407 4299 540 4352 Themist.
556 4317 595 4353 or.
611 4301 660 4352 IV.
678 4317 706 4367 p.
723 4300 783 4352 301.
837 4303 913 4353 deret
939 4303 1077 4356 Guisiord.
1115 4305 1157 4356 Tu
1178 4302 1234 4354 rid.
1259 4303 1378 4356 Bredor.

244 4370 282 4420 Et
305 4368 341 4418 oi.
361 4373 430 4420 nott.
450 4369 485 4420 εδ
503 4370 527 4433 Ι,
547 4371 690 4422 50.-1n
708 4386 784 4436 seqq.
837 4388 901 4438 peg.
922 4373 982 4424 269.

245 4453 293 4502 pro
315 4437 389 4503 vulg.
414 4427 544 4505 ἐπίβαλε
569 4439 700 4490 edidimus
724 4457 785 4492 oum
870 4439 946 4506 χίλια
965 4441 1138 4508 στυπτηρίης
1151 4435 1281 4510 τάλαντα]
1298 4443 1384 4496 Vide·
