3064 4940
220 293 279 358 100
647 289 916 354 HERODOTI

216 470 343 563 χρυσὸν
356 469 515 553 ἄπλετον,
544 464 746 558 ἡμιπλίνθια
769 464 803 550 ἐξ
822 463 928 536 αὐτοῦ
943 461 1122 554 ἐξήλαυνε,
1153 461 1208 534 ἐπὶ
1231 465 1293 554 μὲν
1314 461 1355 534 τὰ

217 575 405 666 μακρότερα
426 576 550 642 ποιέων
573 571 809 656 ἑξαπάλαιστα,
834 566 888 640 ἐπὶ
909 569 947 638 dl
965 565 1006 638 τοὶ
1027 568 1216 659 βραχύτερα
1234 568 1351 659 τριπά-

217 689 351 765 λαιστα,
378 674 463 760 ὕψος
490 676 527 746 δέ
558 685 788 758 παλαιστιαῖα,
816 671 964 762 ἀριθμὸν
990 673 1027 742 dl
1049 675 1272 743 ἑπτακαίδεκα
1297 674 1354 742 καὶ

252 871 425 945 ἡμιπλίνθια
447 869 475 941 ἐξ
499 869 590 928 αὐτοῦ
613 867 758 942 ἐξήλαυνε]
811 877 904 942 ptioue
925 892 987 926 mox
1015 875 1152 926 laudanda
1173 881 1200 926 et
1221 875 1356 940 Schweig-

217 939 378 1010 ἐξελαύνειν
406 948 450 999 hic
479 947 510 999 de
534 945 664 1010 metallis,
691 961 761 1012 quae
811 945 972 998 haeuserum
992 943 1031 1010 (in
1056 947 1149 998 Lexic.
1172 945 1305 997 Herodet.
1330 947 1353 996 I.

217 1021 450 1082 ἀναιιαανοιαίίεο,
463 1035 517 1069 nen
528 1019 591 1085 igne
606 1017 759 1082 liquefiunt.
811 1032 839 1136 p.
857 1017 920 1084 ⁴248)
939 1017 1164 1094 haec'accepisse
1188 1017 1282 1078 video,
1309 1017 1356 1080 qui

216 1090 273 1140 Nos
299 1089 394 1155 vulgo:
423 1089 534 1153 πείθει,
559 1089 687 1152 ιαΙιίαμοα.
717 1088 761 1137 Tu
826 1083 858 1136 rrl
876 1080 910 1136 τὰ
928 1100 1098 1151 μαιιοοτερα,
1118 1087 1189 1152 quod
1205 1087 1240 1136 ad
1254 1087 1355 1136 similas

216 1159 272 1210 vid.
297 1160 370 1210 inira
395 1159 496 1210 Herod.
528 1160 556 1222 1,
582 1159 616 1209 68
640 1163 668 1208 et
691 1172 761 1222 quae
811 1157 962 1207 locutiones
982 1147 1027 1206 ἐπὶ
1044 1147 1133 1218 δεξιὰ,
1154 1147 1201 1204 ἐπ’
1222 1147 1357 1220 ἀριστερὰ

217 1227 285 1292 alia,
304 1235 431 1280 monente
459 1231 515 1292 Gru,
543 1229 645 1280 excitat
677 1229 761 1278 Grae·
811 1227 942 1290 explicari
964 1225 1058 1286 debet,
1084 1224 1184 1274 reddit:
1207 1227 1233 1274 ιἰι
1260 1229 1355 1290 lewic-

216 1300 277 1350 vius
297 1301 326 1350 iu
348 1301 439 1351 Lectt.
469 1298 601 1350 Hesiodd.
629 1313 689 1362 cap.
716 1297 757 1346 10.
810 1312 861 1345 rem
882 1303 980 1371 partem
1003 1309 1026 1343 s.
1049 1299 1074 1343 iu
1096 1295 1284 1359 turpitudinem,
1309 1285 1355 1342 ἐπὶ

216 1369 251 1419 ad
269 1385 310 1420 vs.
331 1369 390 1420 143.
418 1368 486 1419 lud.
508 1368 611 1418 Herod.
631 1367 694 1427 vn,
714 1367 757 1415 sl.
810 1357 844 1412 sd
860 1361 1018 1430 βραχντερα
1035 1363 1062 1411 in
1080 1362 1230 1412 breviorem
1239 1367 1353 1427 partem,

216 1440 288 1489 Hinc
308 1429 489 1501 σφυρήλατος
507 1429 594 1486 elada
615 1435 688 1498 upud
705 1434 760 1482 lle-

216 1508 304 1556 rodot.
324 1507 386 1567 VII,
405 1505 452 1564 0οι
471 1505 534 1554 hinc
558 1494 695 1564 ἐλάσματα
719 1514 758 1549 σι-

216 1569 307 1638 δήρου
326 1573 356 1636 (i.
376 1589 400 1622 e.
421 1571 578 1636 Είιιιιλίασίι)
595 1571 668 1635 apud
688 1571 758 1620 Pau·

141 1637 145 1644 ’
215 1644 321 1692 saulam
339 1643 373 1703 X,
395 1643 438 1704 lli,
458 1643 504 1706 qni
523 1640 592 1690 idem
608 1639 700 1708 (VIII,
716 1640 757 1700 ll,

217 1712 259 1774 14)
285 1711 502 1776 antiquissimum
538 1726 606 1776 epus
631 1727 664 1761 ex
695 1725 758 1760 aere

214 1781 286 1832 huuc
308 1782 335 1831 in
358 1780 466 1832 medum
497 1780 665 1832 elaboratum
688 1795 759 1830 com-

214 1857 360 1914 memorat,
386 1851 478 1902 Iovem
508 1852 626 1916 Hypatis
649 1851 758 1916 Sparta·

214 1937 319 1972 norum.
351 1921 393 1972 Cr.
424 1920 500 1971 addit
524 1923 620 1987 Heyue
645 1922 756 1987 Antiqq.

214 1992 338 2042 Aulsiita.
370 1991 392 2041 Ι.
423 2007 449 2056 p.
482 1991 515 2042 73
541 1997 569 2042 et
600 1993 698 2056 Apion.
731 1992 757 2040 in

214 2061 466 2126 (illosallopmericc.
486 2077 527 2112 nr.
543 2063 586 2114 55.
606 2078 633 2126 p.
652 2061 678 2112 8.
700 2060 758 2126 (ubi

213 2129 344 2196 legimus:
364 2121 452 2196 ἤλασε
466 2161 501 2172 -
512 2122 682 2197 irritasset),
703 2131 758 2182 alia

213 2200 241 2250 in
260 2200 423 2252 Commentt.
443 2201 588 2252 Herodott.
607 2217 670 2266 pag.
694 2200 756 2250 302.

213 2299 248 2310 --
280 2260 466 2333 ἡμιπλίνθια,
496 2271 619 2321 discidisti
651 2273 756 2333 λαλιται,

213 2337 295 2403 vulgo
313 2339 394 2390 iidem
413 2340 546 2390 habentur
568 2345 651 2405 utque
676 2337 757 2388 πλίν-

213 2407 280 2470 θοι,
303 2410 412 2472 lateres,
445 2410 491 2474 qui
514 2409 620 2460 scilicet
641 2410 756 2464 formam

214 2483 309 2530 exacte
331 2479 493 2544 quadratam
523 2483 550 2528 et
575 2483 692 2544 quatuor
716 2477 756 2528 lu·

212 2555 272 2599 tera
281 2549 572 2614 aequaliapraebeant.
580 2549 664 2599 Plura
673 2549 754 2599 Hem-

212 2618 329 2668 sterhus.
349 2619 384 2668 ad
407 2619 520 2669 Lucian.
540 2618 690 2683 Contempl.
712 2619 753 2668 12.

212 2689 291 2738 Τοιιι.
311 2687 365 2740 111.
383 2703 447 2753 pag.
467 2687 519 2740 300
541 2687 583 2738 ed.
609 2689 670 2753 Bip.
701 2687 755 2738 Sed

211 2757 361 2808 Herodetei
379 2755 479 2808 lateres
498 2757 630 2808 eiusmodi
647 2757 754 2807 minime

212 2827 331 2888 luerunt,
350 2833 380 2877 ut
398 2827 483 2878 verba
498 2833 560 2892 pest
578 2826 672 2876 addita
686 2827 755 2876 satis

212 2903 437 2958 commonstrant;
449 2897 525 2948 iners
535 2897 606 2946 euim
617 2897 657 2946 illi
669 2897 755 2946 forma

211 2981 265 3016 nou
278 2981 473 3032 usquequaque
492 2967 635 3032 quadrati,
646 2965 694 3016 sed
706 2966 754 3016 ob-

210 3035 302 3100 longi,
322 3052 382 3087 cum
399 3052 447 3087 sex
469 3036 619 3101 palmarum
636 3036 753 3100 longitu-

211 3105 310 3166 dinem,
323 3106 405 3156 trium
423 3121 488 3156 vero
506 3110 612 3155 tantum
631 3105 753 3156 latitudi-

210 3189 272 3224 nem
290 3174 423 3226 referrent
449 3173 546 3239 (neque
569 3191 630 3232 sex,
655 3175 752 3240 quibus

809 1434 828 1482 i.
848 1449 871 1482 ο.
891 1437 926 1508 ίπτ
934 1433 1088 1482 latitudinem
1093 1451 1104 1490 ,·
1122 1421 1199 1494 ὕψος
1217 1431 1259 1496 (ut
1275 1431 1353 1496 μίγε-

809 1499 874 1564 θος,
895 1515 988 1564 ενοος,
1007 1500 1062 1550 alia
1080 1501 1107 1550 id
1130 1501 1226 1566 genus)
1246 1501 1279 1550 de
1297 1503 1354 1550 ulti-

809 1571 903 1632 tudine,
922 1571 941 1620 i.
955 1585 979 1621 e.
998 1572 1176 1636 crassitudine,
1195 1575 1268 1622 recte
1282 1570 1353 1620 idem

808 1639 925 1704 intelligi
932 1640 999 1694 vult.
1014 1641 1112 1706 ltaque
1125 1657 1141 1692 a
1152 1641 1205 1692 loci
1217 1643 1354 1692 sententia

809 1725 919 1776 prorsus
932 1710 1102 1775 aberrarunt,
1119 1712 1165 1778 qui
1180 1727 1240 1762 enm
1258 1713 1297 1762 sic
1310 1727 1354 1762 uc-

810 1785 949 1848 ceperant,
967 1787 998 1832 ut
1017 1787 1132 1848 quatuor
1153 1781 1214 1832 illos
1234 1783 1292 1833 auri
1311 1797 1354 1834 eo-

810 1851 847 1902 cti
866 1851 966 1902 lateres
982 1853 1135 1916 breviores,
1160 1853 1279 1919 reliquos
1298 1853 1354 1904 len-

810 1923 899 1988 gieres
917 1923 1001 1974 luisse
1019 1927 1149 1989 putarent
1166 1923 1247 1990 idque
1264 1923 1353 1974 verbis

810 1993 975 2044 Herodoteis
994 1985 1040 2044 ἐπὶ
1053 1985 1087 2043 τὰ
1103 1985 1261 2060 βραχύτερα
1271 1999 1353 2058 atque

809 2053 854 2112 ἐπὶ
881 2055 915 2111 τὰ
950 2055 1110 2128 μακρότερα
1140 2063 1273 2116 declarari
1299 2063 1354 2114 rel-

809 2131 880 2192 lent;
901 2133 973 2184 coni.
990 2133 1069 2182 ruodo
1079 2133 1224 2184 Aemilium
1240 2135 1353 2186 Portum

809 2201 837 2250 ἱιι
862 2203 956 2252 Lexic.
979 2201 1065 2252 Ionic.
1101 2203 1142 2252 Ad
1161 2209 1269 2254 nostras
1288 2219 1353 2253 vero

808 2285 949 2320 mensuras
978 2271 1002 2320 si
1030 2271 1201 2322 Herodoteas
1223 2289 1353 2324 revocare

808 2340 931 2402 velimus,
949 2341 1094 2390 tenendum
1112 2343 1182 2402 erit,
1201 2339 1236 2406 τῇ
1254 2341 1353 2390 παλαι-

808 2407 868 2475 στῇ,
895 2414 926 2458 ut
955 2424 989 2458 ex
1014 2409 1051 2471 11,
1078 2408 1135 2461 149.
1166 2409 1353 2474 intelligimus,

808 2478 923 2528 iudicari
935 2483 1059 2543 quartam
1069 2478 1146 2543 pedis
1156 2483 1270 2543 partem,
1285 2479 1352 2528 adeo

806 2553 837 2599 ut
861 2548 977 2598 laterum
1001 2547 1142 2613 longitudo
1168 2548 1250 2598 luerit
1272 2549 1352 2598 unius

806 2617 883 2683 pedis
898 2633 930 2668 ac
944 2617 1057 2680 dimidii,
1070 2617 1187 2668 latitudo
1202 2623 1257 2668 tres
1274 2618 1351 2682 pedis

806 2692 907 2752 partes,
928 2687 1045 2737 altitudo
1064 2703 1086 2737 s.
1099 2687 1252 2738 crassitudo
1269 2701 1351 2738 unum

807 2773 829 2808 s.
849 2757 1027 2822 quadrantem
1045 2757 1219 2808 continuerit.

841 2825 949 2876 ποιέων
979 2817 1171 2888 ἑξαπάλαιστα
1204 2841 1230 2875 ιι.
1262 2842 1285 2875 τ.
1315 2824 1361 2892 λ.]’

806 2897 867 2946 Duo
896 2895 958 2946 libri
987 2895 1095 2961 probati
1120 2895 1261 2946 exhibent:
1289 2884 1351 2956 ἐξα-

806 2957 942 3028 πάλαστα,
960 2958 1143 3030 τοιπάλαστα,
1168 2965 1349 3028 παλαστιαία,

805 3051 886 3100 qnam
902 3036 1064 3100 scripturam
1078 3035 1248 3086 commendat
1265 3035 1350 3100 Phry-

804 3105 899 3154 nichus
923 3105 951 3154 in
970 3105 1085 3172 Eclogg.
1111 3121 1134 3156 s.
1161 3122 1186 3156 τ.
1213 3097 1351 3170 παλαστὴ.

804 3173 858 3224 Sed
882 3175 962 3224 huius
989 3174 1092 3226 formae
1119 3177 1237 3242 vestigia
1263 3191 1351 3240 paene

210 3243 405 3295 iormaexacte
421 3243 555 3310 quadrata
574 3244 752 3309 alliceretur);
804 3245 895 3294 omnia
921 3243 1069 3296 obliterata
1093 3261 1166 3310 esse,
1195 3246 1275 3296 decet
1299 3247 1351 3296 Lo-

209 3313 276 3376 sivu,
297 3319 329 3364 ut
348 3314 597 3381 Schweighaeuseri
616 3319 678 3364 utar
691 3330 752 3364 ver·
804 3313 883 3366 beck.
906 3330 970 3380 pag.
995 3316 1055 3366 205.
1085 3317 1136 3366 Cui
1158 3321 1265 3381 praeter
1283 3315 1310 3366 lr.
1331 3315 1350 3368 l.

209 3383 261 3445 bis,
291 3387 336 3446 „r'rr
365 3387 498 3450 lonpiorem
521 3393 621 3447 partem
650 3375 696 3434 lut
719 3375 754 3434 τὰ
805 3387 888 3448 atque
906 3383 1007 3450 Odyss.
1032 3386 1055 3448 1,
1079 3388 1141 3440 252.
1161 3385 1219 3451 (nbi
1239 3386 1351 3451 quibus-

209 3445 369 3518 μακρότερα
395 3453 444 3516 (sc.
478 3452 560 3520 μέρη)
579 3471 629 3505 ινα·
655 3455 754 3518 palmas
806 3453 868 3504 dam
887 3454 991 3518 placuit
1009 3448 1234 3520 παλαιστήσασα)
1258 3469 1350 3504 ιιιοιια-

208 3523 379 3584 westanae,
393 3527 418 3574 ιἰι
432 3525 569 3576 braium
578 3527 754 3587 trespalmcar
805 3530 978 3590 mentumque
996 3527 1117 3576 Atticum
1139 3521 1285 3575 Chandleri
1309 3521 1347 3584 (p.

208 3592 249 3642 ita
266 3598 297 3644 ut
315 3593 368 3644 duo
386 3593 454 3644 talia
476 3583 664 3658 ἡμιπλίνθια,
685 3594 753 3644 alte-
805 3591 848 3644 38.
890 3595 937 3644 ubi
977 3599 1067 3644 exstat
1108 3584 1347 3653 πεντεποὶλαστον)

209 3677 267 3712 rum
295 3663 371 3714 iuxta
397 3663 512 3715 alterurn
540 3664 644 3728 posita,
672 3663 752 3714 unius
804 3663 907 3714 nullum
931 3663 1005 3714 aliud
1028 3664 1100 3712 illins
1132 3663 1234 3712 lormse
1263 3658 1346 3707 vesti-

208 3732 332 3796 iutegrae
362 3732 491 3786 πλίνθον
525 3733 640 3798 figuram
668 3733 753 3784 reler-
804 3733 878 3796 glum
898 3733 1019 3784 oblatum
1038 3737 1088 3793 est,
1108 3730 1236 3795 vulgatae
1253 3732 1345 3777 sutem

209 3801 300 3850 rent.“
803 3801 907 3852 formae
931 3801 1047 3866 plurima
1071 3799 1208 3864 exempla,
1232 3803 1262 3847 nt
1286 3812 1346 3846 eam
1384 3843 1390 3858 ,

242 3858 288 3917 ἐπὶ
317 3861 369 3932 pla
400 3861 435 3920 rel
458 3863 618 3934 μακρότερα
644 3867 752 3920 ποιὲοιν
802 3869 829 3922 h.
848 3871 867 3922 1.
881 3871 1004 3922 deserere
1019 3869 1143 3935 equidem
1153 3884 1206 3918 uon
1220 3865 1344 3918 audeam.

208 3926 398 4016 ἑξαπάλαιστα
418 3953 443 3987 ιι.
474 3955 497 3989 τ.
523 3938 557 4005 λ]
588 3941 680 3992 Verba
703 3930 750 3990 ἐπὶ
801 3939 843 3990 De
861 3939 960 4006 plurali
985 3954 1095 3990 numero
1119 3938 1146 3986 in
1170 3937 1246 3988 hisce
1264 3952 1346 3988 voca-

205 4021 241 4054 τα
259 3999 425 4070 μακρότερα,
439 3999 605 4072 βραχύτερα,
623 3998 699 4072 ὕψος
715 4009 750 4060 sd
801 4009 872 4060 bulis
892 4009 962 4059 idem
980 4010 1085 4060 monuit
1102 4005 1222 4058 Lobeclr.
1239 4023 1266 4071 p.
1283 4008 1344 4070 540,

205 4073 338 4140 triplicem
357 4075 550 4126 dimensionem
574 4078 613 4144 in¹
629 4079 748 4144 longum,
800 4077 833 4128 de
852 4079 939 4129 forma
957 4077 996 4143 (in
1020 4077 1107 4142 ιαῖος)
1133 4092 1196 4142 pag.
1216 4077 1266 4126 544
1286 4091 1344 4142 seq.

206 4145 292 4196 latum
318 4151 347 4195 et
369 4145 532 4210 profundum
556 4149 693 4210 pertinere
716 4166 749 4199 ex
800 4149 842 4198 Τιι
866 4148 929 4198 add.
955 4147 1077 4198 Fischer.
1102 4146 1135 4196 ad
1166 4145 1276 4196 Weller.
1306 4147 1343 4197 11.

205 4213 389 4281 Barthelemyi
426 4215 616 4268 observatione
657 4225 748 4268 mouet
799 4234 816 4282 p
855 4217 943 4269 ,lun
964 4219 1024 4269 107.
1043 4222 1070 4267 et
1089 4216 1206 4267 Bredev.
1225 4232 1252 4280 p.
1266 4215 1311 4268 00.

205 4284 366 4347 barcinonae,
379 4299 457 4350 quern
470 4291 580 4337 secutus
593 4292 635 4337 est
647 4287 747 4339 Sellae·
818 4233 960 4351 ’derepta
975 4279 1007 4336 dt
1018 4276 1207 4336 ἐπταιιαίθεκα
1220 4281 1268 4335 sul
1281 4281 1345 4335 ἓιια-

205 4355 253 4408 lsr.
275 4355 331 4424 Nec
350 4355 430 4406 aliter
446 4356 612 4422 Wagnerurn
631 4358 660 4407 iu
680 4358 747 4408 scri·
798 4356 859 4424 τον]
876 4358 967 4408 Minus
980 4362 1107 4408 accurate
1120 4355 1256 4407 Diodorus
1269 4357 1343 4418 XVI,
