3088 4922
545 254 796 315 EUTERPH.
819 253 862 313 11.
884 261 929 315 49.

1245 245 1306 308 543

169 417 278 522 penos.
327 427 415 518 Ἤδη
440 421 488 499 ὧν
513 431 622 498 δοκέει
643 455 698 516 μοι
727 426 936 515 Μελάμπους
963 419 981 494 ὁ
1006 421 1218 513 Ἀμυθέωνος
1246 424 1353 508 τῆς49

352 664 418 717 Gar.
438 663 537 712 XLIX.

201 757 275 834 Ἤδη
295 755 335 816 aiv
358 765 450 817 δοκέει
471 780 519 832 μοι
537 756 714 828 Μελάμπους

174 831 381 903 ὀἈμυθὲωνος
400 853 425 886 κ.
446 853 469 887 τ.
490 833 526 900 1.]
547 836 588 886 De
602 833 714 885 Melam-

172 909 255 974 pode,
276 909 321 974 qui
340 908 441 958 Bacchi
457 923 536 956 saera
553 905 660 970 ullaque
679 905 715 953 si-

171 979 245 1030 milia
261 994 294 1028 ex
306 979 431 1042 Aegypto
451 975 614 1037 traduxerit,
634 975 714 1024 testis

172 1045 713 1178 2¹th¹¹3.tltl³⁰l⁰t¹tilfi¹¹¹t0iti·

171 1205 198 1254 p.
219 1189 251 1238 12
271 1193 298 1237 et
317 1187 461 1252 Nicephor.
488 1187 517 1235 in
535 1186 631 1250 Synas.
650 1199 713 1248 pag.

171 1259 232 1308 421.
268 1257 357 1322 Vulgo
376 1255 556 1320 Melampodis
575 1269 661 1319 genus
680 1253 715 1302 ad

172 1327 285 1378 Aeolum
298 1329 420 1376 referunt
433 1328 544 1391 eiusque
557 1324 636 1386 filios,
650 1338 715 1389 quo·

173 1413 231 1447 rum
250 1398 321 1446 alter
335 1397 428 1462 genuit
442 1395 650 1461 Amythaonem,
668 1408 714 1458 pa·

173 1473 241 1517 trem
264 1465 456 1530 Melampodis,
489 1481 567 1530 quem
597 1480 629 1514 ex
654 1463 716 1512 Ido-

173 1551 252 1587 mcua
264 1541 430 1600 srrsceperat.
462 1535 546 1585 Plura
558 1532 714 1599 Apollodor.

173 1608 195 1669 l,
214 1607 240 1669 G,
263 1607 292 1656 ll
313 1621 387 1671 seqq.
409 1606 445 1667 II,
460 1607 486 1667 2,
504 1604 601 1669 aibiq.
616 1602 716 1666 Heynii

174 1678 297 1726 observv.
316 1692 343 1739 p.
370 1674 414 1726 63.
438 1675 472 1725 65
497 1673 558 1724 eoll.
583 1672 716 1722 Herodot.

174 1747 222 1796 lx.
243 1746 276 1796 34
295 1743 368 1810 (VII,
387 1745 460 1810 221).
481 1745 590 1794 Homer.
615 1742 715 1806 Odyss.

173 1816 221 1876 XI,
241 1815 301 1864 266.
325 1815 384 1876 XV,
407 1814 459 1864 226
477 1829 534 1878 seq.
569 1812 609 1862 he
636 1825 716 1877 pecu·

173 1884 235 1934 liari
265 1883 355 1934 libello
379 1899 424 1947 ea,
453 1897 523 1948 quae
547 1888 653 1932 veteres
682 1882 716 1930 de

174 1954 344 2019 Melampode
371 1953 556 2016 tradiderunt,
585 1952 716 2002 tractavit

175 2025 205 2074 C.
224 2024 408 2073 Helrermann:
427 2023 578 2088 Melampus
592 2021 648 2072 und
659 2022 716 2071 sein

175 2093 351 2156 Geeeblecht,
371 2095 414 2143 ein
433 2093 531 2158 Gyolus
549 2091 715 2158 mythologg.

174 2164 414 2229 Untersuchnngg.
422 2163 546 2230 Giitting.
556 2162 632 2222 1840,
641 2176 717 2227 prae-

175 2235 253 2298 cipue
276 2250 302 2298 p.
328 2235 421 2284 1-46.
460 2233 502 2283 Ad
525 2231 659 2283 Herodoti
678 2230 718 2280 lo-

175 2319 235 2353 cum
254 2301 444 2353 illustrandum
462 2303 529 2352 nihil
540 2304 596 2352 lere
614 2301 659 2352 ille
677 2305 717 2350 at-

175 2374 252 2423 tulit:
272 2375 371 2422 etenim
388 2373 521 2423 Herodoti
539 2372 660 2437 primarii
684 2371 717 2420 de

175 2443 345 2508 Melampode
385 2444 525 2508 scriptoris
560 2441 716 2492 testimonio

174 2529 284 2578 prorsus
311 2513 366 2563 lere
387 2513 512 2578 neglecto
537 2512 659 2577 adeoque
677 2527 719 2561 re-

175 2585 246 2633 iecto
270 2583 320 2648 (cl.
344 2600 369 2648 p.
388 2583 431 2648 38)
457 2598 491 2632 ex
507 2582 624 2634 Thracia
648 2583 718 2631 anti·

176 2654 308 2718 quissima
329 2651 527 2718 Melampodem
546 2651 646 2717 repetit
662 2666 717 2700 una

176 2739 236 2773 euru
260 2727 340 2788 gente
364 2721 541 2784 sacerdotali,
564 2737 635 2786 quae
652 2722 717 2770 Dio-

176 2794 238 2858 nysi
254 2793 400 2842 inlerorum
414 2791 546 2857 praesidis
565 2791 657 2842 dedita
675 2805 718 2840 sa-

176 2865 244 2925 eris,
263 2861 405 2926 postmodo
418 2861 452 2911 ad
464 2860 596 2926 Apollinis
615 2859 716 2911 cultum

177 2949 206 2982 se
231 2932 408 2994 converterit,
439 2932 548 2982 nomine
571 2933 630 2996 ipso
654 2930 717 2979 inde

177 3001 308 3064 deducto,
338 3015 419 3065 quum
443 3001 478 3051 ad
506 3002 609 3051 inferos
636 3005 719 3064 atque

177 3071 242 3120 deos
259 3071 405 3120 inferorum
425 3071 555 3136 quidquid
573 3071 718 3136 pertineat,

177 3141 205 3190 id
228 3140 336 3205 nigrum
354 3156 413 3192 esse
431 3141 605 3206 perhibeatur
623 3140 670 3204 (oi.
690 3156 718 3204 p.

177 3209 226 3276 2.).
258 3210 419 3276 Plerumque
436 3227 532 3260 nomen
551 3211 720 3272 Melampodis

179 3281 208 3345 (i.
218 3296 241 3329 c.
253 3281 320 3344 cipri
331 3280 448 3344 pedibus)
459 3297 490 3331 eo
501 3280 631 3344 referunt,
647 3279 719 3345 quod

178 3349 282 3415 pueruli
306 3351 422 3415 expositi
444 3350 527 3416 pedes
550 3351 629 3413 nudi,
657 3349 719 3400 reli-

178 3436 230 3486 quo
250 3420 354 3471 seilicet
375 3435 488 3485 corpore
511 3420 633 3483 obtecto,
658 3435 719 3470 cum

178 3507 194 3539 a
213 3489 270 3539 sole
289 3491 523 3554 comburerentur,
547 3491 618 3556 nigri
636 3490 719 3540 exsti-

177 3561 269 3610 terint.
312 3561 366 3611 Sed
390 3561 479 3625 possis
506 3560 602 3625 opinor
625 3560 718 3610 eodem

177 3631 235 3680 iure
251 3631 357 3694 nigrum
375 3631 492 3681 colorem
508 3631 609 3680 referre
622 3630 656 3679 ad
666 3629 719 3678 Aa·

177 3701 299 3766 gyptiam
322 3700 473 3752 sacerdotis
498 3701 629 3764 originem
658 3698 719 3748 reli·

177 3769 721 3835 gionesquoexdegyptiterrissoleeom·

177 3839 266 3889 bustis
285 3841 320 3890 ab
339 3855 431 3890 earum
448 3838 546 3888 incolis
565 3845 592 3888 et
603 3839 670 3903 ipsis
682 3839 721 3887 ni-

179 3909 234 3972 gris
245 3910 273 3958 in
284 3909 424 3960 Graeciam
435 3909 574 3958 advectas.
610 3909 668 3958 Nec
681 3908 721 3956 in-

179 3978 329 4042 tercedam,
349 3980 373 4027 si
391 3980 451 4044 quis
466 3978 664 4042 Melampodem
681 3979 721 4026 in-

177 4047 312 4098 tellexerit
341 4047 473 4098 coloniam
502 4063 525 4098 s.
550 4047 720 4113 disciplinam

179 4116 375 4167 sacerdotalem
402 4117 445 4166 vel
469 4118 646 4180 Graecorum,
675 4116 722 4182 qui

179 4187 213 4236 ab
238 4187 380 4251 Aegyptiis
405 4201 485 4236 saera
502 4187 605 4237 suerint
623 4185 721 4244 edocti,

179 4254 223 4304 val
235 4257 355 4320 ipsorum
367 4257 576 4320 Aegyptiorum,
596 4257 640 4321 qui
653 4257 722 4306 Bac-

180 4323 224 4373 chi
241 4339 321 4375 saera
338 4339 372 4376 ne
382 4325 527 4391 religiones
541 4326 570 4374 in
579 4324 722 4378 Graeciam

763 627 918 677 induxerint
935 627 1174 692 propagarintque.
1211 622 1306 688 Neque

765 699 836 747 enim
853 697 905 746 hoe
923 697 1079 747 abhorrebit
1102 696 1137 745 ab
1159 694 1307 758 antiquita-

764 768 801 816 tis
825 765 930 829 indole,
956 782 1025 832 quae
1047 765 1128 815 simili
1155 763 1234 814 modo
1257 763 1308 811 Or·

764 835 861 900 pheum
873 835 949 898 dixit,
969 836 1130 898 Daedalum,
1150 833 1230 884 alios.
1254 833 1307 882 Po-

765 906 818 956 tuit
842 906 922 955 etiam
946 921 1015 955 unus
1040 921 1100 956 esse
1126 903 1254 954 sacerdos
1278 903 1306 950 in

764 976 860 1026 horum
876 991 996 1038 numero,
1008 991 1073 1040 prae
1084 975 1181 1024 ceteris
1192 972 1306 1038 insignis

766 1051 793 1096 et
807 1046 834 1094 in
849 1045 950 1094 Bacchi
965 1045 1050 1094 sacris
1064 1043 1248 1110 propagandis
1264 1057 1307 1090 ex·

765 1114 874 1167 callens.
912 1115 982 1165 Utut
1006 1119 1062 1176 est,
1086 1113 1221 1163 Herodoti
1247 1126 1307 1160 nar-

764 1186 835 1236 ratio
859 1184 892 1233 de
916 1184 1085 1248 Melampode
1111 1183 1308 1248 Aegyptiarum

766 1255 897 1321 originem
916 1254 1111 1304 Bacchicornm
1124 1266 1261 1302 sacrorum
1279 1251 1308 1298 in

766 1325 881 1376 Graecia
896 1325 964 1373 satis
983 1323 1097 1389 prodere
1114 1322 1230 1372 videtur.
1265 1319 1308 1370 Ad

766 1397 919 1461 Aegyptum
937 1393 1142 1459 Aegyptiosque
1152 1392 1308 1442 sacerdotes

768 1468 895 1530 spectant
905 1465 996 1526 etiam,
1010 1479 1079 1529 quae
1089 1463 1193 1528 reliqua
1203 1463 1236 1512 de
1251 1461 1309 1510 Ma·

766 1533 891 1600 lampade
917 1539 1000 1598 atque
1023 1533 1232 1598 Amythaouidis
1255 1537 1310 1579 tra-

768 1605 883 1667 duntur,
910 1604 956 1669 qni
979 1619 1033 1653 non
1055 1605 1144 1653 minus
1163 1601 1308 1667 sapientia,

767 1690 848 1740 quam
867 1673 990 1724 medendi
1007 1677 1034 1722 et
1057 1673 1225 1724 vaticinandi
1249 1675 1310 1720 arte

766 1746 887 1810 insignes
906 1744 991 1793 luisse
1008 1743 1144 1806 seruntur,
1163 1755 1217 1809 qua
1235 1741 1267 1790 de
1279 1756 1309 1788 re

768 1815 839 1866 conl.
847 1819 916 1864 nott.
927 1812 1162 1878 testimoniaapud
1170 1812 1201 1862 G.
1208 1811 1309 1862 Eelrcr-

766 1899 848 1934 maun
872 1883 891 1934 l.
915 1883 933 1934 l.
955 1899 984 1948 p.
1006 1886 1032 1935 4.
1064 1883 1184 1933 Lobeck.
1208 1881 1309 1947 Aglao-

766 1954 856 2020 pham.
878 1969 904 2018 p.
926 1954 978 2004 262
996 1967 1053 2019 seq.
1074 1952 1124 2004 299
1143 1968 1210 2018 seq,
1234 1951 1310 2000 inde-

767 2039 818 2090 que
836 2022 875 2072 nil
893 2023 998 2086 mirum,
1017 2023 1061 2074 vel
1077 2022 1161 2072 multo
1178 2027 1241 2088 post
1259 2037 1308 2070 no-

768 2109 829 2159 men
847 2093 1025 2159 Melampodis
1048 2094 1164 2144 inveniri
1188 2091 1308 2142 auctoris

767 2163 914 2229 praefixum
944 2162 1050 2226 libello,
1080 2164 1126 2228 qui
1152 2161 1310 2212 inscribitur

768 2229 832 2298 περὶ
842 2229 961 2297 παλμῶν
968 2227 1098 2297 μαντικὴ,
1115 2232 1230 2298 aliisque
1241 2231 1309 2280 adeo

768 2303 922 2354 huiusmodi
941 2304 1062 2368 scriptis,
1088 2303 1121 2352 de
1139 2303 1235 2368 quibus
1252 2300 1310 2350 dixi

767 2374 796 2423 in
814 2371 915 2438 Pauly:
938 2373 1147 2438 Realencyelop.
1173 2373 1221 2422 IV.
1244 2387 1308 2435 pag.

769 2444 846 2496 1727.
862 2441 941 2494 Cerri.
953 2444 1035 2494 etiam
1042 2443 1206 2493 (tremonia
1215 2441 1309 2506 Symh.

767 2514 815 2566 IV.
835 2530 862 2578 p.
882 2512 934 2564 676
951 2529 1008 2580 seq.
1027 2518 1055 2562 et
1072 2513 1120 2564 IV.
1138 2529 1164 2578 p.
1181 2513 1213 2562 27
1233 2526 1309 2576 seqq.

769 2583 802 2634 34
825 2599 914 2648 seqq,
939 2585 986 2633 uhi
1008 2581 1130 2648 pluribus
1149 2582 1181 2632 de
1199 2581 1311 2632 Melam·

766 2653 837 2718 pode
852 2655 986 2718 exposuit.
1017 2653 1092 2714 Quae
1111 2668 1171 2704 eum
1191 2654 1230 2701 ita
1245 2652 1309 2712 sint,

769 2723 893 2787 equidem
911 2723 945 2772 ad
965 2737 1055 2772 eorum
1081 2723 1243 2773 sententiam
1266 2736 1311 2769 ac-

769 2792 864 2843 cedere
886 2807 941 2842 non
964 2807 1088 2857 possum,
1112 2792 1158 2856 qui
1178 2789 1310 2855 quidquid

768 2863 796 2911 in
815 2861 958 2913 Graeciam
979 2877 1011 2912 ex
1023 2863 1148 2926 Aegypto
1165 2859 1208 2910 vel
1225 2860 1312 2909 Phoe-

768 2933 841 2981 nicia
854 2931 1078 2981 illatum'vcteres
1095 2929 1265 2989 tradiderint,
1282 2925 1311 2976 id

769 3001 839 3050 falso
857 3001 928 3050 tradi
938 3016 997 3050 cum
1010 3005 1149 3060 statuant,
1167 2999 1231 3048 inde
1245 3012 1312 3062 quo-

771 3085 822 3136 qne
845 3085 890 3133 ea,
915 3085 985 3135 quae
1008 3070 1041 3119 de
1059 3068 1200 3119 Bacchieis
1225 3067 1311 3117 sacris
1357 3079 1362 3088 ·

770 3155 803 3190 ex
820 3141 945 3205 Aegypto
969 3142 997 3189 in
1020 3139 1163 3191 Graeciam
1185 3153 1233 3204 per
1254 3138 1311 3187 Me-

770 3209 921 3275 lampodem
957 3209 1120 3259 introductis
1155 3207 1311 3259 Herodotus

771 3279 798 3330 h.
827 3279 846 3330 l.
881 3279 1038 3344 perscribit,
1073 3279 1142 3328 falsa
1177 3295 1237 3329 esse
1266 3275 1311 3326 vel

770 3366 801 3400 ex
825 3349 895 3400 falsa
919 3350 1155 3414 argumentatione
1176 3346 1311 3399 Herodoti

769 3420 893 3485 profecta
918 3419 1041 3469 iudicant
1062 3419 1179 3484 indeque
1204 3431 1310 3468 omnem

769 3489 851 3552 banc,
877 3505 946 3555 quae
966 3491 1035 3539 inter
1057 3489 1197 3554 utriusque
1221 3487 1312 3554 gentis

770 3575 849 3610 sacra
867 3567 894 3609 et
911 3560 1017 3624 mythos
1036 3557 1195 3620 intercedit,
1218 3554 1311 3606 simili·

769 3630 889 3679 tudinem
909 3645 941 3679 ex
956 3629 1074 3678 virorum
1092 3627 1233 3678 doctorum
1244 3625 1311 3675 utri-

770 3698 1312 3834 12131212112ῖο12ῑέ2121

770 3839 830 3888 dem
842 3839 1007 3888 subiecerint
1020 3837 1152 3886 rationem
1167 3841 1195 3884 et
1207 3835 1313 3886 Graeca

770 3908 805 3958 ad
828 3907 978 3974 Aegyptias
1002 3905 1140 3958 doctrinas
1163 3919 1313 3954 accommo-

771 3978 836 4027 dare
875 3976 1039 4028 studuerint.
1091 3974 1169 4025 Geni.
1201 3972 1313 4024 Lomck

771 4047 789 4097 l.
813 4047 831 4096 l.
859 4063 886 4112 p.
914 4045 1094 4098 1101-1104.
1133 4043 1201 4096 Mihi
1224 4043 1314 4109 potior

771 4116 879 4166 videtur
894 4115 1029 4166 Herodoti
1047 4115 1210 4170 auctoritas.
1231 4128 1313 4179 quam

773 4187 821 4249 iis,
847 4201 916 4251 qnae
938 4185 971 4235 de
995 4183 1096 4235 talibus
1117 4185 1198 4234 rebus
1221 4199 1315 4233 recen-

773 4255 852 4304 tioris
880 4257 979 4304 aetatis
1004 4255 1150 4319 scriptores
1176 4255 1314 4320 excogita·

773 4325 874 4387 verint,
892 4325 1096 4390 praeferendam
1114 4339 1221 4375 censeo.
