3088 4922
561 257 812 320 EU'PHRPE.
836 259 879 318 11.
900 265 944 320 29.

1261 259 1323 322 485

187 439 280 520 τίνης
293 429 408 508 πόλιος
423 427 589 518 αὐτόπτης
604 427 727 516 ἐλθόν,
742 429 780 501 τό
793 428 827 500 δ’
843 428 908 502 ἀπὸ
921 433 1042 503 τούτου
1055 430 1141 524 ἀκοῇ
1153 431 1219 524 ἤδη
1233 438 1321 503 ίστο·

189 540 287 627 ρὲων.
299 530 379 603 Ἀπδ
390 529 626 621 Ἐλεφαντίνης
635 533 750 614 πόλιος
757 531 828 604 ἀνω
843 536 927 606 ίόντι
940 535 1081 618 ἀναντὲς
1096 533 1164 608 ἐστι
1179 543 1320 626 χωρίον·

189 639 293 727 ταύτῃ
313 627 361 706 οἷν
381 640 436 706 δεῖ
453 634 490 705 τδ
510 645 628 707 πλοίον
646 639 870 728 διαδήσαντας
888 636 1151 730 ἀμφοτέρωθεν,
1173 640 1321 732 κατάπερ

189 747 286 831 βοῦν,
303 737 526 826 πορεύεσθαι·
540 735 584 829 ἢν
599 741 636 809 δὲ
650 737 836 830 ἀπορραγῇ,
850 739 887 810 τό
901 753 1019 814 πλοῖον
1032 755 1157 832 οἴχεται
1176 743 1319 833 φερόμε-

190 871 251 915 νον
264 839 330 912 ὑπὸ
346 841 458 930 ίσχάος
475 848 536 912 τοῦ
548 842 640 933 ῥόον.
668 841 706 912 τό
721 842 758 913 δὲ
772 852 896 933 χωρίον
917 846 1015 916 τοῦτό
1031 849 1099 915 ἐστι
1121 844 1176 916 ἐπὶ
1200 843 1323 937 ἡμέρας

189 948 345 1035 τέσσερας
361 943 475 1027 πλόος·
490 945 623 1028 σκολιός
636 947 674 1018 δὲ
687 945 808 1035 ταύτῃ,
829 947 977 1038 κατάπερ
991 945 1009 1018 ὁ
1023 956 1238 1039 Μαίανδρος,
1253 953 1322 1022 ἐστὶ

189 1049 355 1130 όΝεΙλος.
384 1065 511 1138 σχοῖνοι
533 1050 570 1120 δὲ
592 1049 750 1120 δοόδεκά
765 1056 828 1120 είσι
849 1041 960 1136 οὗτοι,
979 1050 1058 1132 τοὺς
1079 1058 1134 1121 δεῖ
1150 1053 1257 1146 τούτῳ
1276 1059 1323 1146 τῷ

149 1154 317 1248 τιοτρόπρτ
333 1159 547 1224 διεκπλῶσαι.
584 1157 640 1224 καὶ
654 1161 768 1226 ἔπειτα
783 1151 913 1237 ἀπίξεαι
930 1151 963 1236 ἐς
978 1161 1095 1224 πεδίον
1110 1165 1211 1238 λεῖον,
1226 1152 1264 1224 ἐν
1277 1160 1323 1248 τῷ

192 1359 263 1410 coni.
289 1359 311 1420 1,
336 1357 396 1408 171.
421 1357 512 1423 ibique
536 1363 606 1408 nott.
629 1357 667 1418 ΙΙ,
688 1357 730 1408 st.
783 1331 861 1406 verso
892 1355 1000 1405 flumine
1031 1356 1188 1415 trahantur,
1217 1354 1324 1406 alveum

192 1429 239 1490 IV,
266 1427 307 1479 16.
334 1427 398 1486 192,
424 1431 538 1478 οοΙοττΙε
555 1427 679 1478 Wersero
704 1427 731 1476 iu
783 1425 840 1476 Nili
858 1425 917 1475 lieri
937 1426 1122 1490 angustiorem
1141 1424 1258 1490 indeque
1275 1425 1324 1476 im-

190 1499 263 1548 Aott.
282 1497 357 1563 phill.
383 1497 507 1548 Menace.
532 1497 553 1560 1,
578 1499 603 1546 2.
629 1513 655 1562 p.
681 1499 732 1548 ‘itt
783 1494 1258 1561 peditioremipsamnavigationem.
1278 1493 1324 1546 Ul·

190 1565 730 1702 tinettill¹tt⁸⁰htt,ttt¹¹t
783 1563 1324 1698 tellit.“tmttltlttttlt

326 1674 332 1685 ·
436 1674 443 1685 ·
671 1673 677 1685 ·
725 1674 731 1686 ·
956 1671 962 1696 ι

193 1707 255 1768 llil,
287 1704 397 1755 Ellendt
425 1705 460 1754 ad
489 1705 595 1755 Arrian.
626 1705 730 1770 Exped.

192 1775 268 1826 Alex.
287 1775 324 1834 ΙΙ,
346 1773 387 1824 19.
408 1773 432 1836 5.
453 1775 477 1824 1.
503 1774 614 1840 Spectat
632 1775 679 1824 illa
696 1775 731 1824 ad

190 1845 309 1894 locorum
323 1843 481 1894 distantiam
491 1859 540 1894 nee
555 1844 624 1894 male
640 1845 728 1894 aLer-

192 1913 271 1965 chero
289 1913 381 1963 hune
373 1929 401 1962 in
415 1913 521 1963 modum
533 1913 688 1968 redditur:
692 1929 731 1972 ‚en

189 1991 311 2048 ροιιτεοιιλ
334 1999 384 2032 rues
407 1983 554 2033 recherches
582 1987 652 2034 oaesi
673 1985 732 2042 loiri,

191 2055 294 2118 paelice
309 2052 443 2114 pouooient
464 2053 559 2104 oller.“
594 2053 636 2104 Ad
658 2044 733 2117 ἀκοῇ

192 2123 228 2173 ei.
253 2121 290 2182 1,
303 2122 350 2172 ΙΙΙ
377 2127 404 2170 εΙ
426 2121 464 2180 ΙΙ,
485 2121 544 2172 123.
570 2123 619 2173 148
641 2123 731 2188 ibique

192 2197 260 2242 nott.
279 2191 327 2252 IV,
347 2191 388 2242 16.
427 2159 542 2240 Silsbelis
560 2191 595 2242 ad
612 2193 732 2242 Peneon.

192 2261 245 2322 ΙΙΙ,
263 2263 306 2322 25,
330 2259 362 2310 5.
381 2277 443 2325 pag.
469 2261 517 2324 80,
553 2261 674 2326 Ienuep.
697 2261 733 2311 ed

192 2299 329 2382 Phdlarili.
349 2329 437 2394 Epist.
456 2346 519 2396 pag
543 2331 602 2394 229,
627 2332 654 2380 b.
690 2331 732 2382 De

191 2416 258 2452 voce
276 2393 413 2460 ίστορέων
436 2401 471 2450 ci.
491 2405 560 2451 nott.
586 2369 620 2450 dd
637 2416 731 2466 prooe-

191 2470 271 2521 mium
288 2469 390 2519 libril.

226 2580 371 2652 αὐτόπτης
389 2579 494 2652 hotv]
516 2589 575 2650 Quo
599 2589 660 2640 Ιοοο
678 2605 731 2640 rne-

192 2659 318 2710 morabili
334 2672 417 2724 supra
434 2673 526 2708 sumus
540 2659 676 2720 nsiadII,
691 2659 730 2720 15,

192 2728 239 2780 ubi
257 2727 314 2778 vid.
350 2728 387 2778 Et
405 2728 463 2778 iuro
479 2728 531 2778 hoe
546 2729 574 2778 in
592 2727 652 2780 loeo
670 2697 732 2779 leub-

192 2799 307 2857 sistnnt,
325 2797 370 2862 qui
388 2798 422 2847 de
438 2797 573 2848 Herodoti
589 2798 732 2849 itineribus

192 2869 375 2933 exposuerant
394 2867 482 2928 (soni.
506 2868 598 2932 Heyse
618 2868 731 2930 Quaest.

192 2937 294 2989 Herod.
311 2937 334 2986 Ι.
354 2951 419 3002 pag.
436 2935 507 3001 112).
543 2938 612 2987 Nam
624 2937 732 2987 univer·

192 3021 249 3057 sam
256 3007 409 3071 Aegyptum
420 3007 549 3056 Nostrum
558 3006 660 3056 vidisse
669 3005 733 3056 hino

86 3095 93 3109 ·
191 3077 362 3127 manifestum
382 3075 422 3126 fit.

223 3187 292 3246 ’Aah
318 3185 524 3258 Ἐλεφαντίνης
550 3185 690 3250 πόλιος
671 3210 732 3244 αντο

193 3256 268 3314 ίόντι
285 3280 310 3314 τι.
333 3280 356 3314 τ.
377 3262 415 3330 λ.]
435 3264 603 3314 Herodotum
621 3264 655 3314 ob
672 3280 733 3315 nar·

191 3335 305 3386 rationis
333 3332 496 3398 elegantiam
525 3338 609 3398 atque
630 3335 732 3399 perspi·

192 3403 320 3454 euitatem
337 3402 432 3452 laudat
446 3403 563 3468 Longin.
576 3402 609 3453 de
624 3403 731 3454 sublim.

192 3487 253 3538 τερ.
279 3473 319 3524 16.
345 3475 371 3534 §-
394 3472 437 3531 26,
459 3472 507 3522 ubi
532 3472 652 3536 Tonpius
677 3475 732 3524 Lu·

192 3543 263 3594 oiau.
287 3542 321 3593 de
344 3556 400 3593 ver.
426 3541 489 3592 hist.
514 3541 553 3602 ΙΙ,
580 3543 613 3592 27
637 3543 729 3596 affert.

191 3611 234 3663 Ad
257 3615 443 3677 argumentum
469 3612 557 3676 ipsum
582 3610 637 3662 vid.
664 3627 733 3677 quae

784 1705 899 1754 subeant
910 1703 1085 1768 navigantes:
1102 1703 1150 1754 sed
1168 1719 1229 1753 mox
1243 1704 1323 1754 inter·

782 1773 881 1824 cedunt
889 1777 1059 1824 catarractae
1070 1773 1221 1838 superiores
1229 1773 1324 1824 Wadi·

782 1842 942 1904 Eetioneas,
969 1842 1065 1907 quibus
1093 1843 1180 1892 denuo
1209 1841 1323 1893 difficul-

781 1916 853 1962 tates
862 1911 1053 1976 navigantibus
1065 1917 1242 1978 opponuntur.
1258 1912 1324 1962 Cae-

782 1988 869 2032 terum
882 1981 917 2031 ad
930 1981 1001 2031 hunc
1010 1981 1143 2032 Herodoti
1152 1981 1240 2031 locum
1251 1981 1323 2034 coni.

783 2053 863 2102 etiam
883 2049 1000 2102 lomard.
1018 2051 1128 2102 Reoueil
1148 2055 1199 2100 ete.
1217 2051 1241 2102 Ι.
1259 2065 1323 2116 pag.

784 2122 816 2172 94
829 2137 885 2187 seq.
900 2127 926 2172 et
936 2121 969 2170 de
977 2119 1032 2170 Nili
1045 2137 1123 2171 eursu
1139 2120 1228 2171 Strab.
1243 2121 1323 2172 XVII

784 2192 843 2241 init.
864 2206 890 2255 p.
910 2190 961 2241 786
976 2205 999 2240 s.
1020 2189 1088 2242 1133
1106 2194 1134 2240 et
1156 2205 1183 2255 p.
1205 2190 1270 2240 llll
1289 2189 1322 2242 Β.

783 2261 884 2312 Nostra
893 2264 983 2310 aetate
993 2265 1100 2325 praeter
1109 2258 1178 2310 alios
1190 2259 1261 2310 hune
1267 2259 1323 2310 Nili

783 2345 890 2382 cursum
908 2335 1016 2380 secutus
1032 2335 1074 2380 est
1091 2329 1119 2378 in
1138 2329 1263 2394 regiones
1281 2343 1323 2379 su-

782 2400 901 2466 periores
919 2415 1004 2466 usque
1021 2399 1055 2450 ad
1079 2399 1168 2449 sontes
1185 2413 1323 2464 propemo

784 2471 846 2520 dum
864 2471 1031 2536 Russegger:
1051 2470 1149 2520 Reieen
1169 2473 1221 2520 ete.
1240 2468 1277 2530 ΙΙ,
1299 2469 1322 2520 1.

781 2539 1038 2729 λὲΞηέίίῖΙλι.
1049 2537 1215 2664 itast..
1230 2507 1323 2658 lli}

782 2695 826 2744 qur

817 2770 875 2830 ἐστι
892 2767 1010 2829 ἔπλέ
956 2775 1010 2843 ημέ
1011 2793 1062 2842 ρας
1075 2776 1206 2842 τέσσερας
1224 2775 1321 2846 πλόος]

782 2851 908 2901 Indicant
936 2848 1004 2898 haee
1031 2847 1114 2898 verba
1142 2851 1324 2911 nauigationem

783 2919 928 2985 quatridui:
955 2917 1027 2968 conf.
1049 2917 1088 2977 ΙΙ,
1115 2916 1147 2967 lt
1171 2922 1198 2967 et
1222 2917 1321 2970 Mestb.

783 2990 830 3041 Gr.
850 2989 896 3040 Gr.
916 3003 943 3051 p.
960 2986 1021 3038 794.
1058 2987 1117 3047 Quo
1130 2987 1189 3051 ipso
1203 2986 1322 3050 spatium

783 3059 818 3108 ab
844 3055 1026 3122 Elephantine
1053 3054 1143 3105 insula
1170 3069 1257 3121 usqne
1285 3055 1322 3108 ad

783 3127 953 3190 Tachompso
970 3125 1085 3176 indicari
1102 3129 1165 3190 post
1182 3125 1320 3177 Hennlek.

783 3197 881 3248 statuit
894 3195 1060 3256 Laroherus,
1074 3209 1135 3244 mox
1149 3199 1240 3246 tamen
1253 3195 1321 3256 (vid.

783 3267 852 3317 st.
876 3266 975 3329 Googr.
999 3279 1024 3328 p.
1048 3263 1120 3330 591),
1138 3264 1190 3315 hae
1215 3271 1324 3318 senten·

783 3337 822 3386 tie
837 3337 952 3394 reiecta,
973 3333 1109 3400 quatridui
1121 3335 1219 3386 itinere
1235 3335 1323 3386 deela-

781 3407 836 3457 rari
851 3404 911 3454 vult
928 3403 1122 3468 longitudinem
1136 3403 1171 3453 ab
1188 3403 1324 3468 Elephan-

783 3477 839 3526 tine
856 3488 940 3540 nsque
958 3473 992 3522 ad
1008 3489 1068 3522 enm
1084 3472 1188 3530 locum,
1206 3473 1254 3523 ubi
1273 3473 1322 3523 Ni-

783 3545 824 3596 lns
838 3559 892 3594 non
903 3542 1017 3608 amplius
1030 3543 1066 3592 sit
1076 3547 1231 3602 tortuosus3
1250 3542 1322 3593 unde

783 3615 837 3666 alio
854 3612 938 3664 tridui
954 3617 1003 3662 ant
1019 3611 1154 3677 quatridui
1172 3611 1270 3662 itinere
1283 3611 1322 3662 di·

193 3697 226 3732 ex
243 3681 423 3735 recentiorum
448 3681 679 3745 peregrinatorum
703 3681 734 3731 li·
784 3690 858 3735 stare
874 3681 1059 3746 Tachempso,
1082 3682 1122 3731 ita
1144 3685 1176 3730 ut
1200 3680 1235 3730 ad
1251 3680 1322 3732 hane

192 3752 248 3802 brie
266 3749 361 3801 attulit
378 3751 494 3800 Heeren.
514 3750 597 3800 Ideen
620 3752 731 3814 εΙε.·ΙΙ,
780 3749 1324 3816 insulamaleephantineprolieiseenti

194 3821 217 3871 l.
237 3837 264 3885 p.
279 3819 331 3872 356
348 3833 426 3885 seqq.
446 3824 473 3869 et
490 3835 559 3885 quae
574 3819 655 3885 paulo
668 3825 733 3872 ante
783 3829 885 3888 septem
905 3837 926 3872 s.
945 3826 1007 3871 onte
1018 3821 1075 3871 dies
1088 3820 1143 3870 sint
1159 3819 1321 3872 insumendi.

193 3905 227 3940 ex
247 3889 378 3954 Partheyi
396 3888 465 3940 libro
489 3888 638 3940 attulimus.
680 3891 733 3953 Qui
782 3892 850 3943 Mihi
867 3889 1001 3942 Herodoti
1015 3890 1099 3940 verbe
1117 3889 1162 3937 vix
1179 3889 1260 3940 aliter
1278 3903 1322 3941 ex·

193 3959 262 4010 enim
279 3963 373 4010 nostra
383 3964 474 4009 aetate
484 3958 533 4010 has
541 3961 664 4022 regiones
674 3975 732 4025 per·
783 3954 878 4028 pli'eari
893 3975 973 4024 posse
991 3960 1118 4009 videntur
1130 3963 1211 4023 atque
1225 3959 1259 4010 de
1276 3961 1322 4010 via

192 4027 356 4089 lustrarunt,
384 4033 520 4080 testantur
539 4029 629 4079 Nilum
651 4045 733 4095 snpra
782 4032 817 4082 ab
835 4029 1015 4096 Elephantine
1036 4043 1122 4094 usque
1144 4027 1180 4078 ad
1204 4043 1263 4079 enm
1284 4029 1323 4082 lo·

193 4097 300 4163 Syenen
318 4110 402 4163 nsque
424 4097 461 4149 ed
478 4097 572 4148 Philas
590 4099 670 4150 valde
687 4100 732 4150 lle·
784 4117 857 4161 enm,
881 4099 930 4149 nbi
953 4097 1031 4150 Nilus
1054 4113 1109 4148 nou
1136 4098 1252 4163 amplius
1280 4105 1323 4150 est

192 4181 305 4220 xuosum
323 4183 356 4218 so
380 4172 531 4218 tortuosum
556 4184 628 4230 esse,
654 4171 731 4234 aquis
783 4173 932 4222 tortuosus.
968 4169 1055 4231 Quem
1073 4167 1145 4217 τίτοτ
1163 4171 1322 4220 commercio

192 4241 248 4286 tarn
265 4237 360 4301 rapide
378 4235 580 4300 delabentibus,
596 4243 627 4287 ut
644 4238 732 4289 adhue
783 4241 950 4304 frequentem
982 4253 1041 4288 esse
1070 4237 1174 4288 monuit
1203 4238 1322 4289 Heersn.

192 4320 259 4370 opus
274 4307 311 4356 sit
328 4305 453 4370 ionibus,
472 4306 569 4371 quibus
585 4321 670 4359 naves
684 4309 732 4358 ed·
782 4309 866 4370 ldeen
883 4311 934 4358 εΙο.
950 4307 987 4370 ΙΙ,
1004 4309 1031 4358 2.
1049 4321 1113 4372 pag.
1132 4307 1194 4357 440.
