3058 4928
136 217 148 228 '
229 241 291 302 οοο
662 247 934 309 οοοοοοοι

228 417 415 504 λεομένοιοι
438 419 494 486 καὶ
510 427 723 507 Βακχικοῖσι,
751 424 843 490 ἐοῦσι
867 421 904 490 dt
924 428 1139 510 Αἰγυπτίοισι
1163 425 1219 494 καὶ
1237 433 1361 494 Πυθα-

227 525 398 608 γορείοισι.
436 517 516 590 οὐδὲ
530 521 595 612 γὰρ
608 523 738 592 τούτων
756 529 825 594 τοῖν
842 521 968 614 ὀργίων
987 531 1167 617 μετέχοντα
1182 524 1277 598 ὅσιόν
1293 532 1363 598 ἐστι

228 627 265 693 ἐν
281 626 453 712 εἰρινέοισι
474 629 584 714 εἵμασι
603 631 762 716 ταφῆναι.
805 633 874 696 ἔστι
891 629 928 698 dl
944 633 1021 721 περὶ
1044 629 1159 701 αὐτῶν
1174 630 1244 721 ἱρὸς
1264 631 1363 719 λόγος

228 725 416 815 λεγόμενος.

179 837 219 900 82
304 831 372 899 Kal
386 830 465 898 τάδε
484 826 569 899 ἄλλα
584 835 802 918 Αἰγυπτίοισί
819 836 887 902 ἐστι
911 837 1130 925 ἐξευρημένα,
1155 844 1229 926 μείς
1248 865 1285 905 τε
1305 839 1362 906 καὶ

227 927 332 1023 ἡμέρη
350 932 469 1022 ἑκάστη
489 937 583 1003 θεῶν
600 930 678 1004 ὅτευ
698 939 783 1022 ἐστί,
802 938 858 1006 καὶ
877 943 917 1027 τῇ
937 941 1075 1020 ἕκαστος
1092 935 1199 1030 ἡμέρῃ
1220 939 1360 1030 γενόμε-

227 1105 255 1151 et
271 1101 389 1152 certiora
406 1107 434 1152 et
456 1103 629 1153 accuratiora
644 1101 771 1154 edocebit
821 1109 849 1154 et
867 1107 1045 1157 excrementis
1067 1106 1141 1158 haud
1163 1107 1293 1158 infectam
1311 1123 1362 1158 nec

225 1171 358 1222 Boethius
368 1169 454 1222 altero
472 1171 626 1237 philosoph.
638 1172 769 1224 historiae
819 1174 907 1238 ipsam
919 1176 1049 1226 animalia
1059 1191 1125 1241 pree
1141 1176 1362 1243 immunditiagi-

226 1241 363 1292 volumine
365 1241 555 1307 ,propediem'
547 1258 576 1292 ιο
590 1242 675 1293 lucem
689 1244 770 1294 eden·
820 1249 956 1324 guentam.
982 1246 1170 1311 Quaeinsignr
1163 1246 1289 1311 'Apuleii
1300 1247 1362 1298 loco

227 1311 277 1372 do;
296 1327 347 1362 nec
365 1313 453 1377 magis
470 1311 514 1362 hie
529 1313 643 1374 attinet,
667 1312 700 1362 de
719 1314 769 1364 Or·
819 1313 847 1362 1ο
865 1313 980 1380 Apolog.
999 1331 1062 1380 pag.
1077 1315 1129 1366 495
1148 1318 1249 1398 optime
1266 1315 1363 1367 confir-

224 1348 365 1446 phibomm
383 1381 769 1446 qnidicunturdoctriuasivs
819 1389 937 1434 utantur.
970 1386 1084 1445 Lanam,
1100 1386 1290 1450 segnissimum
1304 1403 1363 1437 cor-

225 1449 364 1516 theologia
374 1451 529 1501 accuratius
539 1451 703 1516 disquirere
723 1468 769 1502 cu·
819 1453 892 1516 poris
916 1459 1130 1516 excrementum,
1154 1457 1246 1519 pecori
1273 1456 1363 1508 detra-

225 1521 268 1571 ius
285 1521 427 1586 utriusque
444 1520 622 1571 fundamenta
644 1523 723 1586 qnasi
741 1527 768 1572 et
819 1527 905 1586 ctam,
931 1525 986 1574 ianr
1009 1523 1072 1574 iude
1089 1525 1125 1574 eh
1144 1524 1246 1590 Orphei
1263 1531 1291 1576 et
1308 1527 1362 1591 Py

224 1595 372 1656 praecepta
387 1591 515 1654 primaria
529 1606 562 1640 ex
575 1592 701 1657 Aegypto
720 1593 767 1643 ad·
819 1591 950 1657 thagorae
962 1598 1054 1645 estate
1065 1594 1133 1644 dicit
1143 1595 1288 1659 profanum
1299 1611 1361 1646 esse

224 1666 315 1710 sumta
330 1675 405 1722 esse,
424 1660 468 1709 vel
485 1659 537 1710 hoe
546 1661 680 1712 Herodoti
697 1660 767 1724 loco,
817 1663 955 1714 vestitum.
996 1663 1050 1714 Sed
1073 1663 1279 1716 mundissimum
1300 1681 1361 1716 esse

226 1729 282 1780 aliu
299 1735 331 1782 ut
351 1735 473 1792 taceam,
498 1731 609 1794 probari
631 1731 766 1784 existimo.

225 1802 303 1863 Quae
326 1815 387 1854 oum
411 1800 451 1850 its
474 1801 543 1862 sint,
569 1816 656 1866 neque
679 1801 768 1852 Lobe-

224 1871 287 1920 ckio
312 1867 503 1936 (Aglaopham.
529 1869 552 1920 1.
576 1887 603 1935 p.
628 1871 679 1923 004
702 1871 764 1922 coll.

225 1942 276 1990 244
299 1955 355 2004 seq.
381 1939 470 2004 1104.)
494 1940 622 1990 assentiri
646 1955 766 2023 possum,

223 2009 291 2060 haec
311 2009 401 2059 omniu
419 2010 454 2059 ud
472 2009 676 2060 Onomaeritum
697 2011 768 2060 eius-v

225 2094 278 2143 que
289 2079 382 2129 studia
390 2095 424 2128 ac
436 2078 546 2128 fraudes
556 2081 705 2142 revocanti,
722 2096 767 2130 ne-

224 2164 277 2214 que
299 2147 425 2198 Krisehio
441 2149 503 2213 ‘tile
521 2149 662 2199 societatis
681 2165 698 2198 a
713 2149 766 2214 Py-

223 2218 340 2282 thagora
364 2217 393 2266 in
412 2217 480 2266 urbe
502 2217 613 2269 Croton.
637 2218 765 2269 conditae

224 2303 308 2350 scopo
319 2286 431 2351 politico
451 2285 601 2338 Comment.
619 2303 646 2352 p.
660 2287 698 2352 5),
718 2289 764 2353 qui

223 2356 294 2406 hanc
316 2355 495 2420 Orphioorum
519 2361 547 2406 et
567 2356 765 2422 Pythagorico-

222 2441 282 2474 rum
295 2427 483 2475 institutorum
501 2424 705 2476 similitudinem
722 2443 765 2477 re-

223 2494 765 2562 ferrivultadconiunctionemPythago-

221 2560 764 2630 ricorum(hominum)cum0rphicornm

222 2639 308 2696 secta,
320 2649 389 2700 qnae
403 2633 694 2701 eversisPythagorae
711 2635 765 2686 col·

221 2702 302 2770 legiis
311 2720 328 2754 a
339 2703 531 2768 superstitibus
544 2704 684 2770 discipulis
695 2706 764 2756 inita

222 2775 269 2825 sit.
289 2774 431 2825 Caeterum
443 2773 538 2824 confer
550 2773 675 2826 Greurer.
686 2775 819 2840 Sym-

221 2843 276 2894 bol.
289 2845 327 2898 11.
348 2860 375 2909 p.
393 2843 423 2896 1³
438 2859 512 2908 seqq.
533 2844 582 2894 1v.
602 2861 628 2910 p.
640 2847 674 2896 27
685 2861 762 2911 seqq.

222 2913 256 2964 30
272 2929 348 2980 seqq.
369 2914 412 2964 ed.
432 2918 504 2976 tert,
532 2913 561 2964 0.
582 2914 616 2966 0.
634 2915 762 2966 Mueller:

221 2983 349 3050 Prolegg.
373 2999 421 3034 sur
443 2981 594 3050 Mytholog.
618 3000 681 3050 pag.
701 2984 763 3037 380.

220 3053 297 3104 Alios
315 3055 388 3104 viros
401 3051 507 3115 doctos,
526 3054 572 3117 qui
586 3053 620 3104 de
638 3055 680 3104 his
697 3059 763 3105 scri·

219 3127 346 3188 pserunt,
376 3123 509 3173 excitavit
534 3123 624 3174 Bode·
648 3126 689 3174 De
714 3124 763 3175 Or·

218 3192 289 3272 pheo
304 3209 339 3273 p.
359 3195 392 3242 27
410 3197 468 3242 not.

246 3251 328 3311 ὅσιόν
342 3253 399 3310 ἔστι
415 3291 450 3302 -
461 3252 620 3326 λεμομενος]
645 3262 709 3314 Vid.
722 3263 761 3326 11,

219 3329 262 3393 37,
283 3331 330 3382 ο51
345 3331 501 3395 primarium
514 3329 654 3381 Plutarchi
672 3331 761 3382 locum

220 3401 253 3451 de
263 3400 331 3452 Isid.
344 3405 372 3452 et
383 3401 485 3451 Osirid.
496 3400 589 3465 eap.3.
604 3417 630 3465 p.
638 3401 687 3452 352
697 3401 760 3452 C.D

219 3471 273 3522 iam
286 3470 467 3523 laudavimus.
499 3471 553 3533 Qui
570 3485 662 3522 verum
681 3471 760 3520 huius

220 3542 302 3593 moris
315 3557 424 3592 causam
437 3556 497 3591 eam
513 3555 574 3590 esse
584 3541 671 3604 ponit,
690 3539 760 3604 quod

219 3627 314 3676 purum
332 3611 411 3677 tangi
427 3627 444 3660 u
462 3625 517 3660 non
530 3625 598 3674 puro
617 3610 655 3660 sit
671 3611 758 3662 nefas.

217 3682 295 3730 Lana
313 3681 461 3730 enimcum
484 3695 517 3730 ex
542 3678 697 3730 animalium
716 3695 760 3729 er-

218 3751 363 3800 cromentis
378 3753 508 3800 nascatur
522 3749 685 3813 minimeque
695 3749 759 3800 inde

217 3820 252 3869 ad
264 3835 333 3883 pura
345 3820 488 3883 pertineat,
501 3819 624 3883 proiecto
633 3833 687 3868 non
697 3834 759 3869 eou-

217 3893 386 3948 sentuneum,
399 3904 458 3939 eam
477 3889 511 3938 ab
529 3887 563 3936 iis
581 3887 692 3953 gestari,
711 3889 758 3953 qui

217 3973 297 4021 quum
316 3959 432 4008 maxime
449 3959 510 4022 puri
528 3962 610 4022 atque
634 3958 704 4008 casti
719 3957 758 4006 vi-

218 4027 275 4076 deri
299 4031 328 4076 et
344 4043 373 4077 re
392 4043 457 4078 vera
474 4027 588 4092 puritati
614 4031 642 4078 et
663 4041 757 4090 corpo-

217 4095 254 4144 ris
268 4099 296 4144 et
313 4111 415 4146 morum
432 4097 541 4147 studere
557 4095 685 4146 debeant.
712 4095 757 4145 Li-

816 1728 866 1780 lini
884 1739 1018 1799 segetem,
1043 1734 1114 1784 inter
1132 1735 1249 1798 optimas
1267 1735 1359 1802 fruges

817 1806 906 1852 terrae
924 1809 1046 1854 exortam
1066 1809 1119 1855 etc.
1154 1805 1208 1854 Pro
1218 1803 1292 1870 vulg
1303 1805 1360 1854 θα-

817 1868 945 1936 φθῆναι,
966 1873 1038 1938 quod
1055 1873 1121 1924 mihi
1141 1874 1281 1924 ferendum
1304 1889 1360 1925 non

818 1941 962 1992 videbatur
982 1943 1032 2006 (ci.
1045 1948 1115 1994 nott.
1134 1943 1210 2006 adl,
1228 1942 1301 2008 130),
1319 1960 1361 1994 re·

818 2011 916 2075 scripsi
927 2010 1053 2076 ταφῆναι
1068 2013 1173 2079 aliquot
1184 2013 1313 2064 librorum
1325 2029 1361 2064 ex

817 2081 1007 2132 auetoritate'
999 2083 1139 2165 ipsiusque
1163 2081 1231 2134 adeo
1249 2083 1362 2134 Floren-

817 2150 866 2198 tini
882 2149 954 2214 libri,
972 2153 1018 2217 qui
1030 2152 1138 2204 exhibet
1153 2150 1295 2217 θαφῆναι,
1311 2153 1361 2203 sed

816 2233 899 2284 supra
917 2221 1047 2286 scriptum
1058 2221 1141 2274 habet
1157 2221 1297 2274 literanis.
1317 2223 1361 2274 Tu

815 2287 871 2340 vid.
896 2289 979 2340 etiem
1008 2291 1067 2353 111,
1098 2293 1140 2344 10.
1168 2293 1211 2344 55.
1241 2291 1289 2354 IX,
1314 2291 1359 2354 84,

818 2373 885 2422 qnos
906 2359 982 2410 locos
1012 2360 1090 2412 affert
1117 2361 1268 2412 Bredovins
1294 2377 1359 2428 pag.

816 2425 867 2478 348
887 2429 1034 2480 secundum
1058 2431 1189 2482 aoristum
1212 2431 1359 2482 intralibus

815 2497 888 2560 apud
901 2498 1068 2550 Herodotum
1082 2499 1286 2566 praeterendum
1298 2515 1360 2552 esse

816 2565 925 2618 docens.
966 2568 1043 2619 Unus
1069 2571 1161 2622 obstat
1191 2569 1266 2622 loeus
1293 2571 1358 2633 Vll,

814 2635 866 2686 228
889 2634 947 2701 (ubi
976 2627 1132 2704 θαφθειοι)
1157 2641 1276 2705 itemque
1303 2641 1359 2690 llu-

815 2705 898 2756 stath.
916 2707 952 2757 nd
969 2707 1085 2774 Iliad.p
1088 2711 1175 2774 .51,0
1195 2711 1227 2760 tl
1247 2710 1305 2760 sive
1328 2724 1356 2772 p.

975 2949 1041 3000 Gru.
1060 2949 1198 3002 LXXXII.

816 3049 910 3136 μείς
923 3066 953 3101 τε
969 3042 1050 3102 aal‘
1035 3051 1179 3118 ημέρη-
1143 3045 1267 3118 -ἐστί]
1287 3053 1353 3106 Seii.

814 3113 872 3186 ἱρή,
890 3116 952 3202 pelo
968 3121 1109 3174 Aeolicam
1126 3123 1221 3174 dicunt
1239 3124 1353 3174 formam

814 3189 873 3255 (pro
891 3183 969 3258 μὴν),
988 3193 1107 3242 Homero
1123 3193 1178 3257 (lli.
1198 3195 1272 3256 xlx,
1293 3195 1352 3244 117.

812 3261 934 3325 Hymn.
927 3277 955 3310 ιο
965 3263 1050 3312 Mero.
1067 3259 1117 3324 11),
1136 3263 1256 3313 Hesiodo
1271 3263 1352 3328 (Opp.

813 3334 841 3380 et
861 3331 897 3380 D.
920 3332 987 3394 557,
1004 3331 1051 3382 ubi
1078 3332 1153 3382 conl.
1181 3332 1353 3398 Goettling.),

812 3399 874 3450 aliis
894 3399 1107 3465 frequentatam:
1132 3401 1188 3452 vid.
1213 3402 1295 3454 Thes.
1318 3403 1352 3454 1..

812 3469 858 3520 Gr.
869 3469 903 3518 V.
922 3485 947 3534 p.
959 3469 1011 3522 000
1023 3470 1149 3521 Dindorf.
1168 3471 1197 3522 Si
1211 3477 1284 3522 recte
1296 3471 1355 3520 dis-

810 3539 1022 3603 putavitMiot„
1052 3539 1145 3591 Gallus
1164 3541 1297 3592 Herodoti
1314 3541 1356 3590 iu·

811 3613 929 3673 terpres,
957 3609 1023 3660 haec
1048 3614 1154 3660 tentum
1183 3610 1216 3661 de
1239 3609 1355 3676 singulis

811 3679 942 3744 cuiusque
950 3679 1128 3730 hebdomadis
1140 3685 1243 3745 septem
1257 3679 1354 3730 diebus

810 3747 998 3813 intelligenda,
1016 3765 1103 3814 neque
1120 3749 1153 3800 de
1169 3750 1300 3800 continua
1313 3748 1354 3799 di-

809 3831 883 3868 erum
902 3820 973 3870 serie
984 3833 1031 3883 per
1043 3823 1130 3870 totum
1143 3834 1252 3870 sunum.
1282 3820 1355 3870 Sunt

809 3901 873 3936 vero
890 3886 958 3938 hoec
976 3893 1051 3938 arcte
1060 3889 1207 3940 coniuncta
1219 3903 1279 3940 cnm
1292 3887 1354 3938 uni-

808 3971 887 4006 verse
898 3956 1095 4022 Aegyptiorum
1103 3957 1245 4023 religione,
1259 3958 1286 4008 in
1298 3973 1354 4023 que

807 4024 925 4089 plurima
942 4025 977 4076 ad
995 4025 1061 4078 deos
1080 4025 1238 4078 calendares
1261 4033 1289 4078 et
1306 4043 1353 4077 rs-

807 4093 896 4144 tiones
908 4097 1105 4148 astronomicus
1116 4097 1299 4162 physicasque
1309 4111 1353 4146 re-

215 4179 280 4214 num
303 4179 382 4227 vero,
403 4165 475 4230 qnod
498 4181 513 4216 e
536 4169 609 4215 terra
627 4169 757 4214 nascatur
806 4163 865 4213 lata
874 4163 1007 4216 videmus.
1034 4166 1076 4216 De
1086 4182 1139 4232 quo
1149 4181 1282 4231 exponere
1291 4165 1352 4216 lou—

215 4232 373 4296 immortali,
396 4238 498 4284 vestem
517 4233 643 4284 exhihere
661 4247 756 4298 purum
807 4247 871 4297 gum
888 4237 940 4284 est.
975 4233 1052 4286 (loni.
1078 4235 1204 4287 Oreurer.
1227 4235 1352 4302 symbol.

214 4305 388 4366 acteonem,
406 4299 560 4352 animalium
583 4301 755 4354 immunditie
808 4301 846 4353 11.
865 4315 929 4368 peg.
951 4302 1000 4355 125
1019 4317 1107 4370 seqq„
1127 4305 1245 4358 Haeren.
1264 4305 1352 4356 Ideen

173 4483 226 4496 β
