3088 4944
213 299 275 362 346
642 296 912 360 ΗΕΒΟΒΟΤΙ

214 471 446 564 ἰσχυρότατον,
469 473 525 542 καὶ
547 478 634 544 ἔνθα
653 493 732 562 σφι,
752 479 864 542 Νίνου
883 470 1072 542 ἀναστάτου
1085 471 1284 562 γενομένης,
1307 470 1347 542 τὰ

213 577 371 668 precinite
390 577 607 668 cursusquae,
630 569 674 668 ἦν
690 576 874 666 Βαβυλών,
896 580 997 647 ἐοῦσα
1011 577 1147 666 τοιαύτη
1162 576 1205 667 δή
1220 605 1270 658 τις
1284 577 1345 648 πό-

214 737 464 813 οὖνομαστότατον
485 747 618 798 dederunt
639 751 754 798 receutt.
806 748 943 812 Fragmm.
962 763 989 812 p.
1008 746 1058 797 337
1077 746 1146 812 seq.)
1166 747 1194 796 in
1212 747 1348 798 nonnullis

214 819 275 871 edd.
291 819 402 869 iubente
417 818 533 870 Brcdcv.
545 835 573 884 p.
590 818 647 870 163.
666 817 756 884 Vulgo
807 817 960 882 copiosiora
978 817 1084 882 quidem
1103 817 1276 869 Herodoteis.
1301 809 1348 867 111-

214 882 450 952 ὄυομαστότατον.
807 903 859 952 que
887 888 1007 948 Ctesias,
1038 892 1069 938 ut
1090 888 1260 950 Herodotus,
1291 895 1347 940 tum

250 958 345 1009 Νίνου
362 949 522 1008 ἆναστοίτυυ
532 955 697 1024 γενομένης]
707 957 756 1008 Ar·
807 973 877 1024 quse
894 958 954 1023 ipse
975 957 1093 1022 viderat,
1118 963 1175 1009 tum
1197 975 1266 1024 quae
1285 961 1347 1011 aliis

214 1029 325 1081 ticulum
344 1027 394 1093 τῆς
412 1033 476 1079 aute
493 1027 588 1078 Νίνου
607 1043 639 1078 cx
657 1043 711 1078 unc
725 1025 756 1076 li·
807 1032 921 1094 accepta
944 1029 1091 1092 referebat,
1121 1031 1265 1080 memoriae
1288 1047 1348 1095 pro-

214 1103 262 1152 bro
286 1099 349 1150 olim
377 1099 516 1162 additum,
545 1115 606 1150 cum
630 1099 756 1164 ignorent
807 1097 923 1148 diderat.
969 1097 1077 1164 Reliqui
1110 1100 1271 1164 scriptores,
1301 1103 1348 1166 qui

215 1171 313 1236 reliqui
323 1169 400 1233 libri,
419 1186 479 1220 cum
489 1174 603 1219 recentt.
616 1168 753 1219 eiecimus.
805 1167 953 1236 Babylonis
968 1169 1042 1218 urbis
1054 1169 1159 1220 iaciunt
1175 1171 1347 1234 mentionem,

214 1243 256 1293 Ad
275 1245 462 1306 argumentum
485 1243 515 1290 tu
540 1239 612 1289 coni.
631 1253 714 1303 supra
731 1239 754 1300 1,
806 1237 966 1308 alterutrum
995 1239 1089 1289 horum
1116 1242 1202 1290 secuti
1226 1257 1285 1292 esse
1308 1243 1348 1291 vi-

217 1312 280 1374 106,
307 1311 354 1361 ubi
377 1311 410 1361 de
437 1311 508 1360 Nino
532 1325 549 1359 a
572 1309 660 1359 Medis
687 1308 755 1358 duce
807 1307 913 1359 dentur.
949 1310 1007 1360 Nec
1027 1311 1171 1360 recentiori
1194 1315 1286 1362 aetate
1303 1312 1347 1363 de-

215 1383 338 1446 Cyexare
350 1382 463 1431 obsessa
475 1383 673 1444 etexpugneta.
685 1378 754 1428 Add.
806 1379 897 1441 fuere,
923 1381 971 1444 qui
994 1379 1082 1430 lecum
1104 1381 1178 1430 urbis
1207 1382 1270 1432 clim
1293 1398 1348 1433 am-

214 1452 327 1503 Diodcr.
347 1451 430 1501 Sicul.
449 1450 486 1512 11,
506 1452 530 1512 7,
551 1449 753 1514 quiidemcsp.
805 1448 944 1513 piissimae
971 1450 1169 1515 investigantes
1195 1452 1348 1518 ruderaque

215 1523 231 1573 3
255 1523 289 1572 de
310 1521 378 1572 urbe
401 1521 453 1571 hac
477 1519 599 1585 pluribus
622 1518 754 1582 disputat.
804 1519 953 1571 invisentes
973 1520 1222 1586 perlustrantesque
1238 1539 1348 1574 accura-

214 1624 250 1634 -
268 1591 402 1656 Assyriam
425 1590 470 1640 hic
492 1589 583 1640 latiori
605 1604 685 1640 sensu
703 1588 756 1638 dici
807 1589 879 1639 tiore
904 1591 938 1640 de
961 1590 1003 1639 hie
1034 1591 1147 1642 edocere
1173 1597 1348 1658 veterumque

216 1663 368 1714 monuimus
387 1660 421 1711 ad
440 1659 542 1724 1,102.
807 1663 948 1710 anctorum
972 1659 1166 1726 descriptiones
1188 1661 1231 1713 vel
1252 1663 1347 1714 coufir-

249 1719 286 1796 ἦν
305 1722 449 1799 Βαβυλών]
473 1729 600 1795 Sequitur
617 1729 672 1779 iam
691 1727 757 1779 mul·
806 1746 880 1780 mare
898 1731 942 1782 vel
964 1731 1084 1782 refellere
1107 1737 1279 1784 conarentur.
1315 1735 1347 1784 Iu

214 1805 251 1855 tis
266 1801 404 1853 celebrata
427 1801 474 1851 illa
495 1799 644 1865 Babylonis
668 1803 695 1850 ei
713 1815 756 1849 ur·
807 1801 904 1866 quibus
932 1806 1040 1866 praeter
1069 1803 1244 1853 Niebuhrium
1279 1803 1347 1854 alios

214 1875 257 1925 bis
276 1877 304 1922 et
320 1873 440 1938 regionis
464 1871 624 1935 descriptio,
649 1870 677 1919 in
702 1885 756 1935 qua

215 1944 282 1994 illud
304 1943 437 2009 principio
459 1941 575 1992 lectores
597 1945 689 1992 tenere
710 1956 756 1990 ve-

214 2016 310 2078 limus,
327 2013 497 2064 Hcrodctum
515 2013 603 2076 ipsum
621 2009 694 2060 illam
714 2026 757 2060 ur-

214 2087 274 2135 bem
284 2082 384 2133 adiisse
394 2081 554 2147 singulaque
567 2081 756 2144 perlustrasse,

215 2171 286 2221 qnac
300 2153 345 2204 hic
361 2153 440 2203 nobis
456 2151 594 2202 describit.
631 2151 703 2200 Hinc
717 2149 756 2198 illi

215 2225 324 2275 minime
347 2222 476 2273 audiendi
499 2225 574 2282 sunt,
600 2221 647 2284 qui
671 2220 755 2284 Assy-

215 2297 283 2346 riam
298 2295 355 2344 sive
365 2291 543 2357 Babyloniam
557 2295 678 2340 nostrum
691 2291 756 2339 scri-

130 2408 136 2418 .
215 2371 319 2431 ptorem
337 2363 464 2412 invisisse
481 2366 529 2411 aut
550 2363 685 2424 negarunt
708 2364 756 2410 aut

217 2440 291 2487 certe
321 2434 348 2483 in
378 2425 489 2482 dubium
518 2435 664 2486 vocarunt,
694 2445 755 2480 cum

218 2523 258 2566 sa,
275 2520 344 2570 quae
359 2518 438 2566 capp.
452 2498 598 2552 181-183.
619 2499 757 2552 let-200

216 2579 390 2635 enarrantur,
420 2572 488 2620 satir
516 2570 637 2620 indicent
659 2571 755 2633 virum,

216 2647 262 2712 qui
279 2644 329 2694 has
346 2647 432 2693 terras
450 2642 509 2706 ipsc
524 2641 708 2706 peragraverit
718 2643 757 2691 in-

215 2716 353 2779 tentisque
379 2710 466 2764 oculis
494 2715 521 2761 et
545 2711 655 2760 auribus
677 2727 757 2763 accu-

216 2791 274 2838 rate
292 2784 382 2835 omnis
403 2781 566 2834 observarit.
604 2779 649 2831 Sic
664 2781 686 2844 1,
707 2781 756 2834 183

216 2859 349 2908 destatua
359 2853 433 2904 Iovis
446 2852 581 2903 disserens
595 2852 685 2902 addit:
705 2842 756 2916 ίγώ

148 2933 153 2943 ”
215 2927 332 2990 pisper
355 2916 408 2973 οὐκ
428 2915 516 2972 εἶδον.
554 2921 671 2985 Addl,
697 2922 755 2976 133.

214 2997 277 3048 Vid.
296 2999 388 3061 Heyre
408 2995 534 3056 Quaestt.
558 2991 702 3043 Herodoti.
728 3010 754 3058 p.

163 3075 168 3082 '
214 3069 258 3119 33.
281 3069 398 3118 Heereu.
423 3063 505 3115 Ideen
526 3063 550 3122 1,
574 3065 599 3113 2.
623 3079 685 3127 pag.
706 3061 756 3114 153

215 3156 283 3205 seq.,
300 3137 347 3202 qui
363 3136 433 3186 bene
455 3134 569 3185 adnotat
586 3133 755 3184 Herodotum

214 3225 268 3260 non
287 3221 320 3257 ea
342 3209 462 3266 tentum,
483 3218 552 3270 quae
570 3203 628 3267 ipse
647 3202 754 3266 viderit,

214 3280 323 3338 referre,
342 3291 435 3325 verum
452 3275 533 3324 etiarn
547 3272 601 3323 elia
612 3275 754 3338 quaedam,

214 3365 284 3416 quae
306 3361 366 3398 cum
393 3345 479 3410 ipsius
506 3347 596 3394 aetate
624 3359 677 3393 non
700 3360 755 3393 um-

214 3421 286 3486 plius
304 3418 451 3468 existerent
470 3413 511 3478 (ut
528 3431 555 3464 v.
574 3429 597 3463 c.
615 3414 754 3463 moeniae

213 3491 297 3542 Dario
318 3489 370 3538 iem
383 3484 499 3549 eversa).
518 3484 552 3533 ab
565 3483 626 3533 aliis
639 3489 753 3548 accepta

213 3579 273 3613 eum
291 3557 418 3609 retulisse
440 3553 580 3619 probabile
604 3552 694 3603 inerit.
729 3555 752 3604 E

212 3630 351 3683 veteribus
375 3624 552 3688 scriptoribus
578 3623 683 3673 (lissiae
707 3639 753 3689 po-

213 3703 347 3751 tissimum
370 3697 404 3747 de
421 3693 563 3758 Babylone
586 3691 695 3753 retulit,
720 3709 753 3742 ex

213 3787 266 3831 qno
286 3769 409 3818 desumta
427 3769 504 3823 sunt,
523 3779 592 3827 qnae
603 3763 677 3826 apud
689 3763 753 3813 Dic-

213 3841 307 3892 dorum
321 3836 440 3889 Siculum
457 3833 573 3898 legimns
589 3833 612 3896 I,
632 3833 647 3882 1
666 3831 751 3896 (Ctes.

805 1871 901 1922 laudat
912 1871 1025 1922 Rennel.
1039 1888 1101 1938 pag.
1117 1873 1167 1924 543
1181 1873 1223 1924 ed.
1239 1890 1346 1926 vernae.

807 1941 860 1992 Sed
877 1941 959 2006 Angli
975 1944 1119 2008 praecipue
1135 1943 1257 1994 homiues
1269 1949 1347 1996 tanto

806 2028 868 2062 cum
886 2012 1070 2077 studiosique
1084 2013 1219 2063 industria
1236 2013 1264 2064 iu
1281 2015 1348 2066 haee

807 2082 1018 2147 inquisiverunt,
1047 2087 1077 2132 ut
1107 2083 1160 2133 ium
1187 2085 1287 2134 certius
1314 2085 1347 2135 de

807 2152 848 2202 his
867 2167 938 2202 nunc
963 2156 1084 2203 statuere
1107 2153 1258 2218 possimus3
1284 2156 1346 2205 lom.

807 2223 929 2272 Claudius
941 2222 1012 2284 Risi,
1029 2224 1075 2287 qui
1085 2224 1297 2275 Brittanicarum
1308 2243 1347 2275 re-

806 2309 865 2342 rum
890 2297 1050 2356 procurator
1077 2293 1105 2343 in
1130 2295 1197 2344 urbe
1223 2296 1346 2358 Bandad,

806 2361 907 2426 pluries
924 2362 1019 2412 invisit
1035 2363 1146 2425 rudera,
1171 2381 1240 2430 quae
1259 2366 1347 2430 Baby-

806 2431 877 2483 lonis
897 2448 956 2482 esse
974 2432 1112 2496 feruntur,
1130 2439 1157 2485 et
1166 2434 1346 2499 compluribus

807 2502 1000 2568 scriptionibus
1027 2504 1139 2555 inventa
1171 2521 1221 2554 sua
1245 2503 1346 2569 publici

806 2573 872 2624 iecit
884 2571 993 2638 iuris*);
1007 2573 1285 2625 Hubert.Ker·Portcr.
1293 2574 1346 2640 **),

808 2644 855 2709 qui
879 2648 982 2706 septem
1005 2649 1068 2708 post
1094 2645 1173 2695 annis
1198 2645 1226 2694 in
1251 2645 1346 2696 iisdem

808 2714 963 2780 regionibus
977 2713 1173 2780 ruderibnsque
1185 2715 1349 2780 perlustren-

808 2785 849 2834 dis
875 2785 1078 2834 accuratissime
1100 2791 1225 2836 versatus
1253 2787 1293 2836 ita
1315 2787 1348 2837 de

807 2855 849 2904 his
862 2855 1003 2915 disseruit,
1022 2859 1052 2903 ut
1065 2853 1145 2906 facile
1158 2857 1275 2906 omnium
1285 2874 1348 2908 cou-

807 2941 889 2975 seusu
907 2940 966 2985 eos,
992 2925 1117 2988 quiante
1134 2926 1222 2988 ipsum
1240 2927 1290 2978 has
1309 2945 1349 2978 re-

807 2995 900 3060 giones
918 2995 1068 3046 inviserant
1086 3011 1119 3045 ac
1141 2995 1348 3062 descripserant,

806 3065 906 3116 vicisse
914 3065 1096 3130 perhibeatur.
1125 3067 1278 3128 Quemcnrn
1292 3070 1349 3120 iure

806 3136 900 3187 ducem
919 3135 1078 3186 assumserit
1095 3137 1222 3200 Heeren.‚
1242 3137 1260 3188 l.
1281 3139 1300 3188 l.
1320 3155 1346 3203 p.

808 3205 857 3256 158
875 3222 943 3268 seq,
963 3221 1013 3255 nos
1032 3222 1139 3270 quoque
1163 3223 1222 3258 euru
1245 3209 1274 3257 in
1295 3209 1348 3258 sin-

806 3275 876 3336 pulis
895 3275 1068 3327 llerodoteae
1080 3279 1243 3328 narrationis
1257 3279 1348 3329 verbis

804 3345 974 3396 illustrandis
982 3345 1076 3397 ducem
1087 3363 1348 3412 sequamurnecesse

806 3421 860 3477 est,
882 3416 982 3467 additis
1007 3417 1053 3480 iis,
1082 3433 1151 3482 quae
1171 3418 1204 3467 ab
1228 3433 1259 3468 ec
1284 3419 1347 3467 inde

804 3490 925 3551 tempore
941 3487 1055 3538 aliorum
1069 3487 1187 3537 virorum
1205 3485 1345 3535 doctorum

803 3571 870 3607 cura
885 3558 1071 3624 pervestigata
1087 3559 1269 3606 accesserunt.
1293 3555 1345 3604 Hic

804 3627 832 3675 in
856 3629 1011 3677 universum
1030 3627 1146 3675 monitos
1172 3623 1285 3672 velimus
1307 3623 1346 3674 le·

804 3699 893 3748 ctores
914 3712 946 3746 ex
964 3695 1055 3745 eodem
1072 3693 1206 3744 Heerenie
1225 3691 1258 3754 (l.
1277 3692 1295 3743 l.
1317 3709 1343 3758 p.

805 3765 880 3830 175),
904 3781 974 3829 quae
992 3768 1097 3813 veteres
1120 3763 1282 3826 scriptores,
1307 3763 1346 3812 in-

803 3835 897 3900 primis
915 3833 1085 3896 Herodotus,
1112 3831 1145 3884 de
1166 3831 1274 3902 loco‚et
1292 3847 1346 3882 am-

262 4005 285 4078 *l
300 4025 363 4070 Coni.
379 4028 527 4082 l'nndgruben
542 4031 581 4072 des
596 4031 684 4074 Orionis
698 4029 740 4077 lll,
754 4029 774 4071 ².
791 4042 813 4082 p.
830 4029 867 4070 ltu
879 4039 942 4080 seqq.
963 4029 976 4068 3
995 4039 1047 4082 pag.
1064 4027 1101 4070 137
1116 4041 1178 4081 seqq.
1192 4027 1234 4076 lV,
1251 4031 1268 4070 Ι.
1285 4042 1307 4082 p.
1321 4029 1348 4070 83

211 4080 262 4124 cell.
279 4077 382 4121 Classical
402 4080 472 4122 lcurc.
484 4081 535 4124 Vol.
551 4082 598 4128 1111.
614 4097 636 4138 p.
652 4083 691 4124 181
705 4093 766 4134 seqq.
782 4093 806 4120 ae
820 4080 946 4170 praecipue:
970 4079 1084 4122 Narrativc
1098 4079 1147 4121 eia
1165 4081 1260 4133 journey
1275 4085 1296 4122 lo
1313 4079 1348 4120 the

211 4133 253 4173 sile
268 4131 293 4172 ol
306 4131 350 4172 Bnb
369 4130 413 4179 lon,
429 4134 519 4174 memoir
533 4147 560 4174 en
576 4135 612 4175 the
626 4135 686 4175 ruins
700 4139 741 4173 ele.
757 4131 840 4182 (editcd
854 4132 882 4184 by

910 4131 929 4170 is
943 4131 1039 4178 widow).
1055 4131 1144 4173 london
1158 4131 1216 4176 1839.
1226 4145 1249 4186 a·
1263 4131 1270 4170 ¹
1284 4144 1346 4184 seue·

211 4183 238 4223 48
252 4195 313 4234 seqq.
331 4183 339 4223 1
382 4193 443 4234 seqq.
461 4184 494 4224 1111
510 4195 573 4235 seqq.
600 4187 631 4226 Ac
645 4199 667 4239 p.
688 4185 724 4224 137
744 4195 818 4235 seqq:
838 4181 942 4223 namn-ks
964 4195 991 4224 cn
1010 4183 1047 4224 the
1062 4185 1203 4238 topography
1224 4181 1348 4224 olaucient

212 4234 311 4334 Babqlpp
326 4236 355 4284 by
370 4231 440 4282 Maior
453 4233 544 4274 Rennel.

317 4283 407 4324 Travels
422 4285 444 4323 in
459 4284 543 4332 Persia,
559 4285 644 4325 ancient
658 4281 781 4336 Rabylonis
795 4288 836 4325 stc.
851 4281 951 4326 london.
969 4283 1060 4326 18211.
1076 4281 1127 4324 Vol.
1143 4283 1170 4323 ll.
1194 4295 1216 4336 p.
1233 4282 1272 4324 28³
1286 4293 1310 4322 ae
1327 4293 1348 4333 q.

213 4337 244 4378 ae
260 4335 294 4376 vel
310 4341 373 4376 antea
387 4335 426 4375 bas
439 4335 542 4387 regiones

210 4387 300 4431 Persian
314 4385 402 4442 Empirc
417 4385 494 4438 (Laud.
511 4347 581 4438 1813)
596 4399 617 4440 p.
632 4385 671 4427 ²12
684 4395 747 4440 seqq.

573 4329 715 4386 etquislverat
730 4331 799 4376 tired.
810 4333 916 4386 liinncir,
931 4335 977 4376 vid.
993 4333 1153 4390 Gecgssphical
1169 4331 1298 4384 Mcmciroi
1310 4338 1318 4373 1
1336 4345 1347 4374 e
