3064 4940
247 299 308 363 108
684 300 954 364 HERODOTI

200 483 240 544 53
330 485 420 546 Τοῖσι
436 473 512 546 δέ”
491 503 588 564 αμιιν
607 479 764 565 μέλλουσι
783 481 852 546 των
866 481 989 546 Λυδῶν
1004 482 1108 545 ταῦτα
1129 504 1169 545 τα
1157 475 1276 564 δῶρα
1294 473 1377 556 ἐς
1341 505 1381 545 τα

246 587 301 670 ίρα
246 576 544 652 ίένετέλίετο
529 609 548 650 ο
569 589 710 670 Κροῖσος
729 579 973 669 ἐπειρωτᾶν
937 609 977 650 τα
996 579 1238 670 χρηστήρια,ε
1222 586 1254 650 εί
1278 601 1372 670 στρα

245 684 379 773 τεύηται
406 688 460 755 ἐπὶ
486 687 618 774 Πέρσας
646 694 802 774 Κροῖσος,
832 687 888 754 καί
915 695 948 754 εί
973 713 1048 754 τινα
1072 683 1216 810 στρατὸν
1243 680 1379 773 ἀνδρῶν

246 792 446 878 προσθέοιτο
474 795 591 876 φίλον
623 784 680 869 Ως
703 786 783 858 dl’
766 813 930 878 απιιιομει
931 817 962 859 οι
991 792 1022 870 ἐς
1044 787 1084 858 τά
1106 785 1378 878 ἀπεπέμφθησαν

245 899 278 962 oi
302 896 409 964 Avdol
435 890 603 962 ἀνέθεσαν
626 891 666 960 τά
691 890 904 982 ἀναθήματα,
933 896 1093 983 ἐχρέωντο
1122 910 1206 963 τοῖσι
1235 916 1377 982 χρηστη-

245 1004 346 1087 ρίοισι
365 1000 533 1085 λέγοντες·
563 1006 719 1084 Κροῖσος,
740 993 897 1068 ὁΛυδων
910 1025 945 1066 τε
966 999 1021 1066 καὶ
1041 995 1153 1067 ἀλλων
1170 1000 1302 1068 ἐθνέων
1315 1005 1373 1085 βα·
1388 1007 1421 1058 25

246 1099 373 1187 σιίεύς,
406 1108 543 1189 νομίσας
569 1100 648 1171 τάδε
674 1100 817 1191 μαντήια
844 1100 930 1172 εἶναι
956 1107 1065 1190 μοῦνα
1093 1105 1129 1170 έν
1155 1099 1378 1190 ἀνθρώποισι,

245 1201 327 1294 ὑμῖν
348 1233 384 1275 τε
405 1203 479 1288 ἀξια
507 1210 599 1294 δῶρα
621 1210 725 1275 ἔδωκε
746 1211 813 1276 τοῖν
836 1205 1083 1294 ἐξευρημάτων,
1116 1207 1172 1273 καὶ
1197 1210 1259 1274 νῦν
1278 1201 1381 1293 ὑμέας

247 1313 426 1402 ἐπειρωτᾷ,
441 1316 472 1379 εί
483 1310 700 1400 στρατεύηται
716 1312 769 1380 ἐπὶ
784 1313 933 1397 Πέρσας,
955 1311 1010 1378 καὶ
1026 1319 1059 1377 εί
1070 1337 1144 1376 τινα
1162 1306 1305 1396 στρατὸν
1318 1305 1378 1376 ἀν-

248 1420 338 1504 δρῶν
359 1416 558 1504 προσθέοιτο
587 1415 768 1502 σύμμαχον.
812 1417 856 1481 Οἱ
875 1413 938 1501 μέν
951 1417 1054 1482 ταῦτα
1073 1411 1282 1500 ἐπειρώτεον.
1313 1417 1381 1481 των

248 1519 285 1589 δὲ
300 1526 472 1609 μαντηίων
484 1513 683 1605 ἀμφοτέρων
697 1520 729 1598 ές
741 1513 848 1586 τώυτὸ
861 1521 898 1585 αί
909 1521 1038 1604 γνῶμαι
1052 1519 1280 1604 συνέδραμον,
1296 1541 1378 1604 προ-

247 1722 318 1772 heno
334 1721 442 1772 faoiliua
462 1721 556 1786 utique
571 1719 697 1786 expedire
714 1725 789 1786 pote·
840 1737 866 1785 p.
885 1719 979 1786 θθ)τ,,
982 1735 1015 1769 au
1028 1719 1131 1770 deberet
1140 1719 1324 1782 expeditionem
1335 1721 1382 1770 ad

194 1816 198 1822 ·
247 1797 324 1854 runt,
350 1792 429 1842 modo
451 1796 659 1854 conmmendat,
685 1791 716 1842 de
738 1792 789 1842 hoo
839 1807 928 1842 οττιαι
939 1791 1037 1840 Persae
1051 1791 1141 1852 faeere
1165 1797 1188 1840 et
1202 1806 1236 1838 αιι
1252 1798 1384 1841 aeramen!

248 1863 377 1913 Thebano
393 1863 553 1926 Amphiarai
575 1863 639 1913 lano
661 1863 789 1913 Nostrum
839 1863 945 1912 οταοιιία
963 1863 1044 1912 ιονίοτ
1061 1860 1196 1925 adueqi‘t
1228 1860 1285 1910 Neo
1303 1859 1383 1910 aliter

248 1935 392 2018 eogitaaae.
431 1933 563 1997 Equidem
582 1932 646 1999 qnid
664 1935 788 1996 sentiam,
840 1931 988 1993 Matthiae,
1008 1931 1090 1980 tum'
1082 1947 1110 1980 ιιι
1125 1932 1274 1982 Grammat.
1292 1931 1338 1982 Gr.
1356 1931 1381 1992 5.

248 2005 301 2054 iam
319 2001 472 2069 significavi
490 2004 524 2052 ud
548 2003 571 2066 1,
589 2003 631 2054 46.
669 2005 790 2068 Quapro-
841 2003 901 2064 515,
922 2001 1003 2052 3.ο
1004 2019 1031 2067 g.
1049 2002 1114 2080 085,
1135 2001 1240 2051 tamin
1259 2006 1324 2052 nota
1349 2001 1383 2051 ad

248 2079 307 2139 pter
326 2073 416 2123 malim
435 2077 569 2135 etatuere,
591 2073 659 2122 haec
677 2073 790 2123 donaria
841 2017 1184 2135 h.„1‚eiet0azszqzat
1204 2071 1383 2122 oherzieleu

248 2143 399 2224 autiquitua
411 2111 601 2205 inAmphiaiai
613 2142 712 2206 templo
724 2144 790 2192 Oro·
840 2143 933 2204 sollte?
949 2158 981 2190 αα
998 2145 1076 2202 ipsimi
1098 2141 1279 2222 capeditiouem
1293 2143 1384 2204 fucere

247 2214 322 2276 pion,
348 2212 393 2260 ubi
418 2211 556 2261 oraculum
584 2217 642 2262 eret
673 2213 739 2276 (vid.
765 2213 788 2273 Ι,
839 2211 986 2261 interese.
1001 2209 1080 2270 deus3
1100 2205 1127 2258 εί
1141 2204 1330 2271 προσθέοιτο,
1350 2227 1383 2260 αα

248 2281 311 2342 46),
331 2280 464 2330 collocate
482 2281 567 2329 fuisse
592 2285 619 2330 et
639 2287 788 2345 temporum
835 2281 896 2341 fieri
906 2287 1004 2342 posset.
1020 2247 1109 2330 utaibi
1123 2281 1271 2342 adiungeret
1286 2284 1383 2336 ιοτίνες

248 2351 362 2400 deoureu
375 2350 482 2400 Thebae
495 2349 589 2400 ablata
606 2351 696 2415 ibique
709 2350 789 2414 Apol·
839 2349 938 2413 quippe
961 2363 1015 2413 qua
1037 2349 1071 2398 de
1094 2364 1123 2398 re
1146 2347 1234 2398 adhuc
1263 2348 1383 2398 dubitari

247 2420 310 2470 linia
339 2420 450 2470 lamenii
477 2420 505 2468 in
539 2419 652 2485 templo,
686 2421 733 2469 ubi
762 2425 789 2470 et
839 2423 961 2482 poteret,
985 2433 1020 2467 en
1041 2417 1094 2480 ipsi
1111 2416 1297 2466 eucoederet.“
1334 2418 1383 2466 Sa-

248 2493 335 2555 ipaum
359 2491 412 2540 luit
435 2489 586 2551 oraculum,
615 2491 735 2553 reposita
761 2495 789 2540 et
840 2489 875 2538 tia
894 2489 988 2553 opinor
1006 2487 1094 2537 exhia
1112 2491 1238 2551 apparet,
1257 2487 1381 2550 optativo

840 2559 869 2608 in
881 2557 1082 2608 coniunctivuru
1096 2562 1200 2606 mutato
1213 2555 1294 2604 aliam
1309 2571 1383 2620 pror-

841 2644 887 2678 sua
898 2628 951 2678 looi
961 2627 1018 2676 fore
1033 2627 1196 2676 sententiam
1208 2639 1321 2690 eamque
1336 2627 1382 2675 vix

247 2561 380 2612 Herodoti
410 2561 444 2610 ad
471 2564 589 2610 aetutem
619 2575 705 2625 usqne
734 2575 790 2610 aar·

248 2636 321 2682 vata·
337 2679 342 2698 ’
840 2698 980 2761 aptiorem.
994 2698 1037 2746 Tu
1047 2695 1279 2746 vid.Baeumlein:
1293 2696 1383 2746 lieber

840 2769 885 2818 die
902 2766 977 2818 Medi
1001 2771 1053 2816 eto.
1072 2783 1099 2830 p.
1121 2767 1171 2816 182
1195 2765 1257 2814 coll.
1277 2766 1329 2816 ‘268
1348 2765 1381 2816 de

439 2803 505 2854 0⁴¹³·
525 2803 601 2853 Im·
839 2839 891 2888 hoo
914 2836 1048 2886 Herodoti
1069 2836 1129 2886 loeo
1155 2835 1270 2899 aliisque
1296 2837 1384 2886 conai-

282 2901 309 2956 εί
326 2898 509 2970 στρατεύηται
522 2897 567 2954 ἐπὶ
579 2903 690 2986 Πέρσας
702 2904 789 2967 Κροι·

248 2991 311 3038 σος,
337 2971 384 3025 καί
407 2974 438 3026 εί
450 2991 513 3025 τινα
532 2968 653 3038 στρατὸν
674 2966 789 3036 ἀνδρῶν

248 3044 422 3125 προσθέοιτο
434 3044 530 3112 φίλον]
540 3046 617 3096 Unue
628 3045 696 3094 liber
708 3057 789 3106 στρα-

246 3108 371 3177 τειίοιτο,
394 3115 466 3180 quod
488 3131 574 3181 aeque
592 3115 733 3164 reieoimua
750 3117 789 3162 at-

248 3201 301 3250 que
324 3183 564 3248 προσθέηται,
594 3189 625 3234 ut
653 3183 749 3233 olim
742 3199 790 3232 ιιιι-

247 3269 369 3320 pressum
379 3253 531 3320 legebatur,
540 3254 683 3319 probatum
693 3253 790 3304 Sohae-

247 3326 305 3376 sero
330 3324 364 3375 ad
382 3325 520 3375 Lambert.
539 3326 603 3374 Bon.
627 3324 661 3374 de
678 3324 789 3388 Ellipsa.

248 3395 280 3446 L.
301 3395 347 3446 Gr.
362 3411 424 3461 pag.
437 3397 487 3446 754
502 3400 529 3446 et
539 3395 655 3445 Werfer.
673 3394 701 3443 in
715 3394 789 3444 Aett.

248 3464 325 3530 phili.
344 3466 467 3516 Menace.
485 3467 508 3517 Ι.
533 3481 597 3530 pag.
622 3464 670 3516 231
695 3463 791 3514 iisdem

248 3536 281 3587 de
305 3536 408 3599 causis,
435 3541 544 3601 propter
570 3549 638 3600 quaa
661 3549 743 3616 supra
767 3534 790 3596 Ι,

247 3605 282 3657 46
309 3607 461 3670 optativum
490 3597 678 3670 ἐπιχειρέοι
670 3621 698 3654 ιιι
728 3619 790 3654 oon-

247 3677 396 3726 inuotivum
422 3667 562 3740 έπιχιιρέη
585 3677 718 3724 mutatum
744 3690 790 3723 vo-

247 3745 365 3796 luerant.
388 3746 520 3809 Equidem
533 3744 694 3808 optativum,
706 3761 723 3792 a
737 3759 790 3793 me·

246 3815 358 3866 lioribue
374 3815 449 3864 libris
466 3813 696 3875 commendatum,
716 3828 791 3878 prae·

249 3886 305 3934 saro
323 3889 433 3948 propter
449 3885 502 3932 vim
522 3883 713 3948 potentialem,
730 3897 791 3932 oum

247 3956 276 4003 in
295 3953 477 4014 coniunctim,
497 3953 544 4016 qui
563 3953 710 4014 antecedit,
727 3951 791 4001 deli·

247 4023 361 4073 beraudi
373 4023 448 4072 notio
462 4023 536 4072 insit.
552 4022 620 4072 God.
631 4023 790 4083 Hermann„

248 4093 295 4157 qui
314 4089 360 4156 (ud
375 4092 467 4156 Viget.
484 4107 546 4155 pag.
566 4089 628 4154 titt)
648 4093 689 4148 aie
705 4095 792 4141 verte·

248 4166 306 4212 rat:
326 4176 380 4224 „aa
398 4160 501 4212 deberet
512 4161 601 4211 tellum
618 4161 715 4224 inferre
727 4161 793 4210 Pet·-

840 2907 948 2956 milibus
962 2911 1036 2956 reete
1048 2905 1267 2970 praecipientem.
1297 2907 1334 2956 Et
1346 2906 1382 2957 oi.

840 2993 947 3041 quoque
966 2976 1089 3040 Thuoyd.
1111 2977 1139 3037 Ι,
1157 2977 1199 3026 25.
1220 2974 1335 3026 Bredov.
1355 2993 1382 3040 p.

840 3048 883 3098 23.
920 3048 960 3097 Ile
982 3045 1167 3107 ooniunntiro,
1194 3046 1240 3110 qui
1270 3047 1385 3097 recurrit

842 3118 870 3178 Ι,
888 3118 930 3176 75,
948 3131 1033 3180 nuper
1050 3131 1158 3180 quoque
1176 3115 1317 3166 admonuit
1335 3117 1385 3168 Co-

840 3189 886 3236 bet
904 3187 984 3236 Varr.
1006 3187 1095 3236 Leott.
1121 3201 1147 3250 p.
1166 3186 1231 3248 363,
1252 3188 1298 3252 qui
1322 3203 1385 3238 eun·

841 3257 900 3307 dem
920 3257 947 3306 in
966 3255 1028 3306 aliis
1046 3271 1152 3322 quoque
1175 3256 1242 3306 locis
1263 3259 1384 3308 Herodo-

841 3328 894 3376 teis
917 3324 964 3390 (V,
984 3328 1028 3378 43.
1049 3329 1092 3376 67.
1116 3326 1159 3378 82.
1186 3328 1245 3377 124.
1263 3329 1316 3388 VI,
1340 3328 1383 3380 35.

845 3397 904 3460 135)
932 3397 1088 3446 restitutum
1116 3396 1188 3447 vult:
1224 3397 1258 3446 de
1287 3398 1385 3462 quibua

843 3465 957 3530 singulis
970 3481 1019 3516 auo
1032 3466 1093 3518 loeo
1105 3465 1266 3517 videbimus.
1296 3466 1384 3514 Aliam

843 3552 949 3601 quoque
967 3537 1163 3601 interpretandi
1178 3535 1310 3584 rationem
1324 3549 1384 3598 pro-

841 3607 933 3670 posuit
944 3607 1085 3663 Matthiae,
1097 3622 1151 3670 que
1160 3605 1308 3654 orationem
1318 3601 1384 3652 obli-

842 3691 922 3740 quam
948 3691 1008 3726 oum
1034 3680 1110 3725 recta
1133 3676 1243 3723 mixtam
1272 3676 1299 3721 et
1323 3687 1385 3722 con-

841 3746 930 3796 fusam
966 3760 1024 3794 osae
1056 3741 1228 3792 statuendum
1260 3741 1306 3790 ait.
1352 3741 1384 3792 in

841 3831 918 3898 ee-qq
938 3813 1057 3864 Dindorl
1068 3817 1096 3861 et
1116 3810 1228 3862 Dieteeh
1252 3810 1386 3862 dederunt

842 3874 994 3948 έχρεομτο.
1032 3881 1164 3945 Equidem
1188 3880 1363 3945 vulgatam'
1356 3897 1384 3931 ιιι

842 3953 884 4002 hia
904 3953 1035 4002 intectam
1062 3951 1214 4031 relinquere
1239 3950 1383 4000 malui.-

845 4021 920 4070 lufra
938 4021 972 4070 ad
991 4020 1086 4069 verba:
1112 4012 1139 4076 ἐς
1157 4010 1247 4070 vovet
1266 4014 1298 4069 αΙ
1314 4018 1385 4084 μνιό
1451 4043 1454 4050 ·

843 4105 892 4154 μαι
917 4086 1096 4152 σινέδραμον
1125 4088 1153 4154 (i.
1177 4105 1201 4139 e.
1228 4093 1253 4140 ιἰι
1283 4091 1387 4142 eundem

842 4162 987 4210 uertentium
1010 4161 1138 4224 utrimque
1164 4164 1262 4211 oraculi
1286 4162 1388 4226 effatum

248 4236 284 4284 είι
305 4237 331 4281 et
348 4245 383 4280 αα
405 4238 492 4292 postet
519 4229 569 4280 athi
589 4233 687 4295 aliquos
711 4233 794 4282 εοείοι
843 4228 1004 4292 eonepirooit)
1031 4231 1159 4290 Burgeae.
1182 4230 1210 4279 in
1228 4231 1297 4296 App.
1321 4233 1387 4282 Pro-

248 4299 426 4366 adiuupere‚“
456 4304 553 4363 postea
575 4299 648 4350 haud
675 4301 731 4350 seio
757 4315 792 4350 au

249 4371 350 4424 reatina
364 4369 483 4422 reddidit
491 4367 621 4436 (Opueoo.
628 4369 733 4422 Aeadd.
742 4371 790 4422 IV.

843 4299 915 4366 legg.
939 4299 967 4349 in
986 4299 1139 4363 Thucydid.
1167 4317 1193 4366 p.
1215 4301 1263 4354 103
1286 4300 1387 4352 similia

843 4369 977 4436 quaedam
993 4369 1097 4420 attulit.
