3020 4930
469 275 533 336 AD
558 274 808 336 HERODOT.
829 276 870 349 Π,
892 282 937 338 53.
1199 273 1262 338 857

146 457 276 510 maiorum
295 471 326 507 ac
341 454 411 505 forna
422 449 541 502 diversis
553 445 621 502 locis
632 449 742 502 diverse
758 455 851 502 essent
861 465 957 519 sparsa
967 465 998 501 ac
1008 447 1192 516 disseminata,
1210 455 1259 504 aut

147 541 265 596 carmine
283 557 337 606 uno
355 533 615 606 comprehenderent
631 552 662 587 ac
679 533 810 586 disertius
827 541 1009 603 exponerent,
1033 536 1106 606 qnod
1116 536 1258 590 Hesiodus

148 627 228 694 fecit,
248 631 296 678 aut
306 626 344 677 ita
362 625 492 675 ornarent
506 621 577 672 etad
591 627 690 672 certam
707 619 837 670 rationem
851 619 1062 688 constituerent,
1084 627 1116 674 ut
1125 622 1189 674 inde
1207 640 1257 692 pro

147 711 254 766 modulo
273 728 304 763 ac
320 706 415 777 regula
429 704 536 758 fabulae
547 705 714 758 haberentur
732 703 804 772 apud
820 707 961 772 posteros,
985 705 1057 774 quod
1074 705 1101 758 in
1111 707 1257 762 Homerum

148 797 263 864 cadere,
283 795 346 865 quis
366 809 421 846 non
439 790 578 843 rideat'l“
601 790 689 853 Quam
700 787 803 858 Heynii
822 787 983 840 mnteutiam
1002 790 1113 843 uberius
1133 793 1259 861 exposuit

148 880 375 953 amplificavitque
393 877 524 929 Creuzer.
544 875 677 948 (symbol.
690 875 712 926 Ι.
731 876 800 944 ρ.73
811 891 888 943 seqq.
909 875 942 932 77
959 873 1020 926 coll.
1038 875 1129 928 Wien.
1146 877 1258 933 Jahrhh.

92 975 101 990 ¹
147 968 219 1022 LXI.
232 985 259 1036 p.
269 965 341 1033 182),
355 964 390 1016 ad
401 961 732 1030 anthropomorphisticam
743 958 813 1012 illam
825 975 904 1029 quam
916 959 1065 1029 supradixi
1077 959 1186 1013 deorum
1197 981 1261 1016 con.

147 1051 332 1106 formationem
349 1050 383 1102 ab
399 1048 441 1099 his
459 1047 548 1116 poetis
565 1048 711 1115 perfectam
727 1044 896 1114 potissimum
916 1044 1078 1114 respiciens.
1110 1045 1208 1116 Neque
1228 1049 1262 1100 ab
1341 1075 1359 1090 ·

146 1138 197 1190 hac
210 1135 347 1189 sententia
357 1132 496 1188 admodum
507 1131 652 1184 discedunt
663 1149 708 1198 ea,
726 1147 797 1201 quae
809 1135 969 1183 statuerunt
979 1130 1135 1183 Grdneiseu
1146 1131 1265 1202 (lligeur

147 1221 305 1276 zeitschrift
324 1222 343 1272 l.
363 1220 457 1271 histor.
469 1216 602 1285 Theolog.
622 1217 702 1286 Illo
718 1235 745 1286 p.
757 1216 821 1283 42),
842 1215 1034 1267 Wachsmuth:
1051 1214 1159 1268 Hellen.
1176 1215 1265 1270 Alter·

147 1305 328 1360 thunskunde
340 1305 376 1371 11,
384 1311 410 1364 2.
423 1321 450 1372 p·
458 1307 506 1366 91,
523 1301 623 1354 Ulrici:
635 1301 799 1355 Geschichte
810 1300 860 1354 der
867 1300 966 1352 hellen.
978 1299 1146 1354 Dichtkuust
1155 1302 1179 1353 l.
1192 1321 1220 1372 p.
1231 1306 1266 1362 7⁰

146 1391 206 1445 coll.
220 1390 323 1443 Caesar
339 1389 383 1440 in:
400 1387 557 1440 zeitschrift
576 1389 595 1439 f.
606 1385 933 1440 Alterthumswissensch.
947 1390 1024 1445 1840.
1036 1403 1064 1455 p.
1072 1390 1133 1454 690,
1150 1387 1266 1458 ipseque

144 1475 254 1530 Lobeclr
271 1475 316 1526 in:
336 1473 509 1543 Aglaopham.
528 1475 623 1542 padi,
640 1489 695 1542 quo
713 1477 825 1524 auctore
842 1471 1001 1524 Herodotus
1022 1471 1098 1540 „hoc
1114 1473 1265 1540 contendit,

143 1560 251 1615 fabulas
261 1558 322 1612 illas
339 1559 387 1630 (de
398 1559 509 1611 deorum
521 1557 632 1624 natura)
650 1557 751 1627 passim
767 1555 841 1610 nullo
861 1555 996 1626 locuplete
1011 1563 1123 1610 auctore
1139 1556 1265 1626 vulgatas

143 1663 233 1718 neque
248 1645 387 1697 literarum
403 1642 582 1696 monumentis
596 1643 736 1695 mandatas
752 1649 809 1694 tum
820 1642 924 1694 demum
936 1641 1052 1694 radicari
1067 1647 1095 1694 et
1111 1642 1265 1697 inolescere

143 1731 282 1800 coepisse,
299 1747 381 1800 quum
392 1729 506 1784 duorum
518 1727 746 1781 nobilissimorum
764 1733 903 1798 poetarum
915 1727 1000 1780 veluti
1012 1727 1121 1796 publico
1140 1730 1263 1782 testimo-

144 1818 189 1870 nio
207 1819 302 1870 essent
317 1819 438 1868 ornatae.
471 1813 531 1865 Hos
549 1814 651 1882 igitur,
674 1813 721 1883 qni
740 1813 873 1883 quandam
885 1813 925 1864 rei
943 1811 1076 1866 fabularis
1087 1814 1167 1883 quasi
1179 1815 1263 1868 disci-

142 1902 241 1972 plinam
258 1900 452 1966 condiderunt,
470 1897 505 1950 ad
516 1915 586 1969 quos
598 1899 739 1967 omnibus,
757 1897 852 1968 quide
870 1896 981 1950 deorum
996 1899 1129 1968 progenie
1143 1903 1172 1952 et
1188 1899 1264 1954 vitea

142 1987 248 2040 actione
259 1991 410 2056 quaerunt,
428 1990 557 2054 tanquam
569 1984 605 2036 ad
619 1983 721 2054 primos
736 1985 828 2036 fontes
844 1983 1039 2036 recurrendum
1060 1990 1117 2050 est,
1136 1985 1263 2038 Herodo-

142 2079 190 2125 tus
206 2071 299 2124 merito
311 2069 486 2138 Theogoniae
497 2069 682 2122 Graecanicae
700 2075 827 2122 auctores
844 2067 1020 2138 appellarit.“
1047 2069 1158 2122 hliuime
1176 2071 1264 2139 igitur

144 2157 210 2210 deos
222 2157 387 2209 Graecorum
405 2155 572 2207 invenerunt
587 2153 626 2206 illi
636 2159 747 2224 poetae,
772 2154 820 2207 sed
831 2171 901 2224 quae
912 2153 950 2206 sit
965 2153 1134 2223 singulorum
1151 2155 1263 2210 deorum

121 2269 123 2272 ·
145 2241 230 2308 ratio,
247 2241 294 2310 qui
309 2245 399 2307 ortus,
415 2257 484 2309 quae
497 2239 639 2308 cognatio,
658 2239 705 2310 qui
717 2240 842 2306 habitus,
861 2255 931 2309 quae
942 2240 1041 2307 forma,
1061 2257 1133 2310 quae
1150 2258 1264 2296 munera

147 2331 175 2380 at
190 2325 335 2392 attributa,
361 2325 425 2378 haec
443 2325 532 2377 omnia
547 2325 626 2394 primi
643 2323 683 2376 illi
700 2325 905 2378 constituerunt
915 2331 944 2377 et
960 2323 1140 2380 excoluerunt
1154 2327 1210 2395 ita,
1232 2333 1264 2382 ut

146 2411 211 2464 haec
222 2411 256 2462 ab
270 2410 339 2480 ipsis
354 2411 453 2463 tradita
465 2415 493 2462 et
510 2410 590 2480 quasi
601 2409 710 2462 condite
726 2409 870 2480 disciplina
887 2411 921 2463 de
931 2409 987 2462 diis
998 2411 1026 2464 in
1037 2417 1178 2482 posterum
1189 2413 1264 2485 apud

145 2498 266 2549 Graecos
284 2495 453 2565 potissimum
471 2495 616 2548 obtineret.
642 2495 742 2565 Neque
754 2495 831 2550 aliam
841 2497 899 2548 fere
911 2496 945 2548 de
961 2496 1004 2548 his
1019 2499 1182 2552 antemium
1199 2500 1265 2553 tulit

141 2582 254 2635 Nitasoh
265 2579 467 2650 (Sagenpoesie
479 2580 529 2632 der
540 2580 675 2633 Griechen
689 2598 717 2650 p.
731 2581 813 2648 3⁰2),
831 2581 911 2634 cuius
927 2583 1012 2634 rerba
1023 2582 1077 2636 huc
1092 2585 1263 2653 potissimum

141 2666 294 2738 spectantia
309 2683 454 2736 apponam:
479 2665 538 2734 „Es
550 2665 626 2733 giebt
642 2665 742 2719 keiuen
762 2666 866 2720 ilteren
878 2667 1095 2722 Gewihrsraaun
1106 2671 1152 2723 fair
1163 2671 1208 2724 die
1219 2671 1265 2724 bei

140 2753 193 2806 den
211 2751 345 2804 Helleneu
364 2749 489 2818 gelteude
502 2749 680 2818 Vorstelluug
698 2752 755 2804 und
771 2747 950 2822 Darstellung
969 2753 1019 2808 der
1036 2755 1204 2808 Gdtterwelt
1222 2755 1264 2807 als

140 2838 242 2890 Homer
255 2835 311 2888 und
322 2835 441 2902 Hesiod3
458 2837 499 2888 sie
513 2835 599 2889 haben
617 2837 663 2888 die
673 2837 718 2890 hei
730 2837 781 2890 den
796 2837 934 2891 Griechen
952 2838 1081 2906 geltende
1093 2839 1204 2891 Gestelt
1215 2839 1266 2892 der

143 2919 310 2973 Gdtterwelt
326 2921 506 2989 ausgeprigt,
527 2939 582 2973 ron
604 2922 687 2975 ihneu
706 2923 744 2974 ist
760 2923 804 2975 die
822 2921 1003 2991 Darstellung
1019 2923 1069 2974 der
1087 2921 1264 2990 Gdtterorelt,

142 3005 187 3058 die
203 3005 246 3057 bei
259 3005 311 3058 den
323 3005 456 3058 Griechen
467 3005 505 3058 ist
517 3011 569 3058 etc.
587 3009 629 3078 (p.
640 3006 721 3066 5441.
734 3007 799 3074 1‚).“
841 3007 895 3059 His
912 3006 1032 3076 denique
1048 3005 1150 3060 addere
1167 3007 1266 3078 placet,

143 3106 214 3161 quae
229 3089 370 3142 lacobsius
386 3089 566 3162 (Venuischte
575 3091 714 3145 Schriften
726 3093 773 3145 Vl.
786 3091 890 3160 p-15'l)
911 3090 945 3142 de
958 3095 1018 3144 tota
1034 3090 1085 3142 hac
1102 3091 1267 3160 quaestione

75 3187 77 3192 ·
142 3175 305 3244 gravissima
320 3193 383 3228 vere
400 3193 431 3228 ac
448 3181 521 3230 recte
539 3177 653 3230 statuitz
677 3177 755 3245 „Der
763 3175 871 3228 Glauhe
885 3193 920 3228 an
933 3175 982 3227 das
991 3175 1094 3228 Daseia
1108 3175 1157 3228 der
1166 3177 1268 3232 Gdtter

142 3261 200 3313 und
218 3260 262 3313 die
280 3260 500 3330 mannigfaltigen
512 3261 630 3332 Fabeln,
655 3262 701 3315 die
718 3263 767 3314 ruit
782 3261 885 3314 diesem
902 3259 1029 3314 Glauben
1049 3263 1267 3317 zusammcnhin·

143 3363 213 3414 gen,
235 3363 293 3398 war
304 3346 476 3414 vorhanden,
494 3347 542 3400 ehe
553 3347 639 3400 durch
650 3348 705 3400 deu
716 3345 917 3400 Troianischen
928 3345 1017 3415 Krieg
1030 3345 1075 3398 die
1091 3347 1268 3402 verschiede·

143 3447 196 3482 nen
215 3430 331 3484 stimme
356 3431 405 3483 der
424 3430 558 3486 Helleuen
580 3433 718 3502 vereinigt
738 3432 796 3484 und
822 3429 943 3483 dadorch
966 3431 1009 3483 ein
1032 3429 1190 3486 Auatauscla
1211 3431 1267 3486 und

142 3514 320 3583 Vergleichen
335 3516 385 3569 der
394 3515 635 3586 mannigfaltigen,
654 3519 698 3570 bei
710 3517 797 3569 iedem
808 3515 923 3568 Stamme
940 3515 1007 3568 iiber
1020 3515 1064 3568 die
1077 3515 1178 3570 Gdtter
1192 3517 1268 3570 herr·

141 3600 278 3654 schenden
297 3601 461 3668 Ansichten,
484 3601 586 3654 Fabeln
610 3603 666 3655 und
684 3601 849 3654 Gebriiuche
868 3599 985 3668 miglich
1003 3600 1108 3654 vaurde.
1141 3601 1197 3656 Der
1214 3601 1269 3656 Zu-

139 3685 329 3755 sammenhang
345 3686 435 3739 dieser
451 3687 617 3740 Gdtterwelt
632 3689 715 3754 aber,
737 3687 796 3738 ihre
814 3686 1024 3754 Abstarunrung,
1049 3685 1093 3738 die
1109 3685 1270 3740 Hierarchle

138 3771 213 3823 ihrer
224 3772 453 3824 Weltherrschaft
470 3772 526 3824 und
540 3772 585 3825 die
596 3771 778 3840 Vertheilung
790 3771 839 3823 der
851 3771 961 3824 Aemter
980 3787 1038 3830 war
1055 3769 1175 3824 deutlich
1201 3771 1269 3826 noch

139 3855 215 3907 nicht
227 3857 360 3922 erlannt,
381 3857 423 3909 bis
434 3857 537 3909 Homer
549 3857 605 3910 und
615 3856 721 3910 Hesiod
733 3855 786 3908 den
802 3855 912 3908 reichen
928 3855 1003 3908 aton
1016 3855 1065 3908 der
1077 3853 1200 3910 Vorwelt
1212 3853 1271 3910 liar

138 3939 339 3994 riberschauten
366 3942 423 3994 und
444 3941 522 3993 iener
542 3941 589 3993 ihu
610 3941 695 3994 durch
717 3939 874 4010 geschichte
893 3939 1077 4008 hnwendunq
1094 3937 1122 3992 ln
1146 3939 1269 4010 mannia·

52 4019 72 4036 ’“
138 4023 249 4092 faltiger
263 4024 414 4094 Handlung
431 4025 577 4093 gleichsam
593 4025 727 4092 beseelte,
748 4024 840 4079 dieser
859 4023 946 4078 durch
962 4023 1123 4092 Darlegunq
1140 4023 1188 4080 der
1202 4023 1262 4080 lint

139 4108 258 4178 etehung
278 4111 334 4162 und
343 4109 541 4179 Abstammung
557 4110 607 4162 der
622 4109 765 4162 einzelnen
777 4108 920 4162 Elementa
942 4107 1020 4162 tenes
1031 4107 1136 4162 Htoffea
1157 4107 1202 4164 tha
1221 4111 1271 4166 dar

138 4192 355 4260 Vergeseenheit
373 4195 486 4248 entriss.
519 4194 645 4248 Herodot
657 4193 761 4246 lonnte
778 4191 837 4246 also
854 4191 926 4244 wohl
943 4191 1088 4248 mitllecht
1105 4209 1204 4264 sagea,
1225 4197 1271 4250 elle

138 4283 295 4344 genanntcn
314 4278 427 4332 Dichter
446 4279 541 4332 hitten
560 4279 612 4331 den
629 4277 764 4330 Helleuen
785 4277 846 4330 eine
865 4275 1074 4346 Theogonle
1096 4281 1270 4352 gemacht,

138 4361 183 4414 die
196 4362 289 4416 friher
307 4363 381 4418 nicht
397 4363 555 4418 vorhanden
567 4379 641 4430 war,
660 4377 711 4414 aus
722 4361 889 4432 gegebenem
900 4361 989 4416 atoue
1003 4361 1152 4432 natlirllch,
1173 4383 1205 4418 ao
1216 4361 1268 4418 ale
