3088 4922
555 279 807 340 EU'I'ERPE.
829 281 872 338 Π.
897 290 940 342 32.
1256 277 1318 338 495

181 447 483 538 ἀποπεμπομένους
497 433 564 519 0πό
581 455 649 519 τῶν
661 444 800 538 ἡλίκων,
818 447 923 520 ὕδασί
937 477 973 520 τε
989 452 1044 520 καί
1062 459 1196 521 σιτίοισι
1212 440 1251 520 εὖ
1265 445 1317 532 ἐξ·

182 553 406 642 ηρτνμὲνους,
430 552 516 622 ίέναι
537 549 577 620 τό
599 557 715 642 πρώτα
735 553 798 642 μέν
812 552 868 622 διὰ
884 559 943 642 τῆς
960 552 1169 643 οἰκεομένης·
1193 553 1319 642 ταύτην

183 657 221 724 δέ
237 655 471 738 διεξελθόντας
484 653 517 736 ές
530 653 592 744 τὴν
605 655 779 744 θηριώδεα
796 653 995 726 ἀπικέσθαι·
1018 656 1055 728 ix
1072 658 1108 728 δέ
1121 656 1243 745 ταύτης
1256 655 1318 746 τὴν

172 756 309 846 ,ἐρῆμον
329 757 486 841 διεξιέναι
503 756 566 847 τὴν
585 753 666 828 ὁδόν
688 759 909 846 ποιευμένους
925 759 1007 848 πρός
1022 760 1168 850 ζέφυρον
1181 757 1317 849 ἄνεμον,

184 860 416 943 διεξελθόντας
432 863 469 930 δὲ
487 867 597 950 χώρου
612 859 737 930 πολλὸν
756 862 943 950 ψαμμώδεα
957 866 1013 932 καὶ
1029 861 1066 932 έν
1080 869 1220 952 πολλῇσι
1236 861 1315 954 ἡμέ-

183 985 260 1052 ρησι
288 970 376 1062 ἰδεῖν
403 965 445 1053 δή
467 992 544 1034 κοτε
565 963 708 1054 δένδρεα
732 961 768 1034 έν
789 969 895 1058 πεδίφ
915 966 1106 1052 πεφυκότα·
1136 975 1195 1035 καί
1212 989 1318 1054 σφεας

183 1066 430 1154 προσελθόντας
453 1065 619 1137 ἅπτεσθαι
640 1074 702 1137 τοῦ
715 1063 870 1147 ἐπεόντος
885 1064 939 1136 ioci
960 1073 1028 1138 τῶν
1044 1069 1216 1158 δενδρέων
1233 1097 1316 1158 καρ-

182 1174 258 1238 ποῦ.
290 1165 504 1259 ἁπτομένοισι
524 1171 563 1242 δέ
583 1194 644 1259 σφι
668 1168 828 1241 έπελθεῐυ
849 1167 975 1260 ἄνδρας
995 1169 1151 1262 μικροός,
1171 1181 1318 1262 μετρίων

145 1282 146 1291 ’
182 1269 363 1354 ἐλάσσονας
382 1271 534 1365 ἀνδρῶν,
557 1273 720 1362 λαβόντας
739 1276 776 1344 δέ
797 1272 895 1362 όγειν
909 1273 1031 1363 σφέας·
1054 1281 1170 1365 φωνῆς
1187 1275 1224 1344 δέ
1239 1273 1318 1344 οὔτε

182 1403 213 1446 τι
231 1381 289 1464 τῆς
303 1373 443 1448 έκείνιου
460 1375 538 1459 τοός
553 1385 765 1467 Νασαμῶνας
783 1378 964 1466 γινώσκειν
985 1376 1063 1449 οὔτε
1084 1376 1162 1459 τοὺς
1176 1376 1318 1466 ἄγοντας

216 1575 306 1635 όδυσί
317 1601 346 1636 τε
363 1581 411 1636 καί
430 1585 544 1636 σιτίοισι
561 1573 593 1636 ed
610 1579 723 1652 ἕξηρτυ·
808 1573 952 1637 ἅπτεσθαι
971 1585 1024 1639 τοῦ
1040 1621 1074 1629 -
1093 1584 1216 1654 καρποῦ]
1233 1575 1317 1636 ἅπτε-

182 1651 286 1720 μὲνους
308 1671 334 1705 κ.
357 1671 381 1705 τ,
406 1654 441 1722 b]
469 1657 543 1707 Bene
565 1657 643 1707 nobis
669 1673 725 1706 mo·
775 1654 897 1704 σθαι-
916 1656 1029 1722 καρποῦ
1048 1665 1175 1710 nontam
1194 1661 1318 1722 attingere

182 1739 247 1775 nere
269 1725 377 1776 videtur
395 1727 511 1777 Heeren.
531 1727 614 1777 Ideen
635 1727 676 1789 ΙΙ,
699 1727 721 1776 l.
771 1726 871 1788 [ructu
894 1743 954 1778 esse
972 1735 1063 1778 monet
1080 1727 1244 1790 Leroherus,
1269 1727 1318 1776 sed

183 1810 246 1860 pog.
261 1795 319 1858 198,
339 1796 448 1846 minime
461 1796 533 1846 solos
548 1798 666 1862 quinque
684 1796 724 1845 in·
771 1803 877 1859 pastore
888 1797 997 1861 fructus,
1016 1801 1095 1860 uesci,
1114 1803 1145 1846 ut
1161 1797 1232 1861 apud
1245 1797 1317 1846 Tbu-

183 1863 344 1930 telligendos
376 1880 435 1915 esse
464 1866 575 1916 iuvenes
607 1865 721 1929 nobiles,
774 1865 985 1930 eydid.11‚50.
1009 1867 1315 1931 Intelligunturautem,

183 1935 228 1999 qui
241 1935 293 1984 iter
310 1936 488 1999 susceperint,
507 1951 600 1985 verum
613 1935 722 1986 additos
773 1941 805 1984 ut
833 1935 963 1986 credibile
981 1940 1038 1999 est,
1068 1937 1173 1986 fructus
1202 1935 1315 1997 arboris,

182 2005 263 2054 etiem
280 2003 334 2053 illis
349 2005 501 2068 ministros,
520 2006 642 2056 comites.
666 2005 723 2056 Nos
775 2019 845 2070 quae
864 2005 963 2055 dicitur
977 2005 1057 2056 θείαν
1075 2005 1167 2068 Toeto,
1187 2004 1318 2056 Schitoum

182 2073 296 2122 dicimus
309 2077 364 2125 ciue
379 2074 533 2125 Koromane.
565 2075 621 2126 Neo
633 2081 724 2134 tamen
775 2089 797 2124 s.
812 2073 988 2140 Butlerboum,
1009 2081 1036 2125 et
1048 2091 1096 2140 per
1107 2080 1194 2125 totum
1208 2075 1317 2124 interio-

182 2141 222 2190 iiii
235 2143 346 2193 iuvenes
364 2144 438 2194 viam
454 2145 483 2194 in
497 2145 651 2195 istiusmodi
664 2160 724 2210 pro·
774 2159 830 2193 rem
849 2144 969 2194 Africam
988 2151 1029 2196 est
1047 2150 1206 2212 propagate.
1235 2145 1315 2194 Cous.

184 2211 345 2262 sectionibus
370 2213 478 2263 solitam
497 2215 583 2264 secuti
607 2229 667 2264 esse
685 2213 725 2262 vi-

183 2281 293 2346 dentur,
312 2281 360 2333 sed
377 2283 472 2333 relicta
488 2283 548 2346 illa,
577 2299 637 2334 cum
655 2281 723 2334 elias

182 2351 291 2402 Africae
313 2352 438 2418 regiones
461 2353 548 2403 adhuc
569 2353 724 2418 incognitas

181 2420 271 2470 visere
292 2422 406 2484 veilent,
429 2423 516 2488 magis
541 2422 576 2472 ed
600 2423 723 2473 occiden-

182 2495 236 2539 tem
255 2507 285 2541 ee
303 2491 479 2542 convertisse.
518 2493 576 2554 Quo
596 2497 722 2558 spectant

181 2559 264 2636 verbu
282 2552 335 2626 τὴν
357 2551 428 2611 ὁδὸν
445 2559 632 2626 ποιευμένους
650 2554 723 2626 πρὸς

180 2626 303 2694 ζεφυρον
320 2619 435 2694 ἄνεμον,
455 2647 515 2682 eum
529 2630 634 2682 sedicet
652 2632 722 2682 occi·

95 2751 98 2755 ,
182 2698 287 2749 dentem
319 2705 346 2749 et
371 2700 508 2751 meridiem
532 2716 625 2750 versus
651 2699 722 2766 (seid-

181 2767 299 2834 weetb'ci)
317 2769 357 2818 ilii
375 2770 426 2820 iter
443 2771 625 2821 instituerent.

216 2863 416 2932 διεξελθόντας
443 2867 475 2922 δέ
498 2871 593 2937 χώραν
615 2867 721 2922 πολλὸν

181 2935 340 3003 ψαμμώδεα
361 2957 386 2992 κ.
410 2957 433 2992 τ.
459 2941 496 3007 1.]
525 2943 601 2993 Haec
622 2943 657 2992 ed
676 2941 722 2992 de-

181 3014 254 3059 serto
271 3009 373 3064 Saliare
400 3011 494 3060 referri
520 3011 617 3062 debere
641 3013 740 3077 monia,

182 3079 280 3128 festum
298 3085 354 3139 est:
378 3081 477 3145 quihus
499 3080 613 3131 desertis
636 3076 728 3130 treus?

181 3149 304 3214 misraus
334 3149 373 3212 (id
398 3151 470 3214 quod
492 3149 625 3215 hodieque
649 3147 721 3199 haud

181 3217 239 3268 sine
262 3233 360 3282 magno
384 3217 504 3282 periculo
526 3218 584 3268 fiori
609 3219 720 3282 potest),

181 3285 253 3338 houd
265 3287 353 3338 minus
364 3289 547 3350 manifestum,
566 3289 722 3352 pervenisse

181 3356 291 3408 iuvenes
304 3357 338 3408 ad
351 3371 397 3407 eas
411 3358 536 3422 regiones
545 3373 562 3418 ‚¹
571 3373 638 3421 ques
650 3372 722 3408 nunc

179 3423 296 3476 solemus
324 3441 424 3476 vocare
453 3425 638 3492 Neperio'nder.
680 3428 721 3477 Eo

181 3494 249 3544 euim
272 3495 389 3559 quadret
412 3500 439 3545 et
462 3493 537 3546 color
555 3496 646 3560 niger,
675 3497 721 3560 qui

179 3563 274 3613 incolis
301 3564 395 3614 hurum
422 3568 555 3615 terrarum
582 3565 719 3626 tribuitur,

180 3637 207 3682 et
228 3633 313 3685 ruinor
341 3638 448 3684 stature
470 3633 605 3698 corporis,
640 3649 720 3698 quam

179 3703 336 3752 rec'ontioris
361 3717 467 3768 quoque
495 3703 624 3770 temporis
646 3719 722 3766 pere-

178 3771 330 3834 grinaturos
349 3771 542 3834 observarunt,
567 3776 595 3822 et
615 3772 720 3822 indoles

178 3839 327 3890 incolarum
350 3840 468 3922 benigne
492 3847 520 3891 et
548 3841 720 3906 hospitaliter

178 3907 298 3960 advenas
312 3910 517 3976 excipientium,
542 3927 622 3975 quem
636 3911 720 3960 virtu·

178 3983 231 4028 tem
254 3977 327 4030 iilius
353 3981 442 4042 gentis
463 3979 597 4044 hodieque
621 3995 721 4038 momo-

179 4052 252 4110 rant;
285 4064 318 4098 eo
344 4047 461 4113 denique
488 4049 568 4098 etiam
594 4053 720 4114 spectent

178 4115 287 4166 arbores
302 4118 460 4182 frugiferae,
478 4119 573 4170 itidem
589 4119 720 4169 recentio-

177 4185 251 4235 ribus
274 4187 524 4251 peregriustorihus
552 4181 607 4238 illie¹
629 4188 719 4238 obser-

123 4299 126 4305 .
177 4257 267 4306 saise.
311 4255 374 4306 Vid.
395 4257 514 4308 fleeren.
540 4257 559 4308 1.
581 4256 600 4307 i.
625 4257 667 4320 ΙΙ,
693 4258 716 4308 i.

175 4336 239 4390 pag.
259 4322 319 4376 100.
339 4323 399 4376 200.
523 4346 528 4356 ·

774 2213 877 2264 Ritter:
901 2215 1049 2265 Erdbunde
1073 2215 1094 2265 Ι.
1115 2231 1141 2280 p.
1162 2215 1221 2266 347.
1259 2215 1316 2264 Nee
1413 2290 1418 2301 .

774 2282 854 2333 aliter
869 2283 958 2334 visum
971 2285 1106 2334 Heerenio
1125 2285 1142 2335 l.
1160 2283 1180 2334 l.

813 2376 946 2436 ἐπελθεῖν
969 2378 1078 2452 ἄνδρας
1105 2377 1238 2452 μικροός,
1255 2401 1316 2452 Ιμε·

773 2454 861 2518 τρίοιν
879 2447 1032 2514 ἐλάσσονας
1049 2447 1175 2521 ἀνδρῶν]
1205 2458 1247 2506 De
1265 2460 1316 2507 Ae-

773 2525 894 2590 thiopiae
911 2525 1007 2578 incolis
1020 2527 1186 2578 brevissimis
1200 2531 1315 2588 statura,
1403 2565 1404 2568 η

773 2595 814 2644 ita
835 2601 866 2646 ut
888 2596 951 2646 iude
972 2597 1170 2661 Pygmaeorum
1195 2596 1315 2646 fabulam

773 2669 860 2715 ortam
879 2665 987 2716 credere
1004 2665 1094 2729 liceat,
1115 2666 1205 2716 Strob.
1225 2665 1315 2718 XVII.

772 2750 799 2798 p.
817 2734 919 2784 11701)
938 2750 960 2784 s.
980 2751 1006 2799 p.
1021 2737 1082 2786 821.
1109 2735 1215 2786 Similia
1233 2749 1315 2799 quee-

773 2805 835 2854 dsm
853 2804 1000 2854 Nonnosus
1017 2803 1090 2868 apud
1104 2804 1231 2854 Photium
1243 2803 1313 2854 Bibi.

774 2872 840 2923 Cod.
861 2871 915 2924 111.
937 2889 964 2937 p.
984 2874 1013 2934 8,
1041 2888 1111 2937 quae
1133 2871 1314 2922 recentiorum

772 2942 1315 3076 rhitssfur‘stiizzrihhitii

773 3079 806 3128 de
825 3073 886 3128 istis
904 3080 1042 3130 interioris
1061 3081 1170 3130 Africae
1187 3079 1314 3145 gentihus

773 3147 927 3212 opinionem
954 3150 1017 3198 ferri
1041 3149 1212 3211 confirmant,
1245 3163 1314 3214 quae

772 3219 923 3268 Heerenius
941 3218 1055 3282 protulit
1072 3218 1090 3269 1.
1104 3219 1121 3269 i.
1136 3236 1162 3284 p,
1178 3217 1236 3270 190.
1251 3219 1312 3270 200.

772 3287 835 3337 Alia
852 3286 916 3337 oiim
933 3288 1043 3338 Ludoli.
1063 3289 1167 3339 Hister.
1186 3288 1313 3352 Aethiop.

772 3372 836 3421 pag.
858 3355 979 3408 00-74,
1025 3358 1196 3408 Recentioris
1223 3363 1313 3408 autem

772 3426 871 3476 aetatis
895 3427 1094 3491 peregrinator,
1119 3427 1257 3488 Mallien.,
1285 3427 1313 3473 in

772 3495 877 3546 mediae
893 3496 1003 3546 Africae
1019 3496 1175 3562 regionibus
1192 3495 1313 3546 homines

772 3569 828 3613 tem
841 3573 945 3628 parvae¹
954 3568 1076 3615 staturae
1089 3566 1250 3628 eosdemque
1266 3559 1313 3612 ini·

771 3633 932 3696 heoiliimos,
951 3640 982 3684 ut
1001 3634 1058 3684 iure
1069 3635 1221 3699 Pygmaeos
1241 3632 1314 3682 dixe-

771 3703 823 3764 ris,
846 3717 875 3752 se
896 3703 1034 3754 invenisse
1058 3707 1189 3765 tenetur,
1219 3703 1313 3766 lingua

771 3772 853 3824 etiam
873 3771 1071 3822 diversissimos
1085 3787 1101 3822 a
1115 3771 1227 3836 reliquis
1242 3771 1314 3820 Afri-

771 3855 820 3891 ose
843 3841 982 3905 gentibus,
1008 3847 1038 3891 ut
1066 3857 1131 3892 sene
1154 3841 1313 3891 Herodotsa

770 3911 890 3961 narratio
905 3910 938 3960 de
950 3910 1151 3960 Nasamonibus
1167 3909 1230 3960 hinc
1248 3924 1313 3958 non-

771 3979 837 4028 nihil
853 3979 973 4030 lueretur
989 3979 1072 4039 lucis;
1090 3979 1185 4030 videus
1198 3979 1312 4044 Voyege

771 4049 839 4100 dans
869 4045 1021 4099 l’intdrieur
1045 4049 1078 4098 de
1101 4049 1234 4113 lihirique
1258 4053 1312 4098 etc.

770 4117 837 4168 faits
860 4133 894 4166 en
917 4116 985 4168 1818
1009 4122 1029 4168 t.
1052 4118 1091 4167 II.
1116 4134 1143 4182 p.
1165 4117 1225 4168 209.
1249 4117 1311 4168 262.

769 4187 802 4236 In
815 4201 893 4250 seqq.
913 4185 948 4236 ed
960 4178 1028 4244 τοὺς
1040 4178 1162 4250 ἄγοντας
1178 4183 1237 4236 τών
1250 4185 1312 4234 Να-

769 4245 907 4373 σηιμέένοιν
932 4255 1003 4306 οοιιί.
1027 4256 1125 4306 Matth.
1152 4259 1177 4318 ξ.
1203 4256 1264 4306 510.
1284 4269 1310 4318 p.
