3096 4930
664 304 789 367 OLIO.
812 307 838 368 Ι.
861 316 923 371 ars.
1295 308 1358 372 423

226 479 282 548 καὶ
306 483 439 548 δίαιταν
459 481 580 565 ἔχουσι.
610 475 744 548 ἱππόται
768 482 809 549 δέ
828 486 892 550 εἰσι
914 483 970 550 καὶ
990 478 1130 554 ἄνιπποι
1144 480 1358 574 (ἀμφοτέρων

227 578 291 669 yolo
307 582 496 668 μετέχουσι)
512 582 568 650 καὶ
589 580 718 664 τοξόται
738 587 847 653 τεκαὶ
868 585 1082 675 αἰχμοφόροι,
1102 588 1241 679 σαγάρις
1260 595 1356 678 νομί-

226 691 337 768 ζοντες
349 690 447 772 ἔχειν.
474 689 586 778 χρυσῷ
602 686 639 755 ii
653 685 709 754 καὶ
722 693 833 781 χαλκῷ
847 685 887 758 τὰ
902 689 1010 759 πάντα
1022 694 1200 778 χρέωνται·
1216 688 1278 762 ὅσα
1294 693 1357 781 μὲν

226 785 291 876 γὰρ
305 784 339 868 ἒς
353 785 471 877 αἰχμὰς
490 789 546 858 sol
565 785 661 878 ἄρδις
680 791 736 858 καὶ
755 791 909 878 σαγάρις,
931 799 1042 887 χαλκῷ
1055 791 1095 863 τὰ
1109 795 1217 866 πάντα
1230 797 1354 883 χρέων-

226 913 297 962 ται·
323 887 384 960 ὅσα
411 891 450 961 tl
472 893 549 980 περὶ
573 890 726 982 κοφαλῆν
747 895 803 962 καὶ
829 900 995 985 ζωστῆρας
1014 899 1070 966 καὶ
1092 904 1357 989 μασχαλιστῆρας

226 1094 471 1158 ubicasaubonus,
490 1095 642 1148 nostrilooi
655 1097 769 1148 nonoh-
818 1113 922 1148 canone
946 1113 973 1164 p.
995 1096 1047 1150 386
1066 1097 1155 1150 ubivis
1180 1101 1357 1162 reposueruut

224 1165 304 1228 litus,
342 1165 424 1214 scribi
457 1164 561 1215 mavult
590 1182 624 1232 τῃ
655 1165 769 1234 Σηριιιῆ
817 1165 1010 1233 potestur.—
1043 1167 1154 1232 Copiam
1172 1166 1275 1216 hancce
1298 1167 1356 1216 auri

225 1251 273 1300 pro
292 1249 325 1300 τῃ
316 1231 490 1300 ’Σκοθιιιῆ,
510 1235 587 1285 cuins
606 1237 767 1287 mutationis
818 1243 900 1302 atque
917 1237 988 1287 aeris
1006 1237 1078 1287 unde
1099 1237 1245 1296 traxerint,
1275 1251 1357 1300 snpra
1420 1235 1431 1242 “

224 1307 325 1356 ibstam
341 1319 451 1354 oausam
464 1305 619 1369 perspicere
632 1305 704 1358 haud
721 1323 768 1358 va·
818 1308 872 1358 iam
895 1307 1073 1358 indicavimus
1099 1307 1184 1368 adl,
1207 1306 1268 1356 264.
1304 1305 1358 1355 llic

225 1373 282 1436 leo,
319 1373 478 1438 praesertim
508 1389 569 1424 oum
595 1376 767 1443 Massagetas
817 1378 888 1427 addo
906 1377 1070 1427 Haemum
1088 1375 1216 1437 ldeenl‚
1237 1375 1260 1425 l.
1278 1391 1303 1438 p.
1323 1375 1357 1424 68

224 1445 298 1509 ipsos
316 1443 350 1493 ad
363 1443 479 1508 Scythas
497 1445 695 1508 quodammodo
709 1463 769 1511 per
817 1462 892 1513 seqq.
911 1445 943 1496 61
964 1461 1040 1511 seqq.
1059 1445 1093 1496 68
1114 1445 1147 1495 de
1164 1411 1216 1495 huri
1234 1441 1356 1496 metallo·

223 1512 607 1578 tinuissadubitarinequeat.
636 1514 715 1568 Corsi.
729 1516 765 1567 ad
816 1531 875 1566 rum
892 1515 972 1580 eopia
990 1531 1024 1565 ao
1037 1515 1120 1579 loeis,
1136 1514 1209 1566 unde
1227 1529 1356 1578 provene-

224 1585 253 1644 1,
273 1585 322 1634 201
342 1583 403 1634 init.
448 1583 589 1634 Simillime
612 1585 645 1634 de
662 1586 766 1637 Andro·
814 1586 871 1635 rrut
883 1586 951 1646 rste
966 1585 1074 1651 egregie
1087 1586 1280 1650 disputantem.
1309 1585 1356 1634 st-

224 1653 330 1732 phagis
341 1651 461 1718 loquitur
478 1653 578 1704 Noster
594 1655 642 1716 IV,
666 1656 722 1707 166.
815 1670 866 1720 qne
885 1654 968 1704 etiarn
987 1654 1128 1705 Eichwaltl
1146 1653 1312 1719 (Gangraph.
1328 1654 1354 1704 d.

259 1714 375 1787 σαγάρις
389 1719 550 1786 repetentes
562 1719 648 1790 ἔχειν]
663 1725 705 1776 De
718 1739 766 1774 τιο-

223 1791 313 1854 μιζειν
331 1792 404 1842 οοιι1.
423 1791 445 1853 1,
467 1791 578 1844 131.-
603 1785 719 1860 σαγάρις
738 1799 765 1846 et

223 1863 267 1912 hio
285 1866 312 1912 et
325 1861 404 1940 paulo
415 1861 528 1912 interius
546 1864 702 1928 scripsimus
715 1881 764 1929 pro

222 1932 296 2014 vulg.
317 1923 462 1994 σαγάρεις,
481 1931 510 1980 1ο
525 1947 579 1998 qua
596 1933 708 1984 formam
721 1935 763 1986 Io-

223 2003 312 2052 nioam
335 2001 370 2050 ad
394 1999 535 2065 vulgarem
557 2019 678 2052 normam
700 2019 763 2054 con·

223 2074 367 2122 formatam
380 2069 466 2120 vides.
493 2072 590 2121 Melius
607 2073 708 2124 elibris
723 2091 763 2124 re-

223 2141 370 2192 stituerunt
378 2139 537 2220 Schweigh.
556 2147 583 2191 et
596 2143 684 2193 Gaias.
708 2145 763 2194 llo-

223 2211 308 2262 dem'
301 2226 357 2260 rure
373 2199 456 2274 αρδις
474 2225 522 2275 pro
541 2210 616 2276 vulg.
635 2202 760 2292 ἔρδοις.

222 2281 285 2331 Vid.
307 2281 424 2330 Bretlov.
445 2295 471 2345 p.
490 2280 604 2332 164-
636 2275 761 2346 σάγαρις,

220 2351 334 2414 bipennis
356 2347 592 2416 (aweisohneidige
608 2350 761 2416 Streitaxt)‚

220 2421 349 2470 tribuitur
367 2419 444 2471 Sacis
462 2419 586 2484 Scythis,
605 2422 651 2486 qni
664 2421 762 2472 Xerxis

220 2490 351 2542 exercitui
368 2489 557 2554 interfuerunt,
576 2491 638 2552 VII,
650 2491 693 2551 64,
712 2507 762 2541 nec

221 2563 308 2611 miuus
340 2560 431 2610 Persis
461 2563 543 2625 atque
569 2561 761 2623 Amazonibus,

222 2637 252 2681 ut
263 2628 423 2695 intelligitur
437 2629 640 2695 exenophonte
650 2631 678 2680 in
690 2631 762 2680 Ana-

220 2702 280 2751 bas.
300 2699 352 2762 IV,
373 2700 403 2759 4,
430 2697 463 2748 16
482 2698 545 2749 coll.
569 2700 607 2762 V,
628 2701 656 2762 4,
683 2700 715 2752 13
735 2704 763 2750 et

220 2770 353 2821 Herodot.
372 2767 421 2830 1v,
438 2768 464 2818 5.
480 2768 523 2819 76.
552 2771 643 2832 Quare
657 2771 762 2824 Renne-

220 2841 274 2890 lius
297 2837 336 2902 (in
359 2838 514 2903 Geograph.
539 2839 670 2890 Herodot.
697 2855 760 2906 pag.

222 2911 273 2962 516
298 2908 340 2958 ed.
364 2907 485 2972 vernae.)
510 2908 592 2958 telum
614 2909 699 2960 hocce
721 2911 763 2960 ita

222 2981 406 3042 comparatum
431 2976 518 3028 inisse
538 2979 708 3044 suspicatur,
731 2985 762 3030 ut

222 3047 303 3098 modo
319 3051 448 3111 tanquam
462 3049 565 3098 securis
580 3048 672 3114 lignea
689 3047 762 3113 (‚‚als

221 3115 382 3182 Holaaxt“)‚
400 3115 479 3166 modo
497 3119 528 3166 ut
547 3119 620 3168 ensis
639 3118 761 3169 adhiberi

222 3185 350 3252 potnerit.
370 3185 467 3236 Melius
486 3187 566 3237 oredo
583 3188 705 3238 Ritterns
723 3188 763 3250 (in

222 3254 371 3308 Erdlrunrle
393 3255 431 3306 ΙΙ.
456 3273 484 3321 p.
504 3256 557 3308 789
581 3257 624 3308 ed.
642 3257 695 3322 pr.)
719 3273 763 3307 ex-

222 3327 313 3392 ponite
326 3328 366 3377 eia
376 3323 663 3392 dolcharrtpesMsaaer,
669 3342 762 3378 ensem

221 3411 334 3462 parvum
354 3409 467 3460 eumque
486 3399 642 3460 curvatum,
662 3397 710 3462 qui
727 3397 761 3446 ab

220 3465 385 3546 Herquoto'
378 3479 406 3513 ιιι
418 3467 544 3550 Europae
563 3465 671 3530 Scythis
690 3467 762 3517 dica-

221 3541 266 3586 tur
283 3526 434 3614 ἀκινάκης,
454 3536 482 3585 1ο
495 3535 578 3585 Asiae
593 3535 702 3602 Scythis
714 3536 762 3586 Sa-

221 3607 315 3670 oisque
332 3616 461 3667 σαγαρις,
480 3605 508 3653 in
522 3617 575 3669 quo
589 3607 671 3655 etiam
680 3604 763 3655 Wah-

218 3675 273 3725 lins
286 3674 358 3724 idem
366 3673 505 3724 Saxonum
519 3673 601 3724 telum
610 3675 668 3724 Soa
680 3689 762 3740 agno-

220 3745 271 3795 vit.
327 3742 446 3804 Quod
438 3759 467 3792 m
485 3755 578 3822 seqq.
607 3745 762 3795 nominatur

815 1725 897 1807 Casp.
915 1724 1064 1789 hleeresp.
1083 1727 1116 1775 27
1134 1739 1191 1789 aeq.
1215 1722 1266 1774 263
1286 1723 1354 1789 seq.)

816 1795 876 1844 auri
893 1794 999 1859 copiam
1016 1798 1072 1844 taur
1096 1809 1128 1843 ex
1150 1793 1239 1843 fluviis
1258 1796 1356 1858 repetit

816 1879 898 1929 qnam
917 1880 949 1914 ex
967 1868 1058 1914 monte
1072 1863 1152 1924 Ural,
1171 1857 1217 1913 ad
1224 1864 1300 1914 cuins
1313 1881 1355 1914 ru-

815 1934 889 1984 dices
907 1933 1078 1998 Massagetas
1101 1933 1241 1982 habitasse
1262 1933 1355 1984 existi-

813 2009 879 2053 mat.
909 2003 941 2052 In
960 2003 1096 2052 montibus
1107 2002 1173 2052 Ural
1187 2005 1268 2067 atque
1280 2003 1354 2053 Altai

813 2071 924 2124 metalla
942 2073 1001 2121 auri
1014 2073 1139 2137 aerisque
1155 2073 1208 2121 iam
1223 2073 1355 2138 antiquis-

813 2143 881 2193 simo
904 2148 1024 2206 tempore
1047 2157 1064 2191 a
1087 2145 1168 2206 geute
1190 2142 1306 2192 Finnica
1331 2158 1354 2194 s.

813 2212 949 2264 Schudioa
971 2212 1089 2262 exerceri
1106 2211 1189 2261 solita
1212 2227 1272 2262 esse
1294 2227 1354 2262 uar-

812 2287 856 2332 rat
867 2281 995 2346 Kellgren
1012 2281 1169 2332 Jahreaber.
1182 2281 1208 2330 (1.
1222 2283 1352 2346 morgeul.

812 2350 962 2404 Gesellsch.
982 2351 1059 2403 1846.
1078 2367 1105 2416 p.
1124 2351 1182 2403 1113.
1220 2352 1299 2414 Quod
1319 2353 1354 2402 od

812 2437 858 2472 αιι
882 2421 992 2483 attinet,
1025 2425 1148 2471 tenemus
1170 2419 1250 2484 illud,
1282 2422 1354 2487 quod

812 2495 961 2540 memoratu
974 2491 1068 2556 utique
1086 2490 1275 2556 dignissimum
1294 2507 1353 2556 pro-

813 2561 867 2611 fert
888 2561 1010 2611 Ritterns
1038 2559 1200 2623 (Erdlruude
1221 2561 1260 2612 ΙΙ.
1289 2577 1352 2626 pag.

814 2629 865 2680 766
881 2629 924 2681 sd.
940 2628 1006 2696 pr.)‚
1025 2646 1072 2694 per
1083 2630 1176 2680 Asiam
1192 2631 1353 2695 septentrio-

813 2699 902 2750 nalem
920 2715 1097 2766 queacuuque
1121 2700 1234 2750 inventa
1252 2701 1353 2750 inerint

814 2771 988 2836 antiquitatis
1013 2774 1186 2818 monumenta
1209 2785 1243 2819 ex
1260 2770 1353 2820 metal-

813 2839 847 2890 lis
878 2840 1016 2900 coniecta,
1055 2853 1087 2887 ex
1121 2853 1183 2888 aere
1213 2839 1353 2889 elaborata

813 2910 911 2970 luisse,
936 2909 1049 2972 ipsaque
1071 2923 1146 2956 arma
1169 2907 1197 2955 in
1221 2908 1353 2971 sepulcris

813 2980 923 3030 detecta
941 2976 1125 3041 antiquissimi
1142 2975 1212 3025 aevi.
1249 2977 1353 3038 Quibus

813 3049 914 3113 optime
936 3045 1142 3107 confirmantur,
1173 3059 1243 3109 quae
1268 3047 1353 3097 Horo-

813 3118 893 3167 dotns
911 3121 939 3166 et
955 3115 1053 3166 Strabo
1071 3113 1091 3164 l.
1109 3114 1128 3165 l.
1148 3113 1182 3164 de
1200 3130 1263 3165 aere
1281 3115 1353 3182 apud

813 3187 1000 3250 Massagetas,
1018 3184 1118 3250 quihis
1134 3184 1201 3249 ipsis
1220 3185 1248 3235 in
1266 3186 1353 3252 regio-

812 3256 892 3306 nibns
911 3255 1007 3319 vagati
1024 3270 1084 3306 esse
1098 3253 1234 3318 dicuntur,
1252 3272 1352 3306 memo-

813 3326 868 3376 riae
883 3323 1069 3390 prodiderunt.
1080 3354 1115 3364 -
1127 3324 1353 3390 μασχαλιστῆρας

812 3397 840 3446 in
863 3410 938 3459 seqq.
963 3409 1024 3444 enm
1049 3394 1173 3458 Schwgh.
1198 3395 1227 3443 in
1250 3395 1351 3445 Lexico

811 3463 966 3516 Herodoteo
978 3463 1155 3514 intellexerim
1168 3463 1200 3513 de
1212 3463 1271 3514 loro
1287 3479 1352 3528 quo-

812 3535 873 3584 dam
888 3549 916 3592 s„
925 3533 1047 3599 cingulo,
1068 3533 1141 3598 quod
1158 3547 1239 3596 supra
1255 3531 1351 3582 axillas

813 3606 924 3669 gestant
946 3602 1080 3664 homines,
1104 3601 1180 3651 coins
1202 3600 1300 3651 fibulas
1318 3617 1351 3652 cx

813 3689 879 3723 auro
897 3672 1037 3724 coniectas
1053 3671 1156 3721 habent
1166 3671 1349 3752 Massagetae.

813 3744 881 3794 Nam
907 3739 1127 3807 μασχαλιστῆρες
1151 3740 1258 3805 proprie
1288 3745 1352 3790 sunt

221 3815 336 3864 alterurn
364 3811 449 3862 telum
480 3801 576 3875 ἄρδις,
609 3813 761 3880 explicante
810 3811 885 3874 lora,
909 3826 979 3876 quae
1002 3825 1129 3876 equorum
1152 3810 1271 3876 scapulis
1291 3811 1352 3862 snb-

220 3882 411 3947 Wesselingio‚
421 3885 689 3948 sopittaeouspiseat.
708 3883 761 3936 llx-
811 3881 967 3944 tenduntnr,
981 3895 1004 3932 s.
1018 3877 1248 3946 lorapectoralia‚
1262 3895 1350 3946 qnem-

220 3951 359 4002 oitavith.
378 3967 473 4003 vocem
491 3951 589 4002 Suidas
597 3953 761 4019 ‚explicans
810 3951 981 4002 admodum'
974 3967 1002 4000 ιιι
1012 3949 1151 4034 Aeschyli
1155 3949 1293 4001 Prometh.
1307 3951 1349 4012 71,

220 4019 371 4086 φαρέτρας.
811 4021 858 4072 ubi
882 4019 939 4070 vid.
966 4017 1116 4072 Blomfield.
1144 4021 1172 4072 iu
1200 4021 1349 4082 Glossario,

254 4087 348 4157 χρυσῷ
371 4082 403 4138 δὲ
424 4084 471 4140 καὶ
494 4087 589 4156 χαλκῷ
611 4081 646 4139 τὰ
667 4080 760 4138 πάντα
812 4091 858 4156 qui
889 4093 964 4140 recte
995 4089 1074 4143 affert
1099 4090 1195 4142 Thom.
1223 4091 1348 4156 Magistr.

219 4139 365 4226 χρέωντόι]
390 4153 440 4223 zoi
441 4173 526 4210 ιονται
547 4159 575 4208 1ο
598 4159 649 4210 hoc
670 4160 760 4225 capite
811 4177 834 4210 s.
852 4173 879 4210 v.
898 4152 971 4224 μ’όλη
993 4175 1018 4225 p.
1036 4159 1097 4211 59¹».
1138 4161 1208 4212 sod.
1227 4160 1350 4212 Schoene

219 4229 277 4278 et
269 4245 297 4278 ιο
325 4230 451 4306 sequenti
479 4229 622 4293 aliquoties
652 4229 760 4279 obvium
811 4231 961 4280 Comment.
980 4230 1013 4280 de
1034 4231 1156 4294 personis
1179 4231 1207 4280 iu
1225 4229 1348 4310 Euripid.

218 4297 291 4348 haue
314 4285 420 4348 muta‘vi
448 4303 558 4364 propter
584 4297 667 4347 libros
696 4297 761 4349 scri·
810 4298 911 4350 Bacch.
930 4313 957 4363 p.
977 4299 1074 4351 36.-
1092 4300 1125 4348 Iu
1142 4315 1215 4380 seqq.
1235 4293 1350 4380 φάλαρα

217 4372 295 4432 ptos3
327 4371 443 4418 reeentt.
475 4366 536 4418 srld
572 4383 605 4418 ex
631 4367 760 4418 Bredovii
811 4367 884 4434 apud
910 4367 1021 4420 fluidam
1052 4373 1117 4418 suut
1144 4361 1178 4418 soi
1204 4365 1269 4433 περὶ
1299 4361 1350 4426 τὰς
1430 4399 1439 4416 .
