3064 4940
665 333 842 396 0L10.1.
868 345 912 404 56.
1295 338 1353 400 117

206 505 333 576 Ὄσσαν
346 533 382 575 τε
404 509 460 575 καὶ
481 506 539 576 τὸν
554 505 746 596 Οὔλυμπον
757 511 887 599 χώρην,
910 513 1116 601 καλεομένην
1137 510 1174 580 dl
1192 505 1350 582 Ἱστιαιώ-

215 631 283 678 τιν·
319 607 356 678 iu
371 609 408 679 dl
422 615 480 699 τῆς
495 607 724 694 Ἱστιαιώτιδος
739 609 782 694 eis
797 611 953 704 ἐξανέστη
968 611 1034 685 ὑπὸ
1048 621 1248 704 Καδμείων,
1262 625 1351 686 οἴκεε

219 776 280 828 coll.
308 777 444 828 Mannart.
472 777 627 844 Gangraph.
656 778 682 830 d.
713 779 761 830 Gr.
810 796 874 830 nere
893 784 1017 848 attigisse
1035 785 1169 835 Homolen
1192 785 1352 852 Magnesiae

218 861 246 896 u.
274 847 351 896 lilim.
382 847 448 897 Vll.
483 863 509 912 p.
535 847 596 898 568.
630 847 761 914 Forbiger
811 853 938 914 montem,
956 854 990 902 ad
1008 870 1087 918 quem
1104 855 1190 905 Dores
1209 855 1351 906 habitave-

221 915 330 966 Hnndb.
351 917 378 967 d.
398 916 445 966 alt.
465 916 562 983 Geogr.
583 917 638 967 111.
653 933 679 982 p.
699 917 760 969 883.
811 919 880 980 rint,
909 922 956 985 qni
979 923 1032 986 ipsi
1061 927 1118 974 tum
1146 925 1255 976 sedibus
1284 926 1351 976 moti

219 987 255 1036 Et
272 986 330 1036 iure
355 986 519 1052 primitivam
536 987 654 1038 Doricae
672 988 761 1053 gentis
812 987 920 1040 luerint.
955 990 1009 1040 Ubi
1037 997 1128 1044 tamen
1152 995 1210 1045 iure
1237 996 1350 1060 mireris,

217 1055 309 1106 sedem
332 1055 517 1106 Phthiotidem
546 1057 645 1107 statuit
672 1057 761 1108 Kruse
812 1057 885 1122 quod
904 1059 1017 1124 perluga
1046 1076 1110 1126 gens
1138 1063 1166 1112 iu
1192 1069 1351 1116 transcursu

216 1125 313 1178 Ilellas
335 1126 357 1178 1.
380 1143 408 1192 p.
429 1129 489 1178 522.
812 1127 899 1177 Dores
917 1125 999 1176 firmis
1016 1129 1125 1180 sedibus
1144 1133 1281 1196 pepulerit.
1312 1135 1352 1186 elo

250 1186 297 1246 lut
315 1189 347 1246 dl
365 1187 471 1262 Δώρου
488 1193 540 1245 τοῦ
553 1183 691 1260 Ἕλληνος
708 1186 761 1280 squ
812 1201 854 1246 tot
872 1197 990 1246 tenebris
1009 1199 1155 1248 obscurata
1173 1201 1206 1250 de
1221 1203 1352 1266 Epigonis

215 1255 273 1315 ὑπὸ
296 1257 350 1330 τὴν
366 1257 475 1315 Ὄσσαν
496 1279 525 1316 τε
553 1259 601 1314 aul
625 1258 676 1315 τὸν
703 1263 761 1314 οο-
813 1268 894 1327 fama,
915 1271 953 1330 ut,
973 1267 1037 1333 quid
1056 1269 1125 1318 certi
1143 1269 1206 1320 inde
1224 1271 1257 1320 ad
1270 1271 1353 1321 histo-

214 1335 328 1400 λομπον
338 1327 666 1402 χώρην,ιια7εομένηνὸὲ
679 1325 759 1384 Ἰστι-
810 1339 867 1388 riae
885 1336 965 1386 fidem
982 1337 1053 1388 trahi
1073 1343 1167 1404 queat,
1185 1339 1256 1389 haud
1275 1340 1355 1390 facile

213 1403 323 1471 αιώτιν]
346 1407 388 1456 De
413 1406 520 1456 Bellene
550 1421 663 1472 regnum
687 1406 759 1456 inter
809 1405 920 1457 dixeris.
938 1407 1352 1472 eonf.Diod0r.sicu1.1V‚os.

215 1473 284 1526 lilios
302 1474 344 1540 (in
363 1475 463 1540 quibus
484 1477 577 1525 Dorum
603 1475 689 1526 fuisse
709 1475 756 1526 du·
844 1475 919 1526 οἴκεε
937 1467 967 1525 ἐν
987 1476 1109 1546 ussup,
1129 1471 1288 1530 Μακεδνὸν
1305 1495 1354 1528 κα-

213 1546 296 1596 bituri
314 1543 422 1612 nequit)
440 1545 578 1596 dividente
592 1545 756 1612 conhdpol·
807 1539 953 1612 lso'psvov]
972 1549 1032 1598 Non
1058 1549 1086 1598 in
1108 1549 1215 1602 Pindum
1234 1555 1351 1600 montem

212 1615 268 1666 lod.
287 1617 313 1682 1,
331 1618 356 1679 7,
376 1619 401 1666 2.
421 1613 447 1666 3.
466 1613 528 1666 coll.
551 1617 669 1667 Pausan.
689 1615 754 1678 VII,
806 1616 878 1667 haud
899 1617 993 1682 procul
1011 1623 1142 1670 remotum
1163 1620 1197 1670 ab
1215 1621 1352 1671 Histiaeo-

215 1686 238 1736 l.
263 1691 290 1735 et
313 1685 398 1736 Beck.
422 1685 441 1736 l.
468 1684 487 1735 l.
511 1699 576 1752 pag.
598 1683 658 1737 812.
696 1686 755 1748 Quo
806 1687 864 1738 tide
875 1687 963 1737 Doroa
982 1689 1140 1754 confugisse
1157 1689 1218 1740 vult
1235 1690 1351 1742 Larche-

214 1760 303 1806 autem
337 1761 459 1822 tempore
491 1761 518 1805 et
548 1771 565 1806 a
594 1755 755 1822 quibusnam
806 1773 851 1806 rus
870 1755 984 1824 (alioqui
1002 1759 1072 1808 enim
1091 1760 1260 1810 Herodotum
1285 1761 1350 1812 scri·

214 1826 301 1891 patria
319 1828 392 1876 terra
404 1825 494 1876 Dorus
513 1825 549 1876 sit
565 1823 670 1890 pulsus,
684 1825 757 1876 baud
806 1827 894 1890 psisse
922 1815 957 1875 ἐν
977 1824 1020 1893 τῷ
1044 1825 1165 1894 niveo),
1180 1830 1228 1878 sed
1247 1831 1352 1880 Ροιιὶανι

213 1900 378 1962 compertum
412 1895 553 1948 habemus.
596 1895 756 1960 Histioeotis,
808 1895 900 1946 urbem
920 1895 963 1945 hic
979 1878 1182 1962 intelligendam
1199 1915 1266 1960 esse,
1283 1914 1353 1964 quae

214 1983 266 2032 quo
284 1964 330 2015 ille
348 1965 427 2016 sedes
450 1964 625 2016 transtulisse
647 1965 756 2024 dicitur,
807 1965 942 2030 Dryopidi
961 1969 1063 2030 terrae,
1083 1966 1111 2015 in
1134 1981 1214 2032 qnam
1234 1973 1296 2032 post
1312 1983 1352 2018 se-

214 2037 242 2085 in
266 2035 470 2100 septentrionali
495 2033 656 2086 Thessaliae
679 2039 757 2100 parte
809 2035 1047 2098 cesserintDores,
1066 2037 1197 2102 proxima,
1217 2037 1251 2086 ad
1268 2041 1352 2088 tetra·

216 2110 258 2154 est
277 2107 329 2155 sita
353 2107 388 2156 ad
413 2106 511 2157 Ossam
535 2109 654 2156 montem
674 2111 757 2170 atque
808 2105 881 2170 polin
899 2105 1027 2155 Doricam
1044 2107 1214 2170 pertinuerit.
1234 2107 1302 2170 Sed,
1321 2112 1351 2158 ut

218 2175 368 2240 Olympum.
388 2175 493 2228 Nomen
511 2175 600 2241 ipsum
619 2181 707 2226 utrum
724 2189 756 2224 ex
807 2174 873 2225 illud
890 2178 1006 2237 taceam,
1023 2176 1108 2226 multo
1132 2177 1218 2243 magis
1239 2193 1351 2228 conscu-

218 2243 264 2294 illo
293 2245 417 2296 Euboeae
444 2245 549 2296 insulae
580 2250 685 2306 tractu,
712 2245 757 2294 cui
807 2249 917 2294 taneum
936 2259 995 2294 esse
1013 2261 1061 2310 pro
1080 2245 1152 2296 illius
1171 2248 1231 2297 aevi
1251 2247 1349 2312 indole,

218 2315 287 2364 idem
309 2331 414 2378 nomen,
445 2331 481 2366 an
505 2314 614 2366 aliunde
638 2316 756 2365 inditum
808 2315 835 2364 in
854 2314 990 2364 montibus
1007 2316 1163 2382 coniugium
1183 2319 1351 2382 quaesivisse

216 2383 309 2446 suerit,
332 2386 377 2435 vix
404 2385 514 2438 timeris.
548 2387 642 2451 Neque
669 2385 756 2452 magis
807 2386 907 2447 Dores,
932 2400 965 2436 ex
986 2385 1097 2436 articuli
1123 2387 1268 2438 omissione
1294 2387 1349 2439 tale

214 2455 248 2506 de
270 2454 368 2506 finibus
392 2455 471 2506 huius
496 2457 614 2522 regionis
636 2459 755 2506 constat.
806 2455 871 2572 quid
891 2454 964 2505 ellici
987 2471 1067 2520 posse
1090 2471 1170 2522 nego.
1195 2489 1229 2496 —
1251 2456 1350 2517 Μακε-

213 2525 275 2576 vin.
296 2525 425 2576 Strabon.
442 2527 491 2577 IX.
510 2543 537 2592 p.
561 2526 622 2577 437.
652 2541 674 2577 s.
705 2525 756 2576 668
826 2517 877 2574 νὸν
888 2524 969 2591 vulgo
983 2525 1228 2578 adMacadonicam
1242 2531 1349 2594 gentem

213 2597 244 2647 Δ.
264 2597 296 2646 B.
316 2594 379 2646 coll.
398 2595 482 2647 Beck.
500 2595 519 2647 l.
540 2595 559 2647 l.
579 2613 606 2662 p.
626 2595 678 2647 836
697 2610 755 2660 seq.
806 2594 935 2658 raserunt,
955 2611 1025 2661 quae
1050 2597 1113 2646 inde
1136 2601 1163 2646 et
1186 2599 1247 2663 ipsa
1269 2598 1349 2648 Dori-

213 2671 240 2716 et
251 2666 388 2716 Mannert.
407 2663 426 2716 l.
444 2665 463 2716 l.
481 2665 547 2717 VII.
567 2683 594 2732 p.
610 2665 671 2717 567.
690 2665 756 2716 For·
806 2664 857 2714 bus
879 2665 1050 2716 accensenda
1073 2666 1109 2716 sit
1132 2671 1241 2732 propter
1259 2669 1350 2718 Maee-

212 2737 298 2800 biger.
317 2736 336 2786 l.
352 2735 370 2786 l.
384 2751 411 2801 p.
427 2735 488 2788 883.
506 2737 657 2786 Euboicum
675 2735 755 2785 huius
809 2733 889 2784 dnum
907 2751 930 2787 s.
944 2735 1130 2798 Macedonem,
1140 2737 1186 2802 qui
1205 2737 1348 2788 Deucalio-

212 2806 328 2856 norninis
347 2810 466 2856 tractum
485 2807 585 2856 Noster
598 2819 757 2856 commemo·
809 2804 851 2853 nis
870 2820 953 2870 nepos
972 2805 1056 2856 fuisse
1074 2806 1239 2871 perhibetur.
1267 2806 1350 2857 Plura

212 2881 255 2926 rat
273 2876 352 2938 VIII,
372 2877 414 2929 23.
433 2875 494 2926 coll.
514 2875 576 2937 VII,
596 2877 654 2927 175.
674 2875 758 2925 Thes·
808 2874 891 2925 Beck.
911 2875 929 2926 l.
949 2873 967 2925 l.
993 2877 1016 2928 1.
1042 2891 1105 2942 pag.
1127 2875 1188 2928 826.
1218 2878 1261 2928 Γτ.
1287 2892 1349 2927 cou-

214 2945 299 2996 selica
318 2946 393 3010 regio
411 2950 507 3012 postea
523 2946 628 2996 demum
645 2945 697 2996 hoc
711 2961 758 2994 no·
809 2944 873 2993 ierri
890 2945 965 2996 iubet
985 2945 1075 2996 Stura.
1101 2946 1134 2996 de
1159 2945 1270 2996 dialect.
1292 2947 1349 2996 Ma-

212 3031 272 3066 men
290 3015 431 3081 accepisse
449 3017 570 3078 videtur,
589 3031 649 3067 cum
674 3019 757 3066 antea
807 3013 902 3064 cedon.
922 3031 949 3080 p.
972 3015 1001 3066 ll
1028 3031 1084 3080 seq.
1107 3019 1163 3064 not.
1189 3019 1217 3066 et
1239 3015 1350 3066 Weiske

214 3086 290 3136 lieris
316 3089 390 3136 esset
413 3091 585 3150 nuncupata,
608 3086 756 3150 testeAn-
807 3083 840 3134 de
856 3084 1005 3150 Hyperbol.
1032 3099 1129 3136 errorr.
1151 3085 1178 3134 in
1200 3085 1264 3136 hist.
1288 3084 1350 3136 Phi·

213 3157 295 3206 drone
315 3155 387 3221 apud
406 3156 534 3206 Strabon.
553 3157 586 3206 X.
606 3171 632 3220 p.
651 3157 712 3208 475.
732 3169 755 3206 s.
807 3153 872 3220 lipp.
893 3169 956 3220 pag.
978 3155 1019 3206 19.
1041 3160 1098 3205 not.
1123 3155 1166 3206 40.
1205 3155 1245 3206 Ae
1263 3169 1349 3220 nuper

213 3225 265 3276 729
291 3226 324 3276 Α.
356 3227 398 3278 Or,
430 3225 508 3276 addit
541 3225 654 3276 Charac.
683 3225 755 3292 apud
808 3223 915 3291 quidem
938 3225 969 3276 C.
996 3225 1030 3276 Ο.
1054 3223 1177 3276 Mueller.
1210 3223 1301 3288 (Dorr.
1325 3225 1348 3276 1.

213 3295 343 3361 Stephan.
362 3297 478 3360 Byzant.
499 3311 521 3345 s.
539 3311 566 3347 v.
584 3289 706 3358 Δώριον,
729 3301 756 3346 et
806 3311 832 3359 p.
852 3297 868 3345 2
887 3309 963 3359 seqq.
982 3295 1016 3346 33
1035 3309 1110 3360 seqq.
1135 3301 1175 3345 et:
1198 3295 1289 3346 lleber
1307 3295 1350 3346 die

213 3365 244 3415 (¹.
273 3365 305 3415 0.
334 3364 459 3416 Mueller.
490 3363 581 3430 (Dorr.
607 3364 648 3416 II.
676 3381 701 3430 p.
721 3367 754 3415 27
806 3363 952 3414 Makedon.
976 3379 1040 3428 pag.
1066 3363 1098 3415 37
1122 3381 1196 3430 seqq.
1227 3365 1349 3428 inprimis

212 3433 312 3500 seqq),
331 3436 377 3500 qui
395 3437 497 3500 Tempe
513 3450 619 3501 quoque
638 3435 755 3485 Thessa·
806 3447 868 3497 pag.
888 3434 948 3497 42.)
967 3433 1130 3482 Macedones
1152 3433 1271 3484 Doricae
1289 3434 1351 3482 stir-

210 3503 337 3554 licabuic
349 3506 453 3571 regioni
469 3504 671 3555 adnumeranda
685 3519 754 3567 esse,
806 3503 848 3568 pis
867 3515 927 3552 esse
945 3503 1066 3566 negavit,
1089 3517 1148 3552 cum
1170 3501 1205 3552 ad
1226 3500 1350 3566 Illyriam

212 3591 245 3624 ex
264 3575 349 3640 ipsius
369 3575 502 3625 Herodoti
521 3575 610 3625 verbis
628 3574 756 3625 concludi
806 3570 845 3620 illi
865 3571 1028 3636 pertineant.
1048 3571 1171 3635 Namque
1188 3575 1293 3636 patrem
1311 3569 1350 3620 hi·

211 3659 291 3710 posse
310 3649 398 3764 quiet.
805 3641 907 3690 storiae
930 3655 983 3689 non
1008 3655 1099 3690 veram
1123 3640 1155 3690 de
1178 3639 1221 3690 his
1244 3643 1350 3690 senten-

246 3704 275 3763 ἐκ
295 3711 312 3762 d
344 3712 394 3778 τῆς
407 3704 610 3780 Ἱστιαιώτιδος
634 3703 672 3770 dc
694 3702 754 3774 ἐξα·
805 3711 871 3760 tiam
887 3709 1005 3760 edidisse
1023 3709 1091 3770 vult,
1110 3710 1157 3760 sed
1169 3707 1349 3760 Macedonum

211 3783 295 3848 νὲοτη
319 3774 378 3834 ὑπὸ
397 3781 559 3848 Καδμείων]
584 3783 645 3834 Ηοο
668 3783 702 3833 de
725 3797 755 3831 re
804 3781 1001 3841 narrationem,
1021 3794 1135 3845 quorum
1152 3795 1217 3830 saue
1236 3779 1350 3831 multum

211 3853 276 3903 mihi
303 3869 357 3904 non
390 3853 457 3904 satis
490 3853 590 3918 liquet3
620 3852 754 3918 proferam
805 3850 960 3901 interfuerit
981 3849 1091 3900 Graecis
1115 3849 1241 3916 gentibus
1266 3849 1349 3903 adnu-

209 3928 312 3988 tamen,
326 3939 404 3989 quae,
425 3927 550 3974 monente
570 3925 624 3986 Cn,
640 3923 675 3972 ad
689 3921 717 3972 h.
735 3921 753 3973 l.
806 3921 912 3971 merari.
933 3919 1009 3981 Quae
1027 3925 1160 3986 quatenus
1178 3935 1239 3972 oum
1261 3923 1349 3972 Hero·

209 3993 363 4058 disputavit
381 3993 411 4044 C.
426 3993 460 4045 0.
475 3993 596 4044 Mueller.
614 3991 641 4041 in
654 3991 755 4042 Orcho·
805 3991 863 4041 doti
881 3989 971 4041 verbis
990 3989 1130 4042 conciliari
1147 3996 1257 4058 queant,
1275 3993 1348 4058 equi-

209 4079 281 4114 man.
301 4065 325 4114 1.
344 4080 370 4128 p.
392 4063 443 4114 233
462 4077 518 4128 seq.
538 4065 605 4113 Dor.
628 4061 651 4111 I.
671 4077 700 4128 p.
720 4061 754 4112 32
806 4059 865 4111 dem
883 4077 937 4110 non
961 4066 1095 4126 exputem.
1131 4062 1170 4112 Ac
1197 4063 1255 4112 iure
1284 4063 1348 4114 inde

208 4149 285 4200 seqq.
305 4135 347 4183 De
366 4132 499 4200 Epigonis
516 4133 559 4183 hic
579 4131 754 4197 cogitandum
805 4129 936 4181 Muellero
954 4131 1115 4182 adversatus
1132 4137 1183 4194 est,
1199 4131 1245 4197 qui
1263 4147 1347 4198 nuper

208 4219 270 4254 esse
288 4207 395 4264 censet,
414 4217 527 4268 quornm
546 4216 628 4267 opera
646 4201 754 4252 Thebas
806 4201 960 4252 accuratius
977 4201 1004 4250 in
1024 4201 1203 4253 Macedonum
1221 4217 1264 4252 rea
1284 4207 1349 4252 ante

208 4277 305 4338 captas
332 4273 418 4322 inisse
440 4273 578 4408 novimqqq
609 4271 680 4321 unde
703 4269 755 4321 eie-
805 4271 957 4338 Philippum
980 4287 1070 4338 regern
1091 4270 1242 4338 inquisivit,
1263 4271 1346 4320 Abel:

207 4349 270 4394 ctos
294 4342 430 4392 Cadmeos
454 4341 536 4392 oonln
567 4355 611 4391 sse
632 4340 666 4390 ad
691 4339 754 4405 Illy·
805 4339 984 4392 Macedouien
1020 4357 1069 4392 vor
1103 4343 1194 4404 Kiinig
1228 4339 1346 4403 Philipp.

207 4415 281 4466 ricos
300 4411 464 4474 Encheleoa,
483 4427 569 4478 eoque
585 4412 645 4478 ipso
665 4411 691 4462 iu
710 4411 754 4461 iti·
806 4411 880 4479 Lips.
906 4411 987 4476 1847,
1011 4411 1059 4462 uhi
1086 4410 1149 4462 vide
1176 4407 1348 4478 potissimum
