3008 4924
506 263 751 326 EUTERPE.
773 265 816 324 H.
842 273 901 327 158.
1207 257 1268 320 795

98 441 281 514 181κόλσον
294 438 354 511 τὸν
373 437 538 530 Ἀράβιον.
566 443 607 531 τῇ
621 438 659 510 δὲ
673 436 846 526 ἐλάχιστόν
861 439 929 508 ἐστι
944 437 1000 506 καὶ
1013 432 1270 524 συντομώτατον

140 550 176 616 ἐκ
198 551 255 634 τῆς
268 551 408 634 βορηίης
434 542 606 632 θαλάσσης
624 537 815 632 ὑπερβῆναι
834 543 867 621 ἐς
887 539 950 632 τὴν
967 551 1084 629 νοτίην
1101 540 1157 608 καὶ
1172 533 1267 634 Ἐρυ-

139 647 231 740 dorio
244 646 307 736 τὴν
323 645 432 738 αὐτὴν
445 647 572 737 ταύτην
585 647 809 736 καλεομένην,
833 641 898 714 ἀπὸ
919 649 980 714 τοῦ
1000 651 1132 715 Κασίου
1151 637 1269 732 οὔρεος

138 759 200 822 τοῦ
212 749 401 841 οὐρίζοντος
415 752 592 840 Αἴγυπτόν
605 778 641 821 τε
655 752 711 820 καὶ
725 756 876 838 Συρίην,
896 745 962 819 αὐτὸ
974 749 1096 819 τούτου
1111 748 1175 818 stol
1188 745 1266 816 στοί-

65 929 70 940 ,
127 863 205 927 ·οιοι
221 863 319 944 χίλιοι
336 853 481 943 [inauri]
497 858 529 937 ἐς
542 852 767 946 τόνἉραβιον
781 852 917 923 κόλτιον.
944 857 1043 922 τοῦτο
1058 851 1120 941 μὲν
1132 847 1170 920 τὸ
1184 870 1266 920 σνν-

138 960 347 1050 τομοίτατον,
369 955 389 1048 ἡ
409 960 448 1029 δὲ
470 963 595 1050 dissoni
616 964 729 1052 τιολλῷ
751 960 957 1048 μακροτέρη,
978 952 1045 1048 ὅσῳ
1065 957 1268 1044 σκολιωτέρη

139 1067 224 1151 ἐστὶ,
238 1061 300 1154 τὴν
316 1065 370 1133 ἐπὶ
385 1060 486 1134 Νεκιό
500 1066 653 1154 βασιλέος
669 1060 868 1154 ὀρύσσοντες
882 1067 1080 1148 Αίγυτιτίων
1094 1055 1268 1128 ἀπόλοιντο

173 1263 209 1332 τῇ
227 1259 258 1315 dl
274 1254 419 1330 ἐλάχιστόν
440 1256 509 1333 ἔστι]
524 1265 613 1333 Vulgo
632 1257 678 1350 οη,
730 1271 812 1332 utque
830 1263 1001 1326 Herodotus,
1024 1263 1070 1328 qui
1093 1261 1191 1312 erroris
1209 1277 1269 1312 eam

139 1337 215 1388 euius
232 1335 293 1387 loeo
312 1351 371 1386 eum
388 1341 502 1388 reeentt.
518 1338 627 1403 reposui
636 1334 676 1388 de.
730 1337 764 1388 ob
783 1351 894 1386 eausam
911 1331 1096 1394 insimulatur,
1121 1330 1193 1396 quod
1209 1331 1268 1382 bre-

137 1407 292 1470 —Bmeule
305 1421 378 1457 mere
391 1413 434 1458 est
444 1405 678 1470 mediterraneum,
730 1407 870 1456 vissimum
894 1404 1010 1470 spatium
1029 1402 1198 1452 indicaturus
1220 1401 1268 1451 mi-

138 1478 183 1528 eui
205 1475 276 1542 quod
299 1471 445 1542 oriponitur
472 1478 572 1528 morsm
600 1493 677 1536 more,
728 1491 779 1527 nus
802 1479 876 1526 reete
894 1473 1002 1525 Casium
1020 1476 1138 1523 montem
1161 1471 1268 1534 dixerit,

138 1547 208 1597 idem
228 1546 310 1596 etiam
327 1547 426 1597 dieitur
436 1551 559 1599 australe.
595 1547 676 1598 Cerri.
729 1562 789 1596 eum
827 1544 966 1596 Pelusium
1006 1542 1101 1594 afferre
1135 1541 1268 1604 debuerit,

138 1615 240 1668 Herod.
260 1616 298 1677 11,
317 1615 376 1668 150.
396 1617 444 1676 IV,
463 1617 497 1668 52
511 1623 538 1668 et
551 1619 677 1682 Breiger:
728 1615 799 1666 unde
816 1615 868 1665 hoe
892 1615 1009 1679 spatium
1031 1612 1132 1663 rectius
1155 1611 1270 1662 dimensi

140 1685 319 1736 commentat.
339 1685 373 1735 de
391 1685 505 1737 difficili.
518 1687 677 1753 quibusdam
729 1687 784 1735 sint
802 1689 829 1735 et
845 1684 950 1735 Plinius
973 1688 1001 1734 et
1023 1683 1132 1734 Strabo.
1170 1683 1268 1743 Quem·

138 1756 220 1806 Asiae
238 1759 290 1804 ete.
308 1771 371 1820 pag.
389 1757 420 1806 14
435 1755 497 1809 eoll.
511 1773 574 1821 pag.
591 1757 618 1809 0.
636 1758 678 1807 De
729 1770 824 1820 quam,
842 1759 873 1804 nt
892 1771 925 1806 ex
944 1752 1038 1804 tabula
1054 1767 1116 1818 pag.
1130 1751 1176 1803 181
1196 1753 1268 1803 adie-

140 1826 214 1874 Cusio
232 1829 322 1874 monte
338 1823 392 1875 vid.
418 1829 474 1878 not.
496 1826 531 1877 ud
549 1827 586 1888 11,
606 1826 632 1888 0,
652 1831 678 1876 et
729 1829 775 1876 ets
786 1823 960 1890 intelligitur,
980 1823 1023 1874 vel
1034 1823 1074 1872 sio
1087 1827 1208 1874 veterum
1220 1837 1269 1872 nu-

140 1895 173 1945 de
202 1893 296 1961 Syrr’ue
321 1896 429 1945 nomine
459 1895 541 1947 letius
568 1899 678 1962 petente
729 1896 809 1957 meri,
828 1895 926 1961 quippe
943 1893 1101 1956 inferiores,
1119 1909 1172 1944 non
1195 1909 1268 1958 pror-

139 1969 196 2015 not.
216 1963 251 2013 ed
269 1964 305 2021 11,
327 1963 374 2016 110
390 1964 436 2016 fin.
729 1981 775 2015 sus
788 1966 933 2016 convenire
945 1979 1005 2014 eum
1015 1968 1144 2014 accurata
1158 1969 1269 2014 nostrae

172 2025 231 2082 ἀπὸ
249 2030 353 2082 τούτου
371 2029 426 2084 elui
448 2026 557 2084 στάδιοι
581 2031 677 2098 χίλιοι]
729 2036 828 2086 eetetis
856 2035 1023 2086 dimensione
1051 2034 1123 2084 idem
1152 2034 1194 2084 vir
1222 2034 1268 2085 do·

138 2105 233 2154 Monet
254 2103 540 2170 Schweighaeuserus‚
571 2103 677 2156 Gallum
727 2111 787 2156 etus
805 2109 906 2156 monet.

139 2173 247 2224 doctum
262 2173 306 2224 Du
331 2173 504 2240 Bois-syme
526 2173 565 2238 (in
584 2189 677 2239 opere:
762 2165 867 2237 ἀπαρτὶ
884 2165 912 2232 ἐς
929 2166 979 2223 τὸν
999 2163 1127 2240 Ἀράβιον
1144 2164 1266 2238 πόλτον]

139 2244 274 2308 Descript.
289 2243 321 2293 de
338 2243 459 2310 l’Egypt.
473 2232 515 2296 31.
529 2245 600 2295 mod.
614 2249 635 2296 t.
653 2245 676 2294 1.
727 2235 871 2306 ἀπαρτὶ,
895 2243 966 2310 quod
985 2243 1019 2294 sb
1038 2243 1161 2294 omnibus
1181 2243 1268 2294 Hero·

139 2329 202 2380 pag.
222 2312 271 2364 188
289 2316 376 2380 seqq.)
399 2315 557 2366 distantiam
576 2315 679 2366 huuoee
728 2315 786 2365 doti
798 2315 875 2366 libris
889 2314 998 2380 seriptis
1011 2313 1101 2376 abest,
1121 2314 1267 2379 nuperrimi

140 2387 266 2434 accurate
284 2383 447 2448 dimensum,
470 2385 607 2436 indicasse
626 2401 679 2436 me·
728 2385 844 2437 editores
860 2387 1030 2436 inseruerunt
1050 2385 1268 2449 egrummntieo·

139 2455 323 2506 treFreneiee
332 2453 453 2515 100,000,
464 2456 490 2506 id
504 2459 545 2507 est
556 2459 679 2506 trecenta
728 2473 785 2506 rum
805 2457 967 2507 Graecorum
980 2454 1061 2518 loeis,
1083 2455 1128 2518 qui
1143 2454 1267 2505 voculam

139 2525 195 2574 lere
223 2525 321 2588 pedum
348 2524 446 2588 millia;
477 2541 546 2591 quse
571 2525 678 2592 quidem
729 2527 779 2577 hoo
798 2526 901 2591 ipsoex
918 2523 1267 2587 loeoeitant(Soliol.Ari-

139 2599 235 2644 ennete
254 2595 399 2646 convenire
417 2612 478 2646 eum
496 2596 568 2646 mille
582 2597 678 2647 stadiis
729 2597 819 2661 stoplr.
832 2595 904 2646 Plut.
918 2595 980 2648 388.
999 2595 1076 2647 Suid.
1093 2599 1120 2646 et
1132 2595 1198 2646 Lex.
1217 2595 1264 2646 Se-

138 2664 315 2728 Herodoteie,
338 2665 418 2716 modo
435 2681 489 2716 uon
510 2666 606 2717 maiori
624 2671 679 2716 stu·
728 2668 814 2732 guier.
826 2681 889 2732 pag.
905 2665 967 2726 418)
977 2671 1168 2731 exponuutque
1176 2656 1267 2730 ἀπηρ-

140 2733 185 2784 dio
207 2739 394 2786 sexcentorum
422 2735 535 2801 pedum,
562 2735 611 2786 sed
631 2737 679 2786 mi·
726 2733 870 2797 τισμίνως,
890 2726 1021 2800 ἀκριβῶς.
1051 2733 1266 2785 PluruLobeelr.

139 2803 212 2864 nori,
239 2804 347 2853 nonnisi
370 2803 422 2855 300
442 2805 498 2855 iere
516 2805 597 2870 pedes
616 2821 679 2855 oon·
728 2805 763 2856 ed
779 2805 924 2869 Phrynieh.
944 2821 970 2869 p.
989 2803 1031 2855 20.
1068 2804 1187 2854 Eteoni.
1203 2819 1267 2868 quo-

138 2873 242 2922 tinente
251 2873 420 2923 Herodotum
431 2889 508 2924 usum
527 2890 587 2925 esse
606 2873 679 2924 dixe·
728 2891 781 2938 que
799 2874 971 2948 Bsoflnaun:
990 2871 1109 2924 Aunedd.
1127 2874 1173 2924 Gr.
1193 2873 1217 2923 1.
1236 2887 1263 2936 p.

138 2941 185 2991 ris.
222 2941 275 3003 Qui
298 2941 404 3006 quidem
429 2943 487 3006 ipse
512 2959 572 2994 enm
595 2943 677 3008 paulo
728 2944 787 3005 114,
814 2943 918 2998 :la-M.
948 2942 1070 2994 Schmidt
1096 2941 1131 2992 ed
1158 2942 1267 3006 Didymi

139 3017 203 3060 ente
220 3010 259 3072 11,
280 3009 331 3061 140
348 3009 409 3062 coll.
428 3011 477 3072 IV,
495 3013 524 3062 41
539 3017 679 3064 sescento·
728 3015 853 3076 lragmm.
875 3029 902 3078 p.
921 3011 982 3064 413.
1020 3011 1151 3076 Equidem
1175 3015 1268 3062 tamen

139 3095 197 3130 rum
215 3079 313 3144 pedum
327 3081 417 3130 stadia
435 3080 607 3142 indicaverit,
624 3083 677 3146 hie,
728 3083 805 3134 uneis
822 3081 960 3133 includere
972 3081 1068 3143 malui,
1087 3097 1140 3131 non
1159 3081 1268 3146 quidem

139 3148 278 3200 Gallorum
285 3149 426 3200 doctorum
437 3151 548 3214 iudicio,
561 3151 604 3203 vel
612 3167 678 3202 suso
726 3157 757 3202 ut
775 3153 893 3216 spuriam
910 3151 1046 3212 voculam,
1066 3151 1114 3201 sed
1126 3155 1157 3201 nt
1171 3150 1268 3217 deque

138 3219 224 3284 ipsius
242 3219 357 3270 rationis
380 3219 481 3271 oblitus
505 3237 565 3272 esse
589 3223 678 3272 dicen·
727 3221 844 3273 nondum
876 3221 978 3287 liquido
1007 3225 1125 3282 constet,
1155 3237 1214 3272 eum
1239 3221 1267 3272 in

140 3289 189 3339 dus
212 3289 277 3352 erit,
301 3288 344 3340 vel
368 3305 416 3353 pro
439 3291 545 3342 ratione
568 3292 677 3342 maioris
729 3291 853 3344 omnibns
876 3291 954 3342 libris
973 3292 1082 3356 seriptis
1100 3290 1179 3341 desit.
1216 3293 1267 3342 Est

139 3357 283 3410 minorisve
303 3358 386 3410 studii
402 3359 483 3410 etiem
502 3361 611 3426 orgyias
623 3377 679 3412 ma·
729 3363 855 3419 fortusse,
878 3362 924 3428 qui
942 3359 993 3412 hoe
1011 3377 1044 3414 ex
1056 3359 1117 3412 loeo
1133 3360 1266 3426 duplicem

138 3427 209 3479 iores
219 3428 264 3480 vel
276 3429 393 3479 minores
407 3431 575 3482 aestimasse.
602 3433 679 3494 Ques
727 3431 975 3482 textusllerodotei
988 3431 1171 3483 recensionem
1183 3431 1267 3480 luisse

138 3513 201 3547 num
209 3497 243 3548 ad
250 3498 417 3550 Herodotum
428 3499 615 3566 explicandum
623 3502 678 3552 sui·
728 3505 847 3562 statuat3
873 3501 994 3568 equidem
1012 3501 1064 3551 hoo
1083 3500 1162 3551 modo
1180 3501 1266 3552 teneri

139 3567 245 3631 finiant,
263 3569 382 3619 viderint
395 3569 456 3631 alii3
475 3570 606 3636 equidem,
621 3571 676 3636 qni,
727 3572 821 3632 velim,
840 3577 974 3636 quotquot
994 3571 1072 3622 nobis
1091 3572 1192 3621 servati
1212 3571 1267 3620 sint

139 3653 220 3702 quem
244 3638 349 3689 incerte
376 3639 443 3690 telin
473 3641 581 3691 omnino
613 3642 676 3702 sint,
727 3642 822 3706 scripti
838 3641 901 3692 libri
920 3639 1084 3704 Herodotei‚
1103 3656 1149 3691 eos
1167 3655 1267 3692 exnuu

138 3707 247 3772 saepius
266 3713 392 3771 expertus
416 3725 487 3772 sum,
510 3709 592 3760 nolim
614 3710 678 3775 quid
728 3711 818 3777 potins
829 3711 933 3760 semilis
947 3710 1073 3761 oriundos
1084 3709 1180 3772 videri,
1194 3709 1267 3760 heud

138 3781 268 3829 statuere.
288 3779 330 3828 'l'u
346 3778 400 3829 vid.
414 3777 676 3846 RonidreDesoript.
727 3781 784 3832 seio
800 3796 836 3831 un
854 3780 1046 3832 Alexandrina.
1081 3779 1158 3831 Alius
1173 3780 1268 3844 utique

139 3847 172 3896 de
189 3847 336 3912 l'Egypt.l
353 3845 490 3914 (Antiqq.)
508 3864 535 3914 p.
557 3849 604 3899 140
620 3865 677 3916 seq.
728 3849 848 3901 familiae
864 3849 949 3900 libros
971 3849 1147 3902 Grammatiei
1169 3849 1208 3900 illi
1226 3850 1267 3899 in-

139 3918 282 3968 Treutavit
308 3917 375 3967 haee
407 3933 512 3984 quoque
542 3919 677 3970 Letronne
728 3921 848 3985 aperisse
866 3919 1007 3980 videntur,
1026 3935 1058 3970 ex
1078 3919 1268 3985 quibuavoon·

138 3987 299 4052 (Frsgmens
318 3987 439 4038 d'Heron
462 3992 515 4041 etc.
539 4003 601 4054 pag.
627 3990 676 4040 172
726 3989 780 4039 lam
797 3989 826 4039 in
843 3988 944 4039 nostris
961 3987 1038 4040 libris
1056 3989 1182 4041 emissem
1202 3991 1268 4040 eite-

139 4056 237 4122 seqq),
249 4056 363 4107 aliorum
381 4058 542 4122 scriptorum
556 4058 678 4108 testimo·
728 4062 806 4121 runt,
832 4073 912 4124 quem
933 4057 985 4108 hoe
1006 4057 1067 4109 ioco
1089 4060 1171 4110 inseri
1193 4061 1268 4111 iubet

138 4125 184 4174 nia
203 4125 237 4175 de
259 4126 311 4176 heo
333 4141 362 4176 re
388 4126 515 4190 efferens,
542 4143 557 4178 e
580 4127 678 4192 quibus
728 4127 962 4194 quoqueBredor.
979 4143 1042 4194 pag,
1057 4129 1102 4181 83.
1137 4129 1216 4181 Unde
1228 4145 1267 4180 re-

137 4191 241 4243 Plinius
261 4193 307 4258 (Η.
324 4195 359 4246 N.
376 4196 410 4258 V,
429 4196 472 4260 12)
487 4201 569 4262 atque
579 4197 677 4248 Strabo
728 4201 813 4249 eentt.
832 4197 893 4249 edd.
912 4213 1003 4249 omnes
1027 4203 1200 4265 receperunt,
1224 4198 1268 4250 vel

140 4260 242 4324 (XVII.
261 4279 325 4328 pag.
346 4264 397 4317 803
417 4279 440 4315 s.
466 4265 544 4330 1155)
564 4265 678 4316 eundem
727 4267 842 4318 sublatis
858 4267 944 4317 unois.

139 4329 211 4382 suillo
231 4332 380 4386 stadiorum
408 4349 547 4386 numerum
574 4339 679 4402 ponunt
764 4327 1055 4404 inlustrissimum]
1068 4329 1268 4403 βασιλέοςτοιὶ-
