2980 4932
220 272 261 336 36
599 349 603 360 Ι
656 259 927 326 HERODOTI

220 443 295 518 ἀλλ’
308 441 411 514 οὐδὲν
423 441 488 533 γὰρ
502 442 586 532 μέγα
602 443 701 528 ἔργον
714 432 767 506 ἀπ’
780 432 885 506 αὐτοῦ
897 431 979 506 ἄλλο
990 435 1123 524 ἐγένετο
1133 435 1358 524 βασιλεύσαν-

221 579 276 632 τος
297 554 392 620 δυῶν
415 549 535 617 δέοντα
555 542 798 632 τεσσεράκοντα
817 545 909 626 ἔτεα,
935 543 1056 609 τοῦτον
1076 539 1139 628 μὲν
1165 537 1360 630 παρήσομεν

177 659 366 728 15τοσαῦτα
386 649 657 740 ἐπιμνησθέντες.
693 642 838 736 ’Ἁρδυος
859 642 896 712 δὲ
916 649 976 714 τοῦ
997 642 1116 730 Γύγεω
1137 642 1219 732 μετὰ
1244 642 1361 730 Γύγην

222 755 482 848 βασιλεύσαντος
500 752 635 844 μνήμην
659 748 849 838 ποιήσομαι.
879 738 976 828 οὗτος
991 747 1029 818 δὲ
1045 750 1212 838 Πριηνέας
1235 774 1271 816 τε
1291 741 1361 816 εἷλε

223 865 257 942 ἐς
278 859 434 949 Μίλητόν
460 886 497 928 τε
517 860 664 945 ἐσέβαλε.
703 854 757 924 ἐπὶ
776 850 897 922 τούτου
918 879 954 922 τε
979 851 1244 941 τυραννεύοντος
1266 859 1359 941 Σαρ-
1447 925 1456 944 Ι

258 1051 318 1110 ἀλλ’
339 1051 425 1111 οὐδὲν
449 1053 503 1124 γὰρ
520 1056 590 1124 μέγα
610 1051 694 1122 ἔργον
712 1044 764 1105 ἀπ’

224 1122 314 1182 αὐτοῦ
347 1121 415 1180 ἄλλο
450 1123 570 1194 ἐγένετο]
604 1127 765 1179 Schaelerus

223 1201 295 1252 buno
311 1201 401 1252 locum
416 1199 531 1252 laudans
551 1200 579 1250 in
590 1198 695 1248 Melett.
715 1196 767 1246 eri-

222 1271 285 1322 ticc.
308 1287 335 1336 p.
362 1272 396 1322 75
418 1270 473 1337 legi
495 1269 556 1319 vult
578 1259 635 1318 ὑπ’
660 1257 765 1325 αὐτοῦς

221 1341 316 1392 invitis
335 1340 458 1392 omnibus
476 1340 566 1400 libris,
587 1352 701 1404 quorum
718 1350 767 1385 au·

222 1411 378 1462 ctoritatsm
390 1411 458 1462 satis
470 1414 563 1459 tuetur
571 1423 636 1457 usus
649 1407 766 1470 linguae,

223 1495 284 1530 cum
302 1479 374 1530 baud
389 1495 452 1528 raro
469 1479 509 1541 id,
531 1477 603 1543 quod
614 1475 721 1526 omnino
733 1489 766 1524 ex

223 1549 315 1666 ο11ρυο
333 1549 486 1613 proiectum
499 1552 549 1609 est,
565 1545 767 1611 praepositione

223 1609 264 1668 ἆπ
304 1617 455 1680 indicetur,
474 1623 505 1668 ut
528 1617 571 1678 11,
590 1618 623 1667 54
645 1615 692 1665 ubi
710 1612 765 1664 vid.

224 1692 295 1738 uott.
313 1688 354 1738 Ao
370 1689 502 1752 probatur
525 1687 609 1737 etiam
630 1685 683 1736 iste
701 1699 767 1734 usus

223 1757 380 1808 Pausaniae
396 1757 558 1820 imitatione,
578 1756 612 1807 de
630 1771 684 1820 qua
699 1755 768 1804 dixit

223 1826 348 1878 Siebelis.
368 1827 403 1878 ad
420 1827 443 1890 1,
464 1829 489 1878 7.
509 1829 535 1892 §-
553 1827 578 1878 3.
613 1825 711 1876 Melius
730 1823 768 1874 di-

145 1903 148 1909 '
224 1897 371 1948 stinctione
406 1897 467 1948 Ιοοο
500 1902 594 1947 nostro
629 1895 770 1961 prospexit

225 1965 402 2030 Ecbaelerus,
438 1983 499 2018 cum
529 1971 630 2032 puncto
663 1964 768 2026 maiori,

224 2036 297 2100 quod
316 2041 380 2086 ante
402 2035 508 2086 τοῦτον
530 2031 583 2101 μὲν
604 2029 770 2100 παρήσομεν

224 2105 307 2170 vulgo
325 2105 530 2168 inveniebatur,
554 2105 662 2156 sublato
686 2105 769 2154 mino-

225 2189 282 2226 rem
323 2175 368 2226 bic
407 2174 610 2226 distinctionem
645 2177 768 2239 poneret.

225 2244 316 2305 Quare
334 2245 422 2294 secuti
447 2260 507 2296 eum
532 2259 624 2295 sumus
648 2259 708 2296 cum
729 2258 769 2292 re-

225 2317 310 2362 eentt.
342 2313 421 2364 editt.
453 2343 481 2356 -
509 2304 578 2362 ἀλλὰ
607 2305 659 2377 γὰρ
688 2312 770 2362 simili

226 2381 307 2435 modo
329 2382 429 2434 Noster
457 2383 526 2434 dixit
552 2382 596 2444 11,
624 2382 683 2436 110.
710 2382 770 2434 139.

227 2451 261 2512 V,
279 2451 306 2504 3.
325 2452 373 2514 IX,
393 2451 565 2506 27.93.109.
585 2449 665 2504 Cous.
684 2452 771 2502 Elma-

227 2519 272 2585 ley
290 2521 326 2572 ad
349 2522 472 2586 Euripid.
494 2521 633 2574 Heraclid.
656 2521 717 2574 480.
737 2547 771 2558 -

228 2590 308 2652 Quod
323 2591 359 2642 ad
377 2607 433 2645 rem
457 2592 572 2654 attinet,
596 2589 696 2642 bellum
719 2592 771 2642 uti-

228 2675 280 2724 que
305 2660 390 2724 Gygis
417 2676 478 2713 cum
498 2661 648 2726 Magnesiis
673 2675 772 2711 memo·

228 2733 305 2780 ratur
322 2729 437 2780 Nicolao
453 2732 626 2782 Damascene
645 2729 684 2796 (p.
707 2729 770 2795 453)

228 2813 256 2862 p.
271 2799 314 2852 el.
328 2800 371 2850 02.
390 2799 474 2852 Orell.
491 2801 642 2866 (Eragmm.
656 2801 769 2852 Graeco.

228 2865 293 2918 hist.
306 2867 358 2920 111.
371 2885 398 2934 p.
410 2869 461 2922 395
478 2871 521 2922 ed.
539 2868 684 2936 Mueller),
698 2871 772 2935 quie

220 2936 337 2994 ¹Xantho
360 2939 538 3004 probabiliter
560 2955 610 2990 sua
632 2939 772 3002 desumsit,

227 3012 354 3060 mouente
372 3007 506 3060 Creuzero
530 3010 559 3060 111
576 3010 715 3075 Fragmm.
733 3010 773 3058 hi-

228 3080 309 3129 storr.
326 3093 354 3142 p.
371 3079 433 3130 202.
459 3080 517 3130 Nec
536 3078 683 3144 quidquam
701 3079 774 3144 apud

227 3145 396 3198 Herodotum
415 3147 448 3198 de
466 3147 592 3199 fabulosa
613 3163 705 3215 pugna
720 3149 774 3215 Ly-

229 3213 401 3340 dommlggm
418 3218 612 3270 Amazonibus.
644 3219 687 3271 Cf.
706 3219 772 3270 ibid.

229 3287 303 3348 etp.
375 3321 382 3336 .

264 3383 356 3437 δυοῖν
369 3382 472 3438 δέοντα
484 3381 689 3455 τεσσεράκοντα
701 3386 772 3458 ἔτεα]

229 3449 308 3506 δυοῖν
327 3457 421 3508 Ionum
440 3474 472 3509 ex
491 3459 618 3524 dialecto,
636 3467 667 3512 ut
683 3463 707 3525 Ι,
727 3463 771 3513 94.

230 3523 291 3579 130.
309 3527 361 3593 ΠΙ,
382 3527 441 3582 131.
460 3529 507 3592 IV,
528 3531 552 3581 1.
572 3529 615 3582 89.
634 3531 678 3583 90.
709 3531 772 3581 Vid.

226 3595 345 3648 Bredov.
373 3614 400 3662 p.
429 3599 481 3650 279
509 3613 566 3664 seq.
602 3601 675 3652 Hine
703 3601 774 3651 male

229 3664 328 3716 Suidas
347 3667 375 3718 b.
393 3667 412 3717 l.
435 3669 523 3718 citans
543 3673 570 3718 et
588 3669 727 3720 Sanerolti
742 3671 773 3720 11-

227 3733 276 3783 ber
301 3735 440 3802 vulgarem
461 3735 506 3787 hic
529 3738 699 3788 substituunt
721 3741 773 3790 ior-

228 3817 299 3852 mem
329 3801 422 3854 δυοῖν.
462 3807 504 3856 De
532 3807 593 3872 ipsa
622 3813 773 3874 temporum

157 3901 165 3914 .
228 3871 334 3924 ratione
346 3873 403 3926 vid.
418 3889 500 3942 supra
512 3881 582 3928 nott.
596 3877 630 3928 ad
643 3879 666 3942 1,
683 3880 712 3930 12
725 3878 771 3928 fin.

424 4065 491 4116 Car.
510 4065 570 4116 XV.

256 4167 373 4244 Ἀρδυος
392 4177 424 4232 δὲ
445 4180 497 4232 τοῦ
517 4174 616 4246 Γύγεω
641 4215 676 4224 -
694 4183 771 4250 βασι-

226 4241 380 4306 λεύσαντος
395 4265 420 4300 α.
439 4267 462 4300 τ.
482 4249 519 4314 7.]
533 4251 575 4302 sd
587 4251 657 4304 bunc
669 4255 770 4319 Ardyn,

227 4317 312 4381 Gygis
330 4318 430 4380 fllium,
448 4323 531 4382 atque
548 4320 610 4372 inde
629 4323 772 4380 Ecbatana

818 1053 853 1104 ad
863 1053 1033 1115 Pbraortem,
1047 1052 1187 1104 Medorum
1205 1067 1305 1118 regem,
1322 1052 1362 1100 ire

817 1123 959 1190 cogitabat
977 1123 1171 1186 Aristomenes,
1191 1138 1273 1188 quum
1290 1121 1362 1172 Mes-

818 1194 927 1246 seniaco
945 1191 1016 1244 bello
1038 1192 1124 1244 altero
1143 1193 1219 1243 linito
1237 1191 1363 1244 Rhodum

818 1279 848 1314 se
865 1264 1007 1327 reciperet,
1020 1263 1173 1329 Damageto
1187 1262 1293 1328 Jalysei
1304 1262 1363 1326 regi

818 1333 901 1383 filiam
924 1333 1090 1383 adducturus
1119 1333 1271 1398 coniugem.
1308 1331 1362 1382 Sed

818 1409 904 1452 morte
917 1418 1062 1468 oppressus
1074 1404 1186 1469 exsequi
1197 1419 1251 1452 non
1262 1402 1361 1467 potuit.

816 1472 879 1524 Vid.
899 1475 1018 1523 Pausan.
1038 1474 1086 1536 IV,
1109 1477 1152 1536 24,
1176 1474 1201 1524 l.
1228 1474 1363 1538 Tempora

816 1543 878 1608 ipsa
905 1544 1083 1593 conveniunt:
1118 1557 1235 1607 namque
1262 1541 1363 1592 bellum

818 1614 1018 1664 Messeniacum
1046 1613 1152 1664 finitum
1180 1617 1224 1663 est
1253 1611 1361 1676 Olymp.

817 1683 974 1746 XXVIII,1
995 1699 1017 1734 s.
1030 1683 1082 1735 008
1093 1699 1119 1736 a.
1132 1683 1196 1734 Chr.
1215 1699 1243 1734 n.
1274 1682 1362 1746 Ardye

819 1759 911 1804 autem
931 1755 985 1804 iam
1003 1754 1096 1805 decem
1113 1759 1176 1804 ante
1195 1753 1274 1804 annis
1291 1752 1364 1816 patri

819 1825 848 1872 in
867 1839 950 1888 regno
970 1828 1140 1874 successerat
1157 1823 1248 1888 idque,
1265 1827 1297 1872 ut
1311 1823 1365 1871 No·

820 1897 878 1942 ster
893 1909 953 1957 cap.
967 1893 998 1944 10
1015 1895 1108 1956 tradit,
1123 1909 1171 1959 per
1183 1891 1366 1958 quadraginta

821 1979 920 2014 novem
938 1978 1025 2013 annos
1043 1965 1141 2014 tenuit.
1166 1965 1232 2028 Ipsa
1249 1961 1365 2027 Lydiae-

819 2048 879 2084 rum
895 2048 989 2098 regum
1016 2035 1100 2084 series
1123 2033 1195 2100 apud
1217 2031 1366 2083 Eusebium

822 2100 869 2168 (cl.
886 2119 914 2167 p.
934 2103 967 2152 27
990 2103 1033 2155 ed.
1054 2104 1126 2170 Aug.
1146 2103 1214 2169 Mai)
1234 2117 1296 2152 cum
1313 2103 1366 2152 He·

820 2172 941 2224 rodoteis
959 2172 1000 2222 sic
1019 2175 1087 2224 satis
1108 2173 1248 2238 congruit3
1274 2173 1302 2220 in
1321 2171 1367 2222 Ni·

821 2242 892 2294 eolai
918 2243 1083 2294 Damasceni
1113 2243 1257 2308 Excerptis
1282 2257 1368 2306 nuper

822 2312 907 2364 erutis
925 2311 1006 2376 plano
1023 2314 1079 2363 alia
1094 2329 1127 2362 ex
1145 2318 1223 2378 parte
1242 2311 1296 2378 legi
1314 2312 1367 2360 iam

822 2398 905 2448 supra
926 2381 962 2432 ad
987 2383 1010 2446 1,
1034 2384 1051 2435 8
1074 2382 1141 2434 dixi.
1176 2381 1286 2434 Etenim
1305 2387 1368 2431 ante

821 2453 926 2517 Gygam
944 2453 1055 2516 ponitur
1070 2451 1218 2519 Sadpaltes,
1231 2453 1277 2518 qui
1296 2450 1368 2516 apud

820 2521 991 2574 Herodotum
1002 2522 1097 2588 Ardyn
1107 2523 1209 2587 excipit
1221 2523 1293 2586 (cap.
1310 2521 1367 2586 10);

822 2596 887 2642 anto
909 2591 982 2641 hunc
1005 2609 1054 2643 rex
1079 2593 1207 2644 laudatur
1232 2593 1369 2656 Adparet.

823 2663 870 2726 qui
898 2661 966 2710 duos
996 2663 1092 2712 babuit
1115 2662 1203 2725 filios,
1228 2663 1317 2727 Cadpa
1341 2667 1368 2710 et

823 2732 930 2795 Ανάγπ,
963 2733 1010 2797 qni
1044 2737 1071 2782 et
1096 2732 1168 2796 ipse,
1198 2731 1279 2782 modo
1308 2731 1367 2780 sani

824 2801 879 2852 sint
915 2803 1034 2862 numeri,
1071 2801 1248 2867 septuaginta
1283 2815 1368 2850 annos

823 2885 953 2936 regnasse
964 2873 1073 2922 dicitur.
1097 2872 1151 2922 Sed
1162 2872 1190 2920 in
1200 2871 1243 2921 his
1254 2869 1369 2935 aliisque

824 2939 1010 2992 consimilibus
1039 2941 1106 2990 mihi
1133 2940 1178 2992 vel
1200 2939 1369 3005 Epitomato-

824 3011 861 3059 ris
891 3009 971 3073 culpa
1009 3010 1132 3062 nonnihil
1162 3011 1302 3061 turbatum
1331 3010 1369 3060 vi-

825 3080 914 3130 datur.

860 3139 906 3198 lat
945 3140 1048 3198 τούτου
1079 3163 1109 3199 τε
1143 3140 1369 3214 τυραννεύοντος

824 3215 960 3282 Σαρδίων
973 3216 1125 3283 Κιμμέριοι
1144 3209 1172 3281 ἐξ
1196 3210 1294 3284 ἠθέων
1311 3209 1369 3268 ὑπὸ

824 3285 966 3338 Σκυθέων
1001 3287 1058 3338 τῶν
1089 3282 1236 3353 Νομάδων
1272 3279 1370 3350 ἐξανα-

824 3349 939 3416 στάντες
957 3372 982 3407 ν.
1001 3373 1024 3407 τ.
1044 3355 1079 3424 1.]
1098 3359 1224 3408 Meminit
1237 3358 1317 3409 buius
1331 3356 1370 3408 rei

823 3427 985 3478 Eustatbius
1005 3427 1040 3476 ad
1065 3428 1178 3478 Homeri
1201 3427 1301 3495 Odyss.
1320 3427 1368 3478 xl.

826 3497 866 3546 ll.
885 3512 913 3560 p.
931 3497 1105 3560 416‚14.ee.
1124 3497 1220 3561 Basil,
1236 3496 1372 3549 Herodoti

824 3581 879 3616 non
897 3565 1008 3616 oblitus.
1025 3565 1079 3617 Sed
1103 3569 1215 3633 propius
1237 3567 1291 3618 huc
1313 3583 1372 3633 spe·

825 3641 902 3686 etant
920 3636 1065 3686 Strabonis
1084 3637 1168 3688 verba
1185 3637 1232 3687 lib.
1251 3637 1331 3688 XIII.
1343 3653 1370 3701 p.

824 3704 877 3756 930
902 3721 924 3756 s.
952 3705 1003 3756 027
1033 3705 1075 3756 οδ.
1107 3706 1226 3758 Casaub.
1250 3707 1326 3760 XIV.
1344 3723 1372 3771 p.

824 3773 876 3826 958
899 3790 921 3824 a.
946 3774 997 3828 047
1025 3791 1066 3841 sq.
1093 3777 1136 3828 ed.
1163 3777 1283 3828 Casaub.
1307 3775 1371 3828 coll.

825 3842 956 3894 Clamant.
976 3844 1124 3898 Alexandr.
1148 3847 1278 3898 stromat.
1301 3847 1325 3898 1.
1343 3862 1370 3910 p.

824 3911 885 3964 398.
918 3914 969 3964 Illo
992 3915 1135 3966 Strabonis
1162 3916 1222 3967 loco
1245 3916 1314 3968 haec
1336 3916 1374 3966 le·

824 3987 939 4048 guntur:
953 3980 1025 4048 φηολ
1036 3977 1067 4033 δὲ
1080 3981 1288 4050 Καλλισθένης,
1301 3977 1373 4035 ἇλοί·

825 4067 873 4100 ναι
893 4046 943 4111 τὰς
972 4045 1095 4116 Σάρδεις
1121 4045 1180 4105 ὑπὸ
1205 4053 1372 4120 Κιμμερίων

825 4118 955 4184 πρῶτον,
984 4113 1048 4202 ρᾆδ’
1079 4115 1137 4174 ιἰιιὸ
1169 4117 1292 4190 Τρήρων
1323 4120 1371 4174 καλ

824 4190 952 4250 Λυκίων,
980 4207 1051 4254 οπερ
1078 4189 1125 4242 καλ
1153 4193 1300 4244 Καλλῖνον
1322 4191 1372 4258 δη-

823 4258 893 4309 λοῦν
921 4255 971 4310 τὸν
999 4258 1050 4326 τῆς
1080 4252 1200 4328 ἐλεγείας
1230 4257 1372 4329 ποιητήν;

823 4329 880 4392 ubi,
896 4345 965 4394 quae
979 4329 1080 4382 dicitnr
1092 4333 1205 4384 'l'rerum
1225 4338 1308 4398 atque
1318 4335 1373 4398 Ly·
