3088 4922
198 218 261 280 456
316 168 323 178 ’
634 217 903 281 uuuouorr

199 405 242 466 θε
256 393 426 483 Μέμφιος.
455 393 512 461 καὶ
531 399 638 484 Μοίρι
659 390 701 462 οὕ
722 421 770 464 κω
793 384 835 484 ἦν
857 387 932 463 ἔτεα
951 390 1121 462 εἰνακόσια
1142 401 1336 483 τετελευτη-

200 595 295 647 scribit
308 593 365 645 Nili
378 595 573 646 incrementum
583 595 689 646 sedecim
701 611 742 645 es·
792 597 845 646 Ies.
872 595 952 659 XIX,
974 595 999 660 6,
1032 597 1078 663 qui
1101 596 1158 647 Nili
1183 611 1279 648 nomen
1303 596 1338 648 ud

202 681 230 717 se
247 665 414 726 cubitorum
433 667 458 716 si
473 666 562 716 minus
577 665 627 728 sit,
649 667 741 731 inopis
793 665 906 717 eundem
923 665 1104 732 significatum
1122 669 1246 717 revocari
1268 667 1336 730 vult,

200 737 285 801 premi
304 737 458 801 Aegyptum
484 751 516 786 ec
538 735 672 787 leborsre.
705 737 742 786 ut
793 752 846 802 quo
866 751 963 786 nomeu
987 737 1106 802 Aegypti
1128 736 1211 788 Cbcrn
1230 753 1251 786 s.
1270 737 1338 787 Che·

201 805 229 855 iu
250 805 302 855 hoo
324 806 431 856 sedecim
455 807 606 856 cubitorum
629 821 741 856 numero
793 807 847 856 mie
860 805 972 869 (Herod.
986 806 1025 868 ΙΙ,
1045 797 1335 870 12),οοιοοηὸΝει“-

201 889 294 926 omues
313 875 368 925 lere
384 876 531 940 scriptores
549 875 584 926 ab
602 875 742 926 Herodoto
793 877 841 932 tec
855 875 1060 926 Senseritsnum
1074 891 1133 927 esse
1148 876 1241 926 dicens
1253 877 1336 940 Nilos,

201 945 265 995 iude
282 959 369 1009 usque
392 945 427 995 ud
447 947 566 996 Leonem
583 945 743 996 Africanum
794 963 847 1012 Μ,
866 963 939 1027 „5937
971 949 1058 1012 πῆς-ιω·
1077 962 1149 1028 „pud
1167 962 1219 1012 χω,
1233 962 1328 1014 xxm

201 1015 355 1065 consentire
373 1021 464 1065 monet
481 1016 579 1066 Ritter.
594 1015 743 1066 Erdlruude
795 1033 825 1092 3,
849 1031 922 1097 quod
945 999 1010 1082 'vero
1034 1015 1121 1083 finem
1139 1032 1259 1084 effidem
1277 1000 1338 1098 pro}

201 1085 224 1138 Ι·
245 1100 270 1149 Ρ·
284 1083 349 1145 ⁸383
372 1100 403 1134 ⁰⁰
422 1085 493 1134 ‘mim
511 1099 577 1150 (ΨΜ
597 1100 670 1150 ‘me’
689 1100 742 1150 ‘¹¹¹⁰
773 1119 892 1184 ,phetue
911 1117 972 1169 loeo
991 1117 1069 1169 Nilus
1093 1124 1205 1169 vocetur
1224 1107 1281 1179 'ulli
1299 1119 1338 1169 nil

200 1154 297 1204 messis
319 1153 391 1204 bonu
412 1153 470 1205 liet.
499 1155 571 1216 Quin
595 1157 742 1204 etiamnum
794 1189 848 1238 nini
877 1189 967 1252 flumen
1000 1203 1061 1238 em
1090 1190 1188 1238 statuit
1243 1182 1284 1239 Νέ

201 1225 224 1274 ’ἰ
237 1222 315 1274 Num
329 1223 450 1306 ΨΜ
462 1239 548 1306 “ique
562 1223 741 1306 “llilu‘linem'
795 1258 850 1308 eliu
876 1259 933 1307 iore
955 1255 1038 1308 hebet
1059 1258 1176 1308 Bchlen:
1190 1226 1263 1308 'Des
1283 1205 1338 1309 llll

200 1308 281 1375 quum
298 1292 450 1358 legitimum
469 1293 559 1343 dicere
576 1291 668 1356 licent,
687 1309 743 1376 pre·
795 1327 892 1378 Indien
922 1326 959 1376 H.

201 1368 285 1425 'ml'
301 1367 448 1427 9⁰¹⁸⁰t⁸m
458 1363 612 1429 Aegyptum
623 1363 743 1429 musal
795 1413 852 1448 rum
883 1395 1045 1460 scriptorum
1067 1396 1142 1448 locos
1167 1398 1200 1448 de
1218 1398 1275 1450 nuo
1297 1399 1337 1449 ui·

199 1431 743 1565 titl⁰tltt.ttt·..itttttlt‘l
793 1467 846 1518 ‘01²
865 1465 998 1532 nug..
1020 1465 1039 1517 ¹·
1059 1465 1077 1521 ¹·
1096 1467 1136 1518 11·
1160 1483 1186 1533 r·
1203 1467 1254 1520 ιο
1274 1467 1335 1519 001¹·

201 1571 312 1634 celetur,
332 1577 389 1632 eut,
402 1571 426 1621 si
441 1572 529 1620 minor
540 1571 584 1634 sit,
603 1579 686 1623 auctu
704 1573 743 1622 di·
847 1573 853 1586 '

201 1647 292 1702 cetur,
315 1645 345 1690 ut
364 1641 470 1690 scilicet
487 1641 545 1690 iure
563 1642 641 1705 quusi
659 1643 743 1692 vecti·
828 1633 877 1688 καὶ
898 1636 992 1704 Μοίρι
1015 1628 1051 1688 οὔ
1069 1655 1109 1689 κω
1128 1625 1164 1705 ἦν
1183 1633 1244 1690 ἔτεα
1261 1636 1336 1691 εἰνα-

201 1711 247 1778 gel
266 1709 300 1760 ab
318 1709 415 1760 ineolis
438 1710 514 1774 posci
538 1711 635 1774 possit.
666 1713 743 1774 Quae
793 1700 876 1758 ιιόσια
902 1700 1109 1773 τετελευτηκότι
1131 1726 1156 1760 ιι.
1178 1725 1202 1760 τ.
1224 1709 1258 1778 l.]
1299 1712 1337 1762 De

201 1781 262 1846 ipse
279 1779 552 1845 respercgrimrtores
571 1780 701 1844 quosdam
715 1783 743 1830 in
794 1778 912 1830 Moeride
941 1779 1012 1828 coni.
1037 1779 1109 1829 inire
1136 1780 1178 1843 11,
1195 1780 1246 1833 100
1258 1797 1333 1847 seqq.

201 1850 324 1900 fraudem
342 1849 458 1899 induxit.
485 1848 548 1898 Alis
563 1864 636 1898 nuuc
655 1851 744 1900 sciens
795 1848 887 1914 ibique
905 1853 975 1899 nott.
995 1848 1162 1912 Larchsrus,
1187 1852 1234 1916 qui
1251 1852 1338 1902 Hero-

201 1924 356 1986 pruetereo‚
376 1935 447 1984 quse
463 1917 537 1983 apud
554 1919 643 1983 ipsum
658 1917 744 1968 Rittc-
795 1918 889 1968 dotum
905 1933 977 1968 unuo
995 1917 1047 1969 too
1065 1933 1091 1969 a.
1111 1919 1174 1970 Chr.
1192 1936 1220 1971 u.
1250 1922 1337 1987 Aegy-

202 2005 261 2040 rum
279 1989 332 2054 legi
350 1989 451 2040 mulim.
483 1987 557 2038 Setis
576 1988 646 2038 enim
660 1989 746 2038 Hero·
795 1991 871 2051 ptum
889 1991 1074 2052 permeantem
1091 1989 1175 2050 iecit,
1195 1995 1226 2040 ut
1245 1991 1280 2041 od
1297 1992 1336 2054 11,

202 2059 260 2110 doti
278 2059 357 2108 fidem
374 2059 403 2108 iu
424 2059 499 2109 hisce
518 2057 648 2122 probisse
665 2057 744 2108 nobis
797 2055 955 2116 tridium,
968 2057 1117 2109 Moerideut
1129 2061 1339 2112 mortuumbiuc

201 2128 332 2180 videmur.
364 2128 437 2176 Hinc
454 2126 498 2177 vel
510 2127 538 2175 iu
549 2127 688 2177 Romanae
701 2141 744 2176 ee·
795 2125 872 2189 pouit
886 2125 937 2177 806
951 2127 1029 2176 suuis
1049 2133 1114 2178 unte
1127 2130 1297 2182 Herodotum
1310 2132 1339 2182 in

202 2199 269 2248 tutis
292 2195 517 2261 inscriptionibus
538 2196 681 2261 Aegyptiis
706 2197 745 2246 iu·
795 2194 948 2258 Aegyptum
958 2197 1119 2260 profectum,
1130 2198 1180 2250 i.e.
1189 2215 1259 2251 enno
1270 2201 1338 2253 1356

201 2269 310 2317 venitur
330 2263 428 2314 δικαία
450 2256 587 2331 ἀνάβασις
612 2265 645 2316 de
672 2265 746 2315 iuste
797 2268 862 2313 ente
877 2262 939 2312 Chr.
951 2280 978 2312 u.
1002 2265 1081 2317 Coni.
1095 2269 1164 2319 ch.
1179 2269 1335 2336 chronolog.

200 2338 253 2387 hec
272 2334 476 2401 quatuordecim
499 2334 653 2386 cubitorum
670 2350 744 2384 men·
797 2348 823 2397 p.
837 2331 872 2383 86
885 2347 943 2396 seq.
970 2332 1086 2387 Gravius
1099 2353 1164 2388 vero
1179 2337 1245 2388 illud
1262 2340 1336 2390 vide·

202 2421 275 2456 sure.
288 2404 745 2455 Vid.Letr0uue:Recherchessur
797 2407 855 2464 tur,
881 2401 954 2467 quod
974 2401 1055 2452 huius
1078 2408 1149 2470 regis
1173 2411 1263 2458 estete
1281 2409 1336 2458 Nili

201 2466 322 2541 l'Egypt.
341 2473 478 2539 papatu.
507 2473 548 2523 Ad
570 2473 619 2524 hos
638 2490 746 2524 meusn-
797 2471 946 2522 crescentis
972 2475 1034 2520 octo
1057 2475 1140 2524 cubiti
1164 2477 1232 2526 sutis
1250 2477 1335 2528 fuisse

202 2561 246 2596 res
272 2547 401 2594 accurate
429 2543 635 2594 constituendus
662 2547 745 2608 utque
797 2541 972 2607 perhibentur
994 2539 1028 2590 ed
1046 2555 1155 2605 campos
1172 2545 1334 2612 irrigandos,

202 2614 311 2666 omniuo
322 2613 379 2664 Nili
391 2613 538 2664 crescentis
559 2628 645 2679 equus
660 2613 744 2664 dime·
797 2611 832 2662 ed
851 2625 919 2676 quos
935 2609 1069 2660 Herodoti
1088 2615 1179 2663 aetate
1196 2630 1218 2664 s.
1237 2631 1335 2667 novem

201 2683 309 2734 tiendus
328 2683 396 2733 setis
409 2687 518 2733 constet
536 2684 570 2732 ab
588 2683 656 2748 ipsis
672 2687 746 2733 vete·
796 2686 859 2746 post
872 2678 982 2730 seecnls
994 2677 1111 2729 sedecim
1123 2680 1168 2731 vel
1183 2683 1335 2747 quindecim

202 2754 276 2804 ribus
306 2753 449 2818 Aegyptiis
477 2753 586 2818 propriu
613 2752 746 2818 quaedum
797 2750 1016 2816 requirebantur:
1041 2748 1112 2814 quod
1132 2750 1156 2798 si
1173 2767 1265 2802 verum
1283 2761 1334 2819 est,

203 2824 385 2873 instrumente
414 2821 599 2872 columnarum
630 2822 745 2873 formem
796 2822 868 2870 iutra
893 2819 945 2869 hoc
971 2824 1077 2883 tempus
1105 2823 1205 2869 terrum
1234 2829 1336 2887 septem

201 2892 359 2959 plerumque
379 2892 435 2942 t'erc
459 2891 615 2942 exhibentis
633 2891 745 2943 inventu
797 2889 896 2940 cubitis
909 2893 1018 2939 nucum
1032 2887 1117 2938 fuisse
1135 2889 1210 2940 dicus
1226 2906 1337 2945 necesse

202 2963 301 3025 luisse,
320 2961 471 3012 Nilometru
487 2960 568 3026 vulgo
584 2967 693 3024 vocent,
712 2961 745 3012 do
797 2964 851 3009 est:
870 2958 898 3007 id
911 2973 977 3008 roro
993 2957 1050 3007 fieri
1066 2973 1120 3008 non
1139 2961 1274 3024 potuisse,
1293 2963 1338 3012 de-

201 3033 300 3098 quibus
314 3031 466 3096 disputavit
481 3029 585 3094 Lepbre
604 3028 745 3094 (Mdmoire
796 3027 902 3078 cierunt
919 3028 1137 3092 computationes
1150 3035 1246 3080 nostre
1263 3036 1338 3082 setu-

202 3117 249 3151 sur
267 3101 294 3149 ls
311 3099 400 3150 velles
419 3100 455 3149 du
471 3099 528 3163 Nil)
555 3100 690 3166 Descript.
711 3102 745 3152 de
795 3103 823 3148 te
842 3098 932 3148 lectus
951 3095 984 3146 de
1002 3111 1034 3146 eo
1058 3097 1153 3160 modo,
1178 3116 1231 3165 quo
1249 3104 1338 3151 torrae

201 3171 322 3235 l'Egypt.
336 3168 480 3219 uxum.
493 3168 579 3232 puto
590 3185 676 3235 seqq„
691 3187 744 3236 quo
795 3166 951 3232 superficies
970 3165 1026 3216 Nili
1051 3165 1235 3218 alluvionibus
1257 3185 1338 3236 euge-

201 3240 271 3288 beue
284 3253 349 3288 usus
363 3243 406 3287 est
419 3237 540 3303 Purtbey
555 3237 590 3288 ed
604 3238 742 3291 Plutarch.
794 3243 853 3298 tur;
872 3235 943 3285 uude
959 3235 993 3285 ud
1008 3241 1111 3300 septem
1130 3238 1282 3289 cubitorum
1299 3241 1338 3289 iu-

203 3308 236 3357 de
262 3306 330 3360 Isid.
361 3313 389 3357 et
417 3307 518 3357 Osirid.
549 3324 576 3372 p.
600 3306 652 3359 243
675 3325 743 3375 seq„
794 3309 961 3358 crementum
989 3305 1046 3355 iere
1069 3305 1120 3356 737
1144 3307 1243 3358 seculis
1268 3325 1335 3374 opus

201 3375 380 3426 ubiomuium
391 3376 600 3427 Nilometrorum
616 3379 743 3444 vestigio,
794 3377 880 3426 tuisse
905 3373 1032 3425 efficitur.
1067 3376 1157 3437 Quare
1179 3377 1250 3427 huuc
1274 3383 1336 3428 octo

202 3450 337 3511 quotquot
363 3463 379 3497 ο
401 3447 539 3496 veteribus
565 3448 744 3512 scriptoribus
795 3445 948 3496 cubitorum
959 3459 1099 3494 numerum
1116 3444 1151 3494 ed
1170 3445 1277 3497 subulas
1295 3463 1335 3497 re-

202 3515 246 3566 vel
272 3531 306 3565 ex
333 3517 401 3581 ipsis
425 3516 605 3567 monumentis
634 3519 743 3584 cognitu
793 3513 1044 3580 legendumcenset
1061 3515 1094 3564 R.
1113 3514 1211 3566 Iucobs
1230 3517 1336 3567 Deile-

202 3589 274 3646 snnt,
288 3585 408 3650 collegit,
427 3584 591 3636 Declaratur
599 3585 667 3636 buco
680 3603 744 3652 quo·
794 3583 885 3635 rodoti
905 3598 1022 3633 mensur.
1041 3599 1066 3647 p.
1082 3584 1125 3634 21.
1158 3585 1290 3650 Equidem
1307 3587 1336 3636 in

201 3669 254 3719 que
271 3669 315 3704 res
333 3655 499 3721 imaginibus
515 3661 637 3704 veterum
656 3655 743 3722 Aegy·
793 3655 835 3704 his
852 3654 881 3704 id
893 3657 1000 3703 tentum
1015 3652 1121 3702 attendi
1138 3653 1232 3704 velim:
1250 3656 1336 3706 Hero·

200 3724 331 3788 ptiorum,
352 3723 385 3775 de
407 3724 505 3789 quibus
523 3724 596 3774 conl.
617 3730 688 3776 nott.
708 3725 744 3776 ud
794 3724 902 3785 dotum,
925 3723 971 3788 qui
995 3737 1066 3788 quse
1089 3737 1140 3772 sus
1157 3729 1248 3774 uetute
1267 3723 1336 3775 obti-

202 3793 240 3854 11,
263 3791 306 3852 193
330 3793 472 3858 ipsumque
492 3793 547 3843 Nili
569 3792 622 3844 huc
647 3795 744 3845 reterri
792 3797 919 3854 uuernut,
937 3807 970 3842 es
986 3796 1014 3842 et
1027 3797 1154 3842 accurate
1170 3797 1197 3843 ot
1215 3810 1279 3844 vere
1296 3810 1336 3844 re·

200 3862 302 3925 poterit
328 3877 437 3923 nomeu,
466 3863 489 3912 si
513 3861 620 3928 quidem
644 3863 741 3914 fluvius
793 3861 870 3926 tulit,
895 3863 923 3911 in
944 3861 994 3924 iis,
1017 3876 1088 3926 quoe
1110 3862 1240 3913 Moeridis
1263 3863 1335 3927 regis

202 3934 244 3979 est
271 3936 392 3996 tempore
422 3931 546 3994 delinito,
576 3937 607 3982 ut
636 3932 741 3996 volunt,
791 3932 958 3997 temporibus
989 3930 1151 3993 acciderint,
1183 3933 1260 3998 sequi
1293 3947 1334 3995 en,

200 4013 326 4050 crescens
345 4005 486 4065 terresque
503 4001 652 4053 exuudeus.
676 4003 740 4054 Vid.
792 4017 862 4066 quse
873 3999 1089 4052 s‘sscerdotibus
1103 4001 1206 4052 trudito
1217 4002 1333 4066 accepit,

200 4067 296 4117 Orenz.
317 4068 437 4132 Symbol.
456 4069 495 4119 Il.
512 4085 538 4134 p.
552 4071 586 4120 ⁴29
604 4071 646 4122 ed.
667 4075 740 4136 tert„
792 4070 874 4135 idque
887 4070 968 4120 etium
983 4069 1108 4120 consulto
1122 4069 1273 4122 deolersrc:
1287 4085 1335 4120 uu-

200 4135 247 4185 ubi
271 4135 385 4185 eliorum
410 4153 515 4203 quoque
538 4141 742 4192 sententiendo
792 4140 825 4190 dc
849 4141 872 4189 si
891 4141 979 4190 minus
997 4153 1064 4188 vers
1086 4139 1154 4190 heec
1177 4156 1238 4190 esse
1259 4155 1335 4204 repe·

199 4204 279 4254 buius
294 4205 370 4254 vocis
388 4211 478 4270 etymo
492 4222 525 4256 uc
540 4209 742 4273 significatione
791 4210 908 4272 riantur,
928 4207 1068 4259 Herodoto
1083 4209 1192 4260 minime
1206 4209 1234 4260 id
1250 4209 1335 4274 impu-

200 4272 361 4338 efferuutur‚
386 4275 485 4340 quibus
501 4275 563 4328 add.
582 4278 687 4344 Hitsig.
707 4280 741 4330 sd
792 4277 914 4329 tondum.
1336 4283 1343 4294 '

988 1341 1015 1391 p.
1045 1329 1097 1378 457
1121 1343 1178 1394 seq.
1221 1329 1338 1380 Graeco-
