3032 4916
203 235 264 299 712
367 309 372 318 ‚
634 230 903 296 aaronem

204 413 373 504 μοομένου
400 407 440 478 τὰ
467 407 627 500 μάλιστα·
664 402 776 486 οὐδεὶς
795 409 864 474 τῶν
887 411 998 475 λίθων
1021 399 1219 492 τριήκοντα
1243 403 1363 468 ποδοῖν

205 611 260 663 rint
271 607 396 674 aequalia
408 624 507 673 necne,
519 609 637 660 nondum
652 607 747 674 liquet,
798 610 919 658 structae
928 605 992 655 illae
1003 603 1118 670 quidem
1126 617 1145 652 a
1154 601 1283 666 Cheope,
1297 595 1366 650 Che·

205 696 266 732 cum
285 679 393 730 diverse
410 680 444 730 de
460 679 503 729 his
516 683 640 730 statuant
655 693 748 729 recen·
798 679 874 728 irene
892 674 1086 740 etMyceriuo.
1127 673 1165 722 ln
1182 686 1306 737 quarum
1317 685 1368 720 nu-

205 752 290 802 tiores
309 751 542 813 peregrinatores,
564 747 688 814 quamvis
713 747 748 798 ad
799 740 1367 811 meroes,quaeseptentrionemmaxime

206 820 748 886 oculumcertequadratasapparerema-
799 821 919 882 spectat,
949 815 1066 866 omnium
1092 827 1174 862 nunc
1199 809 1367 876 perhibetur

205 905 273 958 gnae
282 889 444 954 pyramides,
454 905 504 939 nec
515 888 747 953 aliudquaesiisse
799 887 930 946 maxima,
949 901 966 935 a
984 884 1095 948 Cheopc
1116 881 1188 932 olim
1209 884 1367 940 exstructa,

206 974 299 1012 earum
315 957 479 1021 conditores,
493 959 594 1024 optime
611 958 748 1008 monuisse
798 973 879 1022 qnam
903 953 1060 1005 Herodotus
1088 951 1118 1002 h.
1146 950 1167 1000 l.
1203 949 1367 1014 descripsit,

206 1029 332 1080 videatur
343 1029 436 1094 zoega
448 1028 467 1078 l.
479 1025 497 1078 l.
510 1045 536 1093 p.
549 1028 596 1079 401
609 1027 675 1092 ibiq.
687 1031 744 1078 not.
797 1039 933 1092 quamque
948 1028 1102 1076 structurae
1126 1036 1215 1086 opere
1232 1019 1366 1071 eximiam

239 1095 327 1146 λίθου
352 1091 383 1146 dl
407 1093 507 1158 ξεστοῦ
529 1112 558 1147 τε
583 1092 631 1146 aul
659 1088 747 1160 ἁρμο-
798 1111 865 1162 prae
883 1097 981 1144 ceteris
1006 1093 1074 1144 dicit
1098 1090 1299 1155 laudibusque
1327 1088 1366 1138 ef-

206 1161 310 1232 ομένου
333 1158 367 1214 τὰ
393 1160 523 1232 μάλιστα]
553 1168 638 1217 Recte
665 1166 748 1216 vertit
798 1167 852 1216 lert
869 1164 1033 1214 Wilkinson.
1059 1163 1200 1212 Manners
1228 1165 1286 1210 etc.
1308 1173 1366 1208 sec.

204 1239 298 1288 Miot.:
329 1235 400 1298 „elle
428 1241 471 1286 est
493 1241 570 1287 toute
592 1238 691 1286 resitue
714 1251 748 1285 en
798 1251 851 1286 ser.
879 1235 902 1284 1.
927 1250 991 1300 pag.
1015 1235 1059 1294 22,
1079 1231 1154 1282 alios
1182 1234 1215 1280 ut
1243 1234 1365 1280 taceam.

165 1343 169 1354 .
205 1309 307 1373 pierres
319 1304 418 1370 police,
435 1303 556 1370 ajustees
569 1321 635 1356 avec
651 1305 676 1356 le
687 1304 748 1370 plus
799 1305 852 1356 Sed
870 1308 994 1369 praestat
1011 1303 1072 1367 ipsa
1080 1303 1199 1366 Zoegae
1212 1300 1305 1350 verba
1317 1314 1366 1362 ap·

206 1375 293 1443 grand
313 1375 406 1436 aoin;“
434 1377 609 1440 nequeenim
637 1375 680 1426 hic
705 1390 749 1426 co·
799 1389 898 1440 ponere
917 1373 935 1422 l.
955 1373 973 1422 l.
998 1387 1061 1438 pag.
1081 1372 1152 1421 400:
1184 1369 1329 1432 „Scilicet
1347 1383 1365 1418 a

206 1444 348 1514 gitandum
360 1443 394 1494 de
406 1443 496 1509 lapide
507 1445 624 1496 calcario
638 1460 678 1508 eo,
692 1459 745 1509 quo
797 1443 882 1496 Giaeh
892 1443 939 1492 ubi
949 1446 1067 1508 quatuor
1079 1440 1210 1490 millibus
1226 1453 1363 1504 passuum

206 1519 267 1582 ipsa
291 1515 411 1580 pyramis
433 1519 493 1564 erat
516 1518 668 1577 exstructa,
697 1513 746 1564 sed
796 1513 948 1579 perrexeris
970 1511 1006 1562 ad
1035 1525 1168 1562 occasum
1199 1507 1363 1568 hiemalem,

206 1587 239 1636 de
258 1600 290 1634 eo
310 1583 401 1648 lapide
421 1583 489 1634 bene
506 1584 644 1649 laevigato
663 1588 747 1648 atque
798 1581 902 1634 canalis
923 1586 966 1631 est
983 1597 1000 1630 a
1012 1579 1075 1631 Nilo
1088 1579 1251 1642 deductus,
1273 1595 1291 1628 a
1307 1593 1361 1644 qno

206 1669 298 1705 secum
320 1659 475 1720 compacto,
505 1669 559 1720 quo
583 1658 643 1704 tota
668 1669 747 1718 pyra·
796 1652 894 1716 incipit
913 1651 959 1701 via
981 1665 1128 1716 peragras
1149 1648 1276 1699 humiles
1298 1647 1362 1697 sub-

207 1724 287 1774 midis
310 1723 396 1774 moles
419 1723 600 1774 exstrinsecus
627 1728 701 1774 tecta
719 1727 746 1774 et
797 1721 995 1772 structioribus
1014 1719 1163 1771 sublevata
1178 1724 1208 1770 et
1222 1723 1304 1768 secto
1322 1716 1362 1765 la-

206 1793 286 1860 quasi
303 1794 406 1844 vestita
424 1798 495 1843 erat:
514 1795 546 1845 de
560 1809 613 1858 qno
626 1791 747 1858 lepidum
797 1792 860 1857 pide
881 1791 1000 1852 munita,
1022 1789 1173 1839 latitudine
1196 1789 1300 1854 pedum
1320 1787 1361 1834 ri·
1415 1815 1427 1824 -

206 1878 305 1930 genere
324 1864 397 1915 conl.
412 1863 447 1914 ad
459 1879 519 1928 cap.
535 1865 678 1924 1⁶25nott.;
699 1863 747 1913 hoe
799 1861 885 1927 giuti,
916 1859 1089 1925 longitudine
1117 1875 1258 1923 passuum
1283 1855 1360 1908 milla

206 1948 312 1999 quoque
325 1933 425 1984 Noster
433 1933 561 1998 intelligit
572 1932 662 1983 verbis
673 1948 747 1996 seqq.
800 1932 1019 1996 quingentorum,
1033 1928 1139 1979 duobus
1148 1930 1178 1978 in
1189 1929 1263 1980 locis
1275 1929 1360 1994 ponte

206 1996 303 2059 οὐδεὶς
319 1997 748 2067 τῶνλίθωντριήκονταττοὸὠν
800 2017 881 2066 super
899 2000 987 2049 fossas
1012 2003 1185 2048 transvecta.
1226 2001 1308 2062 Quae
1328 1995 1358 2045 li-

206 2063 344 2134 ἐλοέσσων,
363 2077 394 2121 ut
410 2077 484 2122 recte
498 2073 552 2122 iarn
571 2071 641 2120 vidit
657 2073 749 2135 Zoega
799 2075 844 2120 cet
860 2085 931 2120 nunc
949 2069 1068 2118 maxima
1085 2084 1118 2117 ex
1135 2073 1220 2133 parte
1233 2067 1359 2118 Arabum

205 2157 270 2206 pag.
289 2140 339 2192 387
366 2145 422 2192 not.
448 2141 489 2193 lo.
526 2141 635 2192 Etenim
660 2141 688 2189 hi
711 2141 749 2190 la·
800 2155 881 2190 manu
900 2139 977 2189 facta
994 2142 1142 2203 appareat,
1162 2143 1263 2188 tamen
1283 2140 1360 2187 vete·

206 2211 283 2274 pides
302 2210 423 2274 reliquae
447 2215 602 2260 structurae
620 2211 749 2274 superim-
799 2210 837 2258 ris
861 2209 924 2258 vise
958 2208 992 2257 ab
1016 2207 1157 2258 llerodoto
1184 2211 1358 2258 memoratae

205 2281 289 2345 positi
310 2283 397 2330 totam
420 2279 587 2345 pyramidem
617 2280 748 2328 extrinse-
798 2279 1036 2329 cursumindicsrc
1053 2277 1174 2339 videtur,
1197 2278 1298 2327 forsan
1318 2276 1357 2324 in-

207 2364 254 2399 cus
273 2349 493 2409 convestiebant3
520 2347 660 2399 Gallitele
678 2363 746 2412 opus
798 2353 923 2397 staurata
946 2346 1119 2408 abarbaris,
1143 2353 1175 2396 ut
1201 2347 1357 2398 eveherent

206 2421 307 2467 vocant
329 2417 493 2479 reverentem,
515 2433 565 2467 nos
588 2416 747 2482 Belrleidaap
797 2417 916 2484 lapides,
942 2417 1040 2482 quibus
1059 2416 1231 2468 advehendis
1251 2418 1287 2468 ab
1308 2431 1356 2466 an-

207 2501 229 2539 a.
255 2485 435 2550 Verkleidaap.
472 2487 525 2547 Qui
546 2485 651 2550 lapides
675 2486 747 2551 quod
798 2488 873 2551 tiquo
898 2502 962 2552 rege
993 2486 1084 2536 iuerat
1107 2485 1264 2540 destinata.
1311 2483 1354 2550 [ln

206 2555 273 2605 nulli
290 2555 380 2605 adbuc
402 2557 430 2604 in
453 2555 505 2606 hac
525 2555 666 2621 pyramide
690 2571 746 2606 cer·
798 2556 910 2606 eandem
934 2557 1099 2606 sententiam
1123 2556 1253 2622 disputat
1277 2557 1352 2606 Hirt.

205 2631 320 2686 nuntur,
342 2624 370 2674 id
392 2625 487 2690 utique
508 2625 685 2674 barbarorum
704 2641 746 2675 ra·
796 2626 815 2675 1.
836 2625 854 2675 1.
875 2641 939 2690 pag.
965 2626 1006 2676 16.
1028 2623 1082 2690 la]
1119 2627 1234 2677 Desinit
1258 2631 1352 2676 antem

205 2695 321 2760 paritati
348 2694 461 2744 debetur
487 2695 537 2760 (cf.
565 2696 657 2760 Zoege
680 2695 699 2745 l.
726 2695 745 2746 l.
797 2694 831 2745 ad
850 2693 944 2760 pedem
958 2694 1036 2745 collis
1050 2705 1099 2745 seu
1111 2697 1200 2760 campi
1220 2697 1300 2746 saxei
1314 2693 1350 2746 ad

206 2778 269 2830 pag.
289 2763 365 2828 403),
386 2764 495 2829 quibos
513 2763 745 2829 lapidesextimcs
797 2770 914 2827 centum,
934 2765 1001 2826 aive,
1021 2765 1348 2826 utretulitNiebubrius,

205 2835 267 2885 inde
293 2833 401 2886 avulsos
426 2833 461 2883 ad
483 2832 539 2884 alia
557 2834 681 2884 aedilicia
704 2851 748 2885 ex·
797 2839 905 2886 centum
928 2835 1104 2899 septuaginta
1129 2835 1230 2898 pedum
1254 2836 1351 2885 altitu·

205 2905 336 2955 struenda
355 2903 545 2954 adhibuerunt.
581 2905 623 2954 Tu
640 2904 696 2955 vid.
714 2906 748 2954 dc
797 2905 887 2956 dinem
896 2921 978 2970 supra
991 2904 1164 2956 subiacentes
1177 2921 1262 2970 agros
1272 2903 1350 2964 elati,

206 2974 248 3024 his
267 2979 395 3024 accurate
413 2978 590 3040 exponentem
612 2974 748 3024 Letronue
798 2975 825 3024 in
850 2991 902 3040 quo
928 2974 1083 3039 pyramides
1115 2975 1246 3026 conditae
1273 2979 1348 3025 sunt.

205 3043 321 3094 Journal
330 3043 357 3094 d.
375 3045 441 3095 Ser.
462 3043 537 3094 1841.
558 3060 585 3108 p.
604 3043 656 3094 385
670 3059 746 3110 seqq.
797 3045 900 3109 Nempe
918 3043 1015 3107 Libyci
1037 3043 1136 3092 montis
1159 3045 1270 3096 radices
1297 3044 1349 3094 hoc

205 3111 257 3162 499
281 3127 357 3177 seqq.
387 3117 414 3162 et
437 3113 549 3164 Recneil
577 3113 746 3178 d'lnscriptt.
797 3114 858 3164 loco
878 3113 1055 3177 promontorii
1075 3113 1161 3164 instar
1175 3117 1346 3179 procurrunt

206 3182 334 3245 d'Egypt.
361 3182 398 3232 II.
422 3198 486 3248 pag.
513 3183 563 3234 487
588 3197 673 3247 seqq„
697 3183 747 3233 Le·
797 3181 832 3232 ad
856 3187 944 3232 ortum
969 3181 1133 3244 brumalem,
1157 3199 1218 3233 mox
1245 3187 1345 3234 iterum

206 3251 294 3316 psius:
309 3251 399 3300 Ueber
411 3251 463 3302 den
473 3253 533 3301 Bau
543 3253 568 3301 d.
583 3251 746 3316 Pyramidan
798 3256 915 3316 pergunt
938 3251 973 3301 ad
991 3251 1128 3301 meridiem
1152 3269 1248 3304 versus
1266 3253 1346 3305 Busi-

205 3322 234 3370 iu
258 3319 482 3370 Monatsbericht.
508 3320 534 3370 d.
559 3321 630 3372 Berl.
657 3321 745 3372 Ahad.
798 3323 839 3370 rin
857 3327 884 3370 et
900 3321 1061 3382 Saccaram,
1085 3325 1167 3386 atque
1185 3322 1219 3373 ad
1238 3322 1345 3384 Dasjur

208 3388 283 3440 1843.
302 3404 365 3454 pag.
387 3388 532 3440 lit-203.
798 3391 913 3440 tendunt
924 3391 987 3440 Nilo
1000 3391 1109 3455 propius
1124 3391 1260 3443 admotas.
1289 3393 1344 3442 Ru·

240 3459 300 3508 Iarn
313 3458 347 3508 de
364 3458 415 3509 bac
426 3460 487 3524 ipsa
499 3458 645 3524 pyramide,
665 3474 746 3523 quam
797 3461 839 3525 pis
859 3460 953 3510 eadem
973 3465 1071 3510 natura
1087 3467 1129 3510 eet
1147 3477 1180 3512 ac
1197 3461 1308 3526 lapidis,
1328 3476 1343 3509 a

205 3528 232 3579 h.
245 3527 263 3577 l.
275 3526 420 3593 descripsit
433 3529 596 3591 Herodotus,
613 3527 746 3593 quasdam
798 3545 850 3594 quo
870 3535 934 3580 suut
947 3529 1114 3594 pyramidem
1133 3547 1228 3596 nempe
1250 3531 1341 3581 calca-

205 3598 306 3648 eddere
332 3599 416 3648 iuvet.
460 3599 583 3663 Namque
604 3599 674 3648 inter
698 3614 746 3662 py-
798 3601 839 3648 ria
870 3604 924 3661 est,
953 3598 1060 3649 modica
1084 3600 1198 3662 duritie,
1223 3601 1342 3665 petrela-

205 3667 337 3730 remides‚
356 3683 425 3733 quse
445 3667 577 3732 plurimae
596 3667 685 3717 adbuc
703 3682 746 3717 su·
797 3669 848 3718 ctis
866 3667 1073 3718 lenticularibus
1093 3673 1121 3718 et
1130 3670 1340 3720 numismatibus

205 3741 317 3804 pereunt
328 3753 362 3788 ac
377 3754 426 3802 pro
438 3738 493 3787 situ
508 3737 637 3798 locorum,
649 3737 677 3785 in
689 3737 746 3802 qui·
775 3765 780 3777 -
797 3739 978 3802 interspersa,
997 3741 1079 3802 atque
1091 3739 1184 3788 mobili
1197 3753 1281 3790 arena
1294 3739 1340 3788 ob-

204 3809 255 3858 bns
265 3813 419 3858 exstructae
428 3811 500 3868 sunt,
513 3823 530 3856 a
541 3806 746 3871 peregrinatori-
797 3811 885 3867 tecta3
907 3813 1052 3857 occurrant
1071 3808 1099 3856 in
1112 3823 1145 3857 ea
1156 3807 1217 3858 hinc
1230 3813 1258 3859 et
1276 3808 1339 3859 inde

205 3878 255 3927 bus
278 3893 350 3927 nunc
368 3876 499 3942 distingui
516 3876 613 3940 solent,
631 3877 745 3940 primum
796 3877 969 3927 latomiarum
987 3877 1115 3941 vestigia.
1151 3877 1254 3929 Multas
1274 3879 1337 3930 olim

203 3947 298 4011 utique
315 3945 404 3996 locum
424 3951 516 3996 tenent
536 3953 598 4006 trae,
622 3961 692 4010 qnae
710 3945 745 3995 ad
797 3945 950 4011 pyramides
964 3945 1088 3996 luissein
1106 3949 1290 4011 promontorio
1302 3948 1338 3997 ad

204 4016 350 4080 Memphim
368 4017 489 4082 proxime
511 4016 581 4066 sitae
597 4015 668 4065 inter
684 4015 745 4066 reli·
797 4017 892 4067 Gizam
910 4019 1052 4080 spectante
1069 4031 1083 4065 e
1100 4016 1185 4066 ruinis
1203 4020 1336 4082 arguitur,

204 4099 272 4148 quas
280 4087 490 4149 septentrionem
496 4099 592 4135 versus
598 4089 745 4135 cernuntur
795 4100 865 4151 quae
877 4085 955 4136 hodie
973 4091 1119 4149 supersunt
1129 4087 1157 4134 in
1169 4085 1250 4150 plano
1265 4104 1337 4138 cem-

203 4152 238 4201 ad
251 4154 355 4216 vicum,
375 4156 419 4204 cui
436 4153 702 4206 nuncnomeuGizeb
720 4171 743 4204 a.
794 4171 829 4220 po
853 4171 902 4205 sex
925 4155 980 4204 lere
1002 4154 1114 4204 millium
1132 4171 1262 4220 passuum
1286 4157 1336 4208 cir·

190 4221 319 4272 cerua.
367 4224 443 4285 Quae
469 4225 587 4274 omnium
613 4224 744 4273 maximae
794 4224 879 4274 cuitu.
915 4223 1027 4274 Plurimi
1050 4229 1191 4289 praeterea
1214 4231 1278 4276 sunt
1296 4231 1336 4275 ta·

203 4290 230 4342 h.
251 4291 269 4342 l.
288 4290 322 4343 ab
331 4291 470 4344 Herodoto
481 4293 679 4357 describuntur,
700 4309 744 4343 ex·
796 4291 860 4346 muli
894 4307 908 4342 e
936 4297 1010 4344 secto
1039 4291 1129 4360 lapide
1159 4293 1336 4348 circumcirca
