3008 4924
246 281 307 344 778
673 279 941 342 HERODO'I'I

246 455 310 547 yolo
323 455 618 547 Σαρδαναπάλλου
635 461 696 525 τοῦ
717 463 827 526 Νίνου
839 457 993 544 βασιλέος
1012 453 1179 546 χρήματα,
1201 453 1298 525 έόντα
1316 483 1378 543 με·

244 563 340 652 γάλα,
355 563 411 631 καὶ
425 560 665 650 φυλασσόμενα
678 564 716 630 έν
726 571 928 650 θησαυροῖσι
942 567 1162 647 καταγαίοισι,
1177 558 1365 648 ἐπενόησαν
1374 573 1425 628 178

244 671 375 746 κλῶπες
395 669 588 754 ἐκφορῆσαι.
627 667 663 733 έκ
679 662 721 754 δῆ
736 656 784 734 ὧν
798 669 866 733 τῶν
881 666 1054 754 σφετέρων
1067 669 1186 734 οἰκίων
1198 662 1381 753 ἀρξάμενοι

244 776 279 841 ol
290 779 436 855 κλοπες,
460 765 527 838 ὑπό
547 773 611 857 γῆν
625 768 870 858 σταθμεόμενοι
885 771 918 850 ές
931 766 973 838 τά
985 767 1141 858 βασιλῆία
1161 773 1250 838 οἰκία
1264 765 1378 856 ὤρυσ-

244 896 315 945 σον.
339 870 400 944 τόν
419 873 457 942 δὲ
477 878 560 961 χοῦν
578 869 638 942 τόν
659 871 907 963 ἐκφορεόμενον
928 875 965 942 έκ
986 879 1047 942 τοῦ
1067 869 1269 962 ὀρύγματος,
1291 869 1382 952 όκως

244 981 375 1066 γένοιτο
388 975 466 1062 νὺξ,
488 980 521 1056 ές
534 973 594 1045 τόν
614 983 731 1066 Τίγριν
747 974 912 1066 ποταμόν,
933 979 1165 1068 παραρρέοντα
1178 973 1241 1065 τῆν
1255 985 1380 1062 Νίνον,

244 1082 437 1172 ἐξεφόρεον·
462 1083 495 1160 ές
514 1075 532 1149 ὃ
552 1081 816 1169 κατεργάσαντο,
836 1075 898 1151 ὅτι
920 1080 1110 1170 ἐβούλοντο.
1136 1085 1289 1150 τοιοῦτον
1303 1084 1378 1151 ἕτε-

245 1213 306 1276 ρον
324 1183 453 1275 ῆκουσα
473 1186 529 1254 καὶ
549 1180 586 1252 τό
606 1189 663 1273 τῆς
684 1189 721 1254 ἐν
740 1183 901 1278 Αίγόπτφ
922 1191 1040 1274 λίμνης
1058 1182 1190 1273 όρυγμα
1204 1187 1380 1273 γενέσθαι,
1397 1235 1401 1240 -

244 1287 333 1379 πλὴν
346 1287 387 1359 οὐ
402 1285 523 1368 νυκτός
535 1285 620 1358 άλλά
633 1286 705 1377 μετ’
719 1284 847 1380 ἡμέρην
861 1288 1077 1378 ποιεόμενον·
1093 1285 1298 1377 όρόσσοντας
1312 1286 1380 1376 γάρ

243 1392 303 1464 τόν
323 1399 406 1481 χοῦν
423 1389 500 1472 τούς
518 1398 729 1479 Αἰγυπτίους
749 1390 838 1472 ές
804 1420 864 1462 τον
884 1401 1012 1462 Νεῖλον
1028 1395 1182 1482 φορέειν,
1203 1387 1308 1462 όδδ
1289 1419 1378 1462 υπο-

244 1497 427 1586 λαμβάνων
445 1503 561 1586 ἔμελλε
581 1499 738 1584 διαχέειν.
767 1525 787 1587 η
775 1491 864 1586 μέν
884 1525 950 1566 νυν
965 1504 1064 1586 λίμνη
1079 1492 1163 1585 αὕτη
1178 1492 1266 1606 οὕτω
1281 1499 1378 1584 λέγε-

243 1630 296 1671 ται
310 1597 508 1690 ὀρυχθῆναι.

178 1701 233 1762 ¹5¹
326 1704 457 1775 Τῶνδδ
481 1701 635 1774 δυόδεκα
657 1705 825 1791 βασιλέων
846 1703 1044 1794 δικαιοσύνη
1065 1705 1284 1793 χρεωμένων,
1312 1699 1382 1772 άνά

243 1807 366 1898 χρόνον
387 1803 431 1889 ιδς
453 1813 583 1878 ἔθυσαν
605 1809 642 1875 έν
663 1811 709 1899 τῷ
730 1812 791 1901 ίρῷ
809 1813 870 1877 τοῦ
883 1803 1086 1897 Ἡφαίστου,
1113 1812 1154 1896 τῇ
1173 1802 1299 1895 ὑστάτη
1321 1813 1384 1894 τῆς

243 1908 341 2002 ὁρτῆς
355 1911 547 2002 μελλόντων
562 1917 816 1996 κατασπείσειν,
839 1907 1026 2001 όάρχιρεός
1047 1913 1193 1994 έξένεικέ
1211 1931 1272 1998 σφι
1296 1909 1380 1998 φιά-

245 2027 304 2098 λας
319 2019 477 2107 χρυσέας,
498 2020 576 2104 τῆσί
595 2040 658 2104 περ
680 2013 834 2085 ἐώθεσαν
851 2018 1027 2100 σπένδειν,
1054 2009 1212 2106 ἁμαρτόν
1226 2018 1288 2084 τοῦ
1301 2011 1381 2104 άρι-

280 2186 315 2242 τά
332 2185 386 2258 γάρ
404 2181 649 2256 Σαρδαναπάλλου
668 2207 719 2242 του
709 2190 788 2242 ”-Νί
839 2192 902 2259 συν)
922 2208 982 2244 oum
999 2192 1116 2243 Bredov.
1135 2207 1199 2257 pag.
1219 2189 1269 2243 307
1293 2195 1322 2242 et
1342 2209 1385 2244 re-

247 2278 300 2312 νου
312 2257 450 2329 βασιλέος]
465 2263 566 2327 Scripsi
577 2254 787 2325 Σαρδαναπάλ
838 2269 921 2315 centt.
938 2262 1000 2313 cdd.
1018 2261 1126 2327 scripsi.

246 2333 301 2380 λου
319 2349 380 2383 oum
401 2333 524 2398 probetis
542 2332 627 2381 libris.
662 2333 725 2384 Vid.
751 2332 786 2382 nd
873 2325 1134 2398 σταθμεόμενοι]ἰ.
1158 2347 1183 2381 e.
1208 2331 1333 2382 metiendo
1358 2341 1385 2383 et

246 2401 355 2452 Ctesise
381 2403 505 2468 fregmm.
535 2415 598 2466 pag.
626 2401 687 2453 430.
735 2403 786 2452 Est
836 2403 998 2454 coniectando
1022 2403 1159 2468 diripentes
1180 2402 1258 2464 oiorrr,
1284 2407 1316 2451 ut
1341 2403 1385 2453 in-

246 2486 311 2520 sero
341 2471 409 2521 hsce
439 2486 494 2520 uno
520 2471 592 2535 regis
617 2471 785 2522 celeberrimi
836 2470 1170 2550 terpretatursehweigh„
1184 2485 1298 2536 quocum
1316 2473 1386 2523 scri·

245 2540 373 2590 mentio
365 2557 393 2590 m
406 2541 541 2591 Herodoti
553 2541 650 2602 Musis,
668 2543 714 2607 qni
732 2542 785 2591 lor·
836 2544 878 2608 psi
892 2533 1099 2621 σταθμεόμενοι
1120 2557 1167 2606 pro
1186 2540 1299 2608 vulgate
1316 2555 1384 2590 στα-

246 2615 320 2660 tesee
344 2610 371 2658 in
396 2610 549 2675 Assyriscis
574 2578 651 2660 libri}
676 2609 785 2674 (1.106
836 2603 1021 2676 θμεοίμενοι,
1041 2627 1110 2678 quse
1129 2610 1271 2662 exAldins
1288 2611 1381 2661 fluxit.

245 2680 311 2745 ibiq.
330 2681 401 2744 not.)
420 2680 558 2745 copiosius
582 2679 616 2730 de
638 2695 669 2730 eo
687 2679 786 2730 relatu·
837 2681 915 2733 Coni.
935 2681 1017 2731 etism
1039 2680 1156 2732 Bredov.
1179 2697 1272 2764 pag.
1263 2679 1325 2732 381.
1345 2713 1383 2722 -

246 2765 292 2800 rus
308 2754 382 2812 erat,
402 2765 470 2815 quse
490 2749 583 2800 eedem
608 2755 650 2800 est
667 2751 786 2816 suspicio
837 2753 869 2803 In
888 2767 964 2818 seqq.
983 2751 1018 2801 nd
1036 2747 1169 2800 τοιοῦτον
1191 2744 1288 2816 ἕτερον
1305 2753 1382 2802 conl.

246 2820 347 2871 Nsekii
374 2819 408 2870 ed
431 2819 549 2871 Choerili
573 2819 698 2886 lragmm.
722 2835 786 2886 μσς.
837 2823 860 2888 Ι,
877 2821 1035 2900 licitique
1052 2825 1122 2871 nott

247 2891 308 2952 ¹210,
327 2891 373 2941 ubi
400 2887 474 2954 (inde
497 2905 513 2940 ιι
533 2905 596 2955 pag.
624 2889 673 2942 196
696 2889 787 2956 seqq.)
854 2861 945 2949 ές
918 2905 968 2940 τον
988 2889 1134 2956 Τίγριν-
1148 2878 1201 2954 τὴν
1219 2886 1384 2952 Νῖνον]Ι)ε

246 2961 356 3025 copiose
374 2959 407 3009 de
423 2960 788 3042 Serdsnepsloenrosquetn-
839 2959 1147 3028 argumentolooioenl.
1160 2961 1217 3008 not.
1232 2959 1267 3008 sd
1280 2959 1382 3020 1193.

246 3030 318 3080 mulo
343 3035 370 3080 et
393 3030 571 3094 inscriptione
595 3030 664 3096 egit.
699 3032 788 3096 Atque
838 3063 873 3072 -
891 3032 923 3082 In
944 3031 997 3080 line
1015 3046 1075 3095 cop.
1095 3029 1193 3081 verbs:
1217 3017 1323 3077 ddi‘
1307 3043 1384 3078 νπο-

247 3100 355 3150 videtur
372 3100 445 3150 ierne
462 3101 494 3150 de
510 3100 588 3150 huius
607 3100 680 3164 regis
693 3101 788 3166 opibus
838 3093 990 3168 λαμβάνων
1005 3095 1098 3165 ἔμελλε
1118 3091 1241 3164 διαχεειν
1257 3098 1290 3158 (i.
1303 3115 1328 3149 e.
1342 3098 1385 3148 δίε·

248 3171 316 3218 setis
334 3169 471 3220 celebrato
485 3185 533 3235 per
542 3170 734 3236 antiquitatem
747 3171 789 3219 in·
838 3187 897 3222 vero
929 3169 1010 3221 Nilus
1044 3179 1140 3220 terram
1173 3175 1305 3230 occeptum
1332 3173 1385 3220 ιἰιτι

247 3239 302 3288 isse
315 3239 430 3304 indeque
443 3241 477 3290 ed
490 3240 623 3291 Herodoti
635 3255 713 3291 sures
724 3255 788 3305 quo·
839 3242 977 3305 diffusurus
1000 3239 1068 3304 erat)
1089 3255 1106 3290 e
1128 3239 1249 3304 proxime
1273 3243 1384 3289 antece-

248 3323 300 3372 que
317 3311 473 3373 pervenisse
491 3309 540 3375 (ol.
560 3309 590 3360 (l.
607 3310 639 3360 Ο.
660 3309 787 3360 Mueller:
839 3309 1102 3372 dentibusseinncts‚
1110 3313 1246 3359 structure
1254 3308 1383 3359 consulto

247 3377 345 3428 Kleinc
363 3377 492 3430 deutsche
504 3379 615 3430 christ.
627 3380 664 3430 11.
675 3397 701 3445 p.
716 3377 786 3440 ill),
838 3385 956 3442 mutate,
983 3379 1192 3446 hsudqnaqnsm
1214 3377 1248 3427 sd
1269 3394 1301 3428 es
1321 3395 1383 3443 per-

248 3448 301 3498 nisi
319 3447 398 3498 melis
413 3453 547 3513 statuere,
565 3450 733 3500 Herodotum
745 3463 786 3510 es,
837 3452 939 3513 tinent,
965 3465 1034 3514 quae
1056 3450 1091 3500 sb
1108 3449 1249 3513 Aegyptiis
1274 3449 1385 3513 occepit

248 3532 319 3583 quse
335 3518 363 3569 h.
378 3517 397 3568 l.
416 3524 537 3582 enarret,
556 3521 707 3584 occepisse,
725 3533 786 3568 cum
837 3521 938 3571 Noster
949 3520 1063 3586 indeque
1074 3519 1178 3580 retulit,
1193 3517 1239 3568 sed
1250 3517 1383 3568 iudicium

247 3589 275 3637 iu
293 3586 441 3653 Babylonis
458 3589 524 3638 urbe
541 3604 575 3638 ec
588 3588 788 3654 Mesopotamia
838 3590 978 3654 scriptoris
996 3590 1064 3640 heco
1081 3588 1275 3654 Aegyptiorum
1288 3589 1383 3638 verbis

247 3662 410 3708 versaretur.
454 3658 558 3708 Nomen
581 3657 686 3724 Assyrii
714 3657 787 3722 regie
837 3659 963 3710 addentis
993 3659 1036 3711 vel
1064 3657 1261 3724 interponentis
1291 3657 1385 3709 deols-

247 3728 333 3778 literis
353 3728 475 3777 cunentie
495 3728 638 3792 scriptum,
656 3725 735 3792 quale
748 3727 787 3776 in
837 3735 908 3782 rent.

247 3803 289 3847 ter
307 3797 407 3847 veteris
422 3797 485 3846 Nini
502 3796 630 3863 reliquias
648 3797 787 3847 inventum
1026 3831 1091 3882 cn.
1112 3831 1181 3881 CLI

247 3871 298 3930 eet,
311 3881 408 3917 sonere
417 3865 516 3916 dicitur
527 3866 623 3917 Assar·
625 3867 693 3917 dono
699 3869 788 3930 pullu,-

247 3936 302 3986 vid.
311 3935 458 4002 Oppertin:
467 3935 656 3988 zeitschriitd.
664 3935 785 3986 deutsch.
873 3925 929 3984 άνόι
946 3925 1053 4014 χρόνον
1076 3950 1113 3992 ως
1137 3929 1256 3999 ἔθυσαν]
1281 3935 1324 3986 De
1341 3935 1383 3985 lo-

248 4003 377 4071 morgenl.
405 4005 554 4057 Gesellsch.
572 4005 651 4068 Vlll,
676 4005 701 4058 3.
725 4019 789 4072 pag.
842 4006 950 4055 cutione
966 3989 1022 4052 άνόι
1038 3996 1143 4070 χρόνον
1164 4005 1298 4058 conlerl.
1322 4005 1384 4058 113.

248 4075 361 4126 533.-
382 4076 414 4124 Ιιι
434 4091 509 4142 seqq.
533 4091 594 4126 cum
617 4044 704 4128 (illisi.
725 4075 790 4126 scri-
840 4075 882 4125 Ad
904 4079 1092 4138 argumentum
1123 4075 1195 4124 conl.
1219 4073 1332 4125 iliodor.
1360 4075 1385 4138 Ι,

248 4139 790 4280 33333ίέ33333ίῖ3λῖ33
840 4143 1042 4265 {tntilli
1061 4143 1224 4264 §titt
1249 4159 1387 4265 :titt

248 4295 296 4343 pro
315 4229 453 4360 βασιλῆες
477 4287 503 4331 et
528 4230 636 4347 βαόιλέ
615 4277 653 4332 έα
674 4279 790 4362 propot—
841 4283 932 4333 refert.
970 4229 1385 4346 Addpstrsmtthcn.v1,1o.

250 4345 392 4412 σιλῆα-
406 4341 606 4417 αρυσουν(ρτο
620 4343 723 4418 vulg
706 4365 791 4417 ορνσ-
841 4367 905 4418 pag.
923 4351 983 4402 231.
