3086 4952
594 249 719 312 CLIO.
743 252 767 312 I.
793 262 851 314 112.
878 263 935 318 113.
960 263 1018 317 114.
1314 255 1375 318 245

238 418 257 490 ό
279 448 316 492 τε
342 419 407 510 γὰρ
428 421 575 502 τεθνεός
598 429 773 514 βασιληΐης
794 430 901 516 ταφῆς
927 426 1082 516 κυρήσει,
1110 431 1166 498 καλ
1189 423 1207 496 ὁ
1227 425 1373 518 περιττόν

238 522 300 595 οὐκ
325 521 459 594 ἀπολέει
482 523 543 614 τὴν
566 525 688 616 ψυχήν.
736 529 851 618 Κάρτα
875 557 910 598 τε
931 533 1023 612 ἔδοξε
1046 535 1092 624 τῷ
1110 531 1264 623 βουκόλῳ
1290 531 1439 621 πρός113

237 625 278 696 τὰ
295 627 462 716 παρεόντα
480 621 518 696 εὖ
532 631 643 714 λέγειν
663 625 803 722 ἡμυνη,
827 634 882 700 καὶ
904 628 1022 702 αὐτίκα
1042 637 1150 704 ἐποίεε
1170 640 1284 704 ταῦτα.
1312 635 1371 707 τόν

238 731 301 820 μὲν
319 737 419 821 ἔφερε
438 731 646 802 θανατώσων
667 740 786 820 παῖδα,
805 739 924 804 τοῦτον
941 736 1003 823 μὲν
1025 743 1208 827 παραδιδοῖ
1226 744 1267 830 τῇ
1284 741 1368 810 ἔων·

239 839 299 904 τοῦ
316 842 467 922 γυναικί·
496 835 555 905 τόν
576 835 613 904 δὲ
634 837 778 923 ἑωυτοῦ,
803 837 900 907 ἐόντα
917 837 1054 928 νεκρόν,
1076 838 1190 929 λαβων
1212 849 1316 930 ἔθηκε
1337 847 1370 926 ἐς

237 935 275 1006 τό
300 935 418 1027 ἄγγος,
447 941 485 1010 ἐν
505 944 551 1032 τῷ
575 945 675 1028 ἔφερε
696 936 755 1008 τόν
779 943 907 1028 ἕτερον·
940 940 1105 1030 κοσμήσας
1126 944 1163 1012 δὲ
1183 950 1229 1037 τῷ
1255 945 1368 1042 κόσμφ

236 1044 335 1112 παντὶ
349 1047 409 1112 τοῦ
424 1043 539 1133 ἑτέρου
554 1039 691 1126 παιδός,
708 1045 824 1131 φέρων
837 1045 870 1124 ἐς
886 1041 923 1114 τό
941 1043 1141 1132 ἐρημότατον
1158 1052 1226 1115 τῶν
1240 1047 1369 1138 οὐρέων

192 1155 336 1215 sirenes.
374 1140 418 1226 ὡς
436 1147 474 1214 δὲ
491 1153 585 1235 τρίτη
605 1141 711 1234 ἡμέρη
734 1151 781 1240 τῷ
800 1151 923 1240 παιδίῳ
941 1150 1120 1240 ἐκκειμένῳ
1145 1150 1293 1236 ἐγένετο,
1318 1151 1370 1241 ἤϊε

234 1251 267 1330 ές
289 1247 389 1318 πόλιν
414 1243 431 1316 ό
452 1248 632 1337 βουκόλος,
664 1254 734 1318 τεόν
754 1275 831 1318 τινα
859 1249 1058 1338 προβόσκων
1082 1249 1235 1336 φύλακον
1268 1249 1372 1324 αὐτοῦ

234 1349 436 1422 καταλιπόν.
484 1348 596 1422 ἐλθόν
625 1351 662 1420 δὲ
689 1355 721 1432 ἐς
747 1357 807 1420 τοῦ
840 1348 1009 1441 Ἀρπόγου
1039 1349 1280 1424 ἀποδεικνύναι
1305 1363 1370 1445 ἔφη

234 1458 361 1545 ἑτοῖμος
380 1453 467 1524 εἶναι
491 1460 552 1524 τοῦ
571 1459 707 1524 παιδίου
731 1452 789 1523 τόν
814 1457 927 1524 νέκυν.
958 1459 1088 1544 πέμψας
1112 1457 1149 1525 δὲ
1170 1452 1371 1546 δ”Αρπαγος

233 1563 301 1629 τόν
320 1561 448 1628 ἑωυτοῦ
469 1555 672 1647 δορυφόρων
697 1555 775 1638 τούς
800 1559 1031 1644 πιστοτάτους,
1063 1558 1136 1628 εἶδέ
1154 1587 1190 1628 τε
1211 1559 1268 1630 διδι
1290 1561 1369 1631 τοό-

233 1690 318 1748 των,
342 1664 397 1731 καὶ
422 1667 530 1745 ἔθαψε
547 1666 608 1730 τοῦ
624 1659 791 1750 βουκόλου
810 1659 847 1730 τό
866 1668 1013 1731 παιδίου.
1041 1665 1097 1730 καὶ
1119 1659 1234 1751 τὸμὲν
1250 1667 1368 1734 ἐτέθα-

234 1787 311 1835 πτο·
327 1763 386 1836 τόν
396 1765 433 1835 δέ
443 1761 585 1855 ὕστερον
598 1764 727 1834 τούτων
737 1770 853 1854 Κῦρον
866 1762 1120 1854 οὐνομασθέντα
1131 1773 1370 1855 παραλαβοῦσα

234 1876 354 1958 ἔτρεφε
368 1863 388 1958 ἡ
402 1866 489 1958 γυνὴ
511 1874 571 1937 τοῦ
589 1866 778 1956 βουκόλου,
802 1865 929 1957 οὕνομα
943 1867 1024 1938 ἄλλο
1039 1868 1102 1937 κού
1118 1895 1150 1936 τι
1165 1871 1221 1938 καὶ
1242 1867 1283 1938 οὐ
1296 1877 1368 1939 Kb-

235 2001 296 2062 ρον
312 1976 452 2062 θεμένη.

312 2078 379 2145 Καὶ
398 2071 451 2145 ότε
471 2071 513 2163 δὴ
527 2065 569 2163 ἦν
585 2077 742 2161 δεκαέτης
763 2069 780 2142 ό
798 2090 892 2158 παῖς,
911 2078 1047 2163 πρῆγμα
1065 2074 1098 2153 ές
1115 2069 1220 2145 αὐτόν
1238 2073 1438 2144 τοιόνδε114

237 2177 417 2268 γενόμενον
431 2180 572 2266 ἐξέφηνέ
583 2205 651 2265 μιν.
680 2182 790 2260 ἔπαιζε
810 2179 847 2245 ἐν
863 2181 902 2266 τῇ
916 2175 1010 2266 κώμη
1026 2175 1146 2264 ταύτῃ,
1169 2181 1206 2248 ἐν
1226 2182 1265 2266 τῇ
1284 2169 1370 2267 ἦσαν

236 2283 292 2350 καὶ
310 2287 349 2351 αλ
358 2288 532 2370 βουκολίαι
551 2271 666 2362 αὗται,
690 2285 800 2363 ἔπαιζε
816 2279 854 2348 δὲ
871 2276 941 2368 μετ’
960 2277 1073 2348 ἄλλων
1088 2275 1216 2368 ἡλίκων
1229 2283 1266 2350 ἐν
1279 2277 1368 2376 ὁδῷ·

235 2387 291 2453 καὶ
310 2389 345 2454 ολ
364 2391 481 2464 παῖδες
499 2391 669 2467 παίζοντες
688 2387 816 2452 εἴλοντο
839 2385 974 2453 ἑωυτῶν
993 2386 1131 2471 βασιλέα
1146 2382 1232 2453 εἶναι
1250 2390 1370 2455 τοῦτον

235 2484 278 2576 δὴ
299 2486 359 2559 τὸν
381 2493 441 2558 τοῦ
464 2486 631 2575 βουκόλου
656 2489 832 2574 ἐπίκλησιν
854 2491 968 2556 παῖδα.
1006 2481 1083 2556 ὅδὲ
1104 2481 1217 2556 αὐτῶν
1242 2491 1370 2571 διέταξε

412 2704 477 2755 Cur.
496 2703 599 2756 CXIII.
827 2701 1085 2771 βοσκοςΒΙοωβσΙδ.
1104 2701 1140 2750 ud
1153 2705 1279 2770 Aeschyl.
1298 2709 1372 2772 Aga.

269 2797 321 2856 25„
338 2803 401 2870 μὲν
419 2803 501 2871 ἔφερε
518 2799 696 2856 θανατώσων
713 2809 778 2856 παῖ,
828 2791 924 2826 memn.
940 2774 1000 2834 918,
1019 2772 1066 2821 ubi
1083 2771 1184 2835 legitur
1200 2771 1371 2841 πρόδουλος,

234 2875 281 2940 δα,
300 2873 404 2926 τοῦτον
416 2871 478 2940 μὲν
493 2874 652 2940 παραδιδοῖ
669 2893 694 2926 κ.
706 2874 776 2940 τ.λ.]
827 2846 847 2896 i·
866 2861 889 2895 θ’
909 2844 955 2909 ‘lui
974 2841 1046 2891 mvi
1064 2842 1139 2890 Vi⁰⁶⁸
1157 2845 1236 2905 gerit·
1262 2845 1304 2894 Ad
1323 2863 1372 2896 VO·

235 2947 277 2998 De
289 2946 423 3011 particula
432 2941 484 3012 μὲν
496 2948 524 2997 in
536 2947 577 2996 bis
592 2947 693 2996 iterata
705 2946 777 2996 conf.
829 2903 1032 3032 οθωῐφύλακοῗ
1048 2910 1082 2958 ef·
1102 2909 1125 2972 1’
1138 2911 1172 2959 8⁴¹
1190 2912 1282 2976 ibi‘1¹¹⁰
1301 2920 1370 2996 flqlt·

235 3016 273 3077 11¹
295 3017 353 3066 ηηηι
829 3015 864 3023 -
898 2998 915 3031 n
934 2994 994 3043 cap.
1015 2993 1073 3042 seq.
1094 2994 1188 3028 vocem
1213 2979 1370 3046 poenotens,

830 3067 900 3119 quse
918 3047 1046 3098 adiectivi
1065 3047 1121 3096 vim
1140 3047 1222 3098 habet
1239 3050 1266 3098 in
1286 3050 1373 3101 Theo-

264 3115 328 3199 ,cuv
346 3133 410 3167 τινα
427 3132 492 3180 προ
499 3109 632 3184 βόσκων
649 3109 780 3182 φόλακον
830 3138 893 3188 gon.
912 3117 1025 3168 Hesiod.
1046 3117 1105 3179 445,
1120 3117 1286 3170 substantivi
1300 3121 1372 3186 apud

235 3186 327 3236 αυτοῦ
355 3181 528 3253 καταλιπών]
557 3179 718 3252 ποόβθσκῦῖ
745 3187 779 3237 de
829 3189 1007 3250 Herodotum,
1026 3185 1325 3240 illustrutSeboemnnn
1344 3191 1372 3240 iu

233 3265 339 3320 pastore
357 3273 417 3307 cum
435 3258 522 3308 rarius
537 3261 662 3308 occurrat
681 3254 706 3321 (e
717 3255 780 3306 Phi·
828 3262 975 3312 Dissertat.
997 3257 1030 3306 ‹le
1043 3256 1148 3307 Hecate
1166 3259 1279 3310 Hesiod.
1294 3259 1373 3325 (Gry-

236 3327 298 3376 lone
319 3327 380 3378 Iud.
404 3328 501 3392 Legat.
523 3326 621 3404 P·,⁹⁹3
643 3327 679 3377 D.
702 3326 779 3374 Wes·
829 3328 964 3396 phisvuld.
983 3322 1072 3388 1851.)
1090 3343 1117 3391 p.
1139 3327 1178 3377 10.

235 3397 333 3460 κολίας.
353 3396 449 3447 laudnt
476 3393 672 3462 προβοσκημα,
699 3395 778 3445 modo

235 3481 331 3515 senum
354 3465 418 3532 sit),
441 3466 558 3531 suspicio
586 3471 644 3516 ortu
663 3464 779 3514 Valcke-
1011 3497 1067 3546 cu,
1096 3496 1183 3546 CXIV

235 3535 327 3597 nario,
347 3536 564 3586 substituendam
580 3551 675 3586 vocem
693 3533 779 3599 magis
1070 3533 1076 3546 '
1185 3533 1192 3545 '

236 3605 368 3655 usitatam
386 3597 579 3672 αέγοβόσκων,
602 3619 671 3669 quse
689 3609 778 3652 tamen
865 3597 976 3650 εΐλοντο
1004 3590 1116 3648 έωντών
1140 3593 1254 3661 βασιλέα
1277 3589 1373 3646 εἶναι

235 3681 266 3724 ut
286 3676 349 3732 ταῖς
366 3671 528 3739 βονκολιάις
543 3673 779 3733 οεαοοουτουὶοῑ,
830 3668 935 3721 τοῦτον
954 3660 990 3732 δὴ
1009 3683 1034 3716 τ.
1053 3682 1076 3716 τ.
1102 3665 1138 3732 λ]
1163 3667 1300 3718 Notnrunt
1322 3665 1373 3716 hoc

235 3746 293 3794 iure
316 3745 413 3794 metuit
434 3743 639 3808 Wesselingius.
674 3733 779 3808 τιρόβο-
831 3739 938 3792 dicendi
962 3753 1060 3802 genus,
1086 3751 1139 3800 quo
1161 3735 1311 3786 infinitivus
1335 3728 1373 3784 εἷ-

236 3827 304 3870 σκος
318 3829 335 3863 n
353 3814 459 3878 Toupio
476 3813 575 3877 (Epist.
596 3813 683 3862 critic.
700 3827 726 3874 p.
746 3809 779 3860 66
831 3825 877 3860 ναι
890 3807 1059 3859 abundanter
1071 3805 1128 3854 sere
1142 3804 1303 3870 quibusdem
1315 3821 1373 3856 ver·

236 3884 278 3933 ed.
299 3881 389 3949 Lips.)
410 3883 561 3948 explicatur
578 3880 743 3932 subbubuleue
756 3894 778 3929 s.
830 3880 872 3929 bis
898 3877 997 3942 apponi
1023 3876 1144 3937 videtur,
1167 3874 1218 3924 viri
1242 3874 1316 3925 docti
1337 3875 1373 3925 ad

235 3955 313 4002 locum
329 3961 416 4003 lenens
435 3953 546 4010 tulum
564 3951 617 4001 nisi
636 3950 727 4015 potius
742 3949 780 3997 its
830 3949 958 4012 Vigerurn
986 3945 1018 3995 de
1046 3945 1202 3997 idiotismru.
1230 3959 1292 4010 pag.
1321 3945 1373 3996 750

237 4022 434 4087 accipiendum,
452 4027 483 4072 nt
512 4019 648 4071 inferioris
677 4017 780 4068 ordinis
831 4033 906 4082 seqq.
925 4015 1036 4064 Weiske
1054 4015 1087 4064 de
1103 4013 1250 4079 pleonasm.
1265 4014 1372 4079 pagus

237 4097 375 4156 pastorem
395 4091 505 4152 indicet,
524 4091 569 4154 qui
597 4090 647 4139 sub
669 4087 780 4153 imperio
832 4102 888 4152 seq.
901 4084 987 4135 Paulo
1000 4074 1276 4148 μοελέπίκλησινεαλι
1291 4085 1372 4134 istum

237 4161 315 4225 qussi
350 4161 420 4210 nlius
463 4159 594 4225 praefecti
634 4157 780 4223 superioris
832 4154 942 4206 bubulci
957 4169 1068 4218 puerum
1088 4155 1220 4204 secundusne
1242 4167 1374 4217 copnomen

237 4229 338 4294 (qualis
358 4235 400 4280 est
417 4225 577 4294 Harpagus)
594 4232 717 4278 armentu
736 4241 781 4290 pn·
832 4241 900 4276 suum
918 4239 940 4273 s.
955 4231 1035 4287 prout
1057 4225 1166 4273 nimbum
1188 4225 1280 4288 relt'qur'
1299 4225 1376 4284 pum·

237 4304 297 4350 sent
316 4315 350 4350 sc
372 4305 459 4366 reget.
478 4298 580 4350 Attulit
600 4313 693 4348 rocem
712 4286 781 4360 πρό·
833 4311 884 4346 euru
901 4296 1073 4359 σοριιοαιίοαττ
1087 4293 1208 4342 solebant.
