3008 4924
225 289 285 348 770
655 276 926 338 ΗΕΒΟΒΟΤΙ

224 461 372 551 μετέωρα
397 459 466 524 τόν
494 452 684 542 οἰκημάτων
710 447 810 521 αὐτοί
815 473 870 520 ἱ’τε
898 443 1046 538 όρέομεν
1076 444 1273 529 διεξιόντες,
1302 443 1359 512 καὶ

225 561 320 634 αὐτοὶ
346 558 552 647 θεησόμενοι
579 559 736 645 λέγομεν·
774 551 814 623 τόι
841 553 879 623 δὲ
905 550 1018 622 αὐτοῖν
1051 545 1198 639 ὑπόγαια
1230 546 1359 634 λόγοισι

225 663 502 751 ἐπυνθανόμεθα.
531 665 566 730 οἰ
581 659 645 751 γὰρ
667 663 866 738 ἐπεστεῶτες
880 663 949 726 τῶν
970 661 1169 742 Αἰγυπτίων
1187 651 1362 721 δεικνύναι

226 767 310 840 αὐτὰ
336 763 492 854 οὐδαμῶς
514 763 658 854 ἤθελον,
686 761 829 850 φάμενοι
849 760 958 850 θήκας
981 756 1102 829 αὐτόθι
1124 756 1212 828 εἶναι
1234 759 1302 824 τῶν
1325 779 1362 821 τε

225 871 331 963 ἀρχὴν
343 868 403 939 τόν
425 867 634 958 λαβύρινθον
647 870 767 934 τοῦτον
787 865 1104 952 οἰκοδομησαμένων
1120 860 1287 950 βασιλέων
1302 858 1361 924 καὶ

226 982 295 1046 τῶν
313 979 397 1064 ἱρῶν
414 977 651 1062 κροκοδείλων.
686 965 774 1037 οὕτω
794 973 863 1036 των
878 967 939 1057 μὲν
960 966 1049 1034 κάτω
1071 967 1148 1054 πέρι
1169 961 1364 1050 οἰκημάτων

261 1139 384 1208 φάμενοι
404 1131 500 1204 θήκας
522 1129 628 1188 αὐτόθι
647 1129 720 1186 εἶναι
742 1151 767 1186 κ.
819 1135 880 1186 dem
898 1137 1000 1200 negant
1019 1137 1045 1182 et
1065 1146 1143 1197 reges
1161 1135 1188 1181 et
1210 1126 1365 1180 crocodilos

227 1229 251 1264 τ.
271 1211 307 1278 1.]
325 1203 420 1275 θήκὰς
437 1208 575 1258 conditorio
595 1207 670 1268 dicit,
686 1207 770 1270 sepul·
821 1221 912 1256 sacros
939 1205 967 1252 in
995 1201 1150 1267 labyrintho
1177 1199 1285 1265 sepeliri
1317 1213 1366 1262 po·

228 1299 285 1334 ero.
321 1281 385 1331 Vid.
401 1279 438 1341 Il,
451 1277 493 1328 07.
523 1275 770 1341 Labyrinthnmre·
819 1276 906 1325 titisse
924 1273 1045 1338 adeoque
1061 1269 1205 1321 nonnullos
1216 1283 1311 1319 resera
1324 1283 1367 1316 se·

228 1353 308 1419 gibus
327 1347 490 1414 sepeliendis
508 1345 673 1395 destinatum
685 1345 771 1395 tuisse
820 1345 911 1410 pultes
935 1343 1034 1403 videri3
1061 1341 1171 1390 minime
1192 1345 1283 1389 temen
1301 1353 1364 1387 eum

228 1423 344 1486 indeque
372 1416 550 1468 monumentis
574 1416 770 1480 Aegyptiorum
821 1418 848 1464 in
872 1429 950 1464 nsum
974 1413 1053 1462 unice
1075 1414 1242 1461 exstructum
1265 1407 1365 1468 rideri,

228 1483 770 1556 sepulcralibneaccensendnmesseplu·
821 1499 880 1534 eum
904 1483 994 1549 potios
1017 1487 1168 1546 temporum
1192 1479 1306 1528 decursu
1328 1475 1365 1525 ed

228 1577 272 1611 res
297 1556 460 1618 retulerunt,
489 1569 650 1620 quamquam
676 1559 770 1604 nostra
821 1555 912 1602 varias
932 1567 974 1602 ree
999 1551 1057 1600 eins
1080 1565 1145 1600 usne
1170 1547 1292 1599 revocari
1315 1561 1365 1610 po-

159 1683 162 1688 ,
229 1634 320 1680 aetate
344 1624 392 1676 alii
412 1625 490 1674 aliter
507 1628 671 1673 statuerunt.
706 1621 770 1673 vid.
821 1623 912 1672 tuerit.
949 1623 1025 1684 Quae
1043 1635 1103 1670 cum
1122 1620 1161 1669 ita
1179 1620 1249 1680 sint,
1268 1617 1367 1682 proba·

229 1698 308 1749 modo
332 1695 417 1746 Book.
440 1693 606 1759 Weltgesch.
627 1709 691 1759 pag.
710 1694 769 1754 722,
821 1691 875 1741 bile
896 1692 1004 1742 videtur
1024 1691 1089 1740 viris
1108 1689 1218 1751 iisdem,
1244 1686 1366 1751 labyrin-

229 1769 365 1819 Letronne
383 1765 402 1815 l.
415 1763 433 1814 l.
451 1779 514 1829 pag.
534 1764 593 1815 154.
630 1762 770 1828 Templum
820 1763 896 1811 thum
915 1761 999 1810 fuisse
1011 1760 1107 1822 locum,
1127 1759 1154 1807 in
1168 1773 1221 1824 quo
1235 1755 1366 1822 Aegyptii

230 1844 258 1888 et
284 1837 385 1888 curiam
413 1835 499 1884 luisse
521 1836 601 1898 putat
622 1833 713 1896 Zoega
737 1832 771 1882 de
822 1838 849 1882 et
880 1831 1056 1881 convenerint
1085 1833 1113 1878 et
1143 1827 1365 1886 deliberaverint,

230 1907 356 1958 obelisco.
375 1919 439 1970 pag.
456 1903 515 1953 417.
534 1907 590 1952 not.
604 1901 634 1965 9,
654 1916 771 1952 eommo—
821 1915 990 1952 communem
1012 1899 1087 1950 illum
1106 1897 1213 1964 quidem
1238 1895 1365 1946 omnibns

230 1981 274 2026 tus
304 1975 475 2041 potissimum
506 1972 648 2023 Strabonis
682 1971 771 2021 verbio
823 1972 921 2032 nemis,
941 1971 988 2034 qui
1006 1967 1105 2034 singuli
1120 1983 1183 2017 suos
1200 1967 1366 2016 bieinvene-

230 2045 318 2096 XVII.
339 2059 365 2110 p.
385 2043 432 2092 811
460 2059 481 2092 s.
508 2057 535 2106 p.
556 2041 633 2092 1105.
659 2041 725 2091 1135
743 2043 771 2089 et
822 2041 877 2089 rint
894 2039 958 2089 deos
976 2039 1133 2103 bestiasque
1151 2051 1257 2096 eaoras;
1278 2041 1308 2084 ut
1324 2033 1365 2083 ls-

229 2115 313 2166 Plinii
326 2115 363 2164 H.
378 2113 412 2162 N.
423 2109 548 2172 XXXVI,
565 2109 605 2172 13,
624 2109 690 2159 illud
708 2123 770 2158 vcro
822 2109 963 2174 byrinthus
979 2109 1057 2173 quasi
1070 2107 1206 2172 pantheon
1222 2106 1304 2156 fuerit
1314 2107 1367 2154 Ae-

231 2185 378 2244 ediiciens,
389 2181 540 2246 quicunqne
550 2178 698 2243 labyrinthi
709 2193 772 2228 eon·
822 2180 953 2244 gyptium.
989 2179 1014 2228 N
1016 2193 1046 2227 ec
1065 2177 1144 2228 aliter
1160 2176 1243 2226 ferme
1253 2177 1365 2225 Buneen

231 2253 303 2303 ditor
331 2252 427 2312 inerit,
459 2263 518 2298 eum
548 2248 699 2312 sepulcrum
725 2247 773 2296 ba·
822 2249 839 2298 l.
865 2249 883 2300 1.
905 2249 944 2298 11.
973 2264 1000 2312 p.
1024 2247 1083 2298 322.
1127 2248 1200 2296 Baur
1231 2245 1365 2310 (Tiibing.

230 2323 323 2372 buisee
343 2319 429 2370 rideri
447 2318 497 2367 sub
520 2315 674 2381 pyramide,
702 2331 771 2381 quae
821 2318 953 2367 Zeitechr.
972 2317 991 2367 f.
1007 2315 1138 2382 Theolog.
1154 2314 1230 2367 1832.
1245 2315 1267 2364 1.
1281 2329 1308 2379 p.
1320 2313 1365 2378 54)

231 2389 354 2440 aedificio
374 2393 433 2438 erat
450 2386 557 2436 adiecta
575 2385 644 2450 (vid.
662 2401 689 2450 p.
708 2387 769 2435 417.
822 2392 881 2436 toto
907 2387 1055 2451 labyrinthi
1077 2383 1201 2435 aedilicio
1228 2389 1270 2433 ter
1292 2382 1368 2433 nrille

231 2465 288 2510 not.
315 2455 452 2519 101.1.).
491 2456 633 2504 Mannerto
657 2455 769 2520 (Geogr.
823 2457 898 2506 celita
917 2456 1050 2506 instructo
1062 2457 1211 2520 Aegyptios
1226 2453 1366 2504 declarare

232 2527 258 2578 d.
278 2527 324 2578 Gr.
350 2541 378 2578 u.
397 2527 490 2575 Roem.
514 2525 555 2587 X,
574 2524 598 2576 l.
623 2539 685 2590 pag.
705 2525 769 2588 440)
822 2526 941 2575 voluisse
957 2527 1097 2575 existimat
1111 2525 1287 2590 migrationes
1305 2537 1367 2574 cur-

231 2597 362 2662 palatium
380 2594 452 2644 baud
470 2592 581 2658 vulgare
599 2594 684 2644 fuisse
698 2594 772 2644 vide·
823 2611 923 2660 susque
945 2595 1097 2645 mortalium
1115 2595 1143 2643 in
1167 2594 1218 2643 bae
1241 2595 1300 2642 rito
1320 2591 1367 2642 ad-

231 2672 289 2728 tur,
313 2665 375 2728 „ein
387 2661 612 2728 Praohtgcbaude
629 2679 683 2714 von
701 2679 771 2729 gana
823 2665 930 2715 modurn
950 2664 1099 2714 fluctuante
1122 2667 1217 2728 totque
1236 2663 1367 2727 ambages

232 2737 324 2802 signer
350 2734 439 2795 llrt,“
474 2733 546 2798 quod
573 2737 664 2783 tamen
693 2748 772 2799 reges
824 2733 975 2786 exhibente.
1003 2735 1168 2786 Graecorum
1185 2733 1366 2797 labyrinthos,

231 2806 341 2857 minime
363 2803 525 2864 habitarint,
555 2818 614 2852 cum
637 2803 774 2868 haudque·
823 2805 868 2870 qui
892 2805 926 2854 ad
950 2805 1077 2870 Aegyptii
1104 2801 1252 2868 labyrinthi
1279 2817 1368 2852 exem-

232 2891 313 2942 quam
332 2878 424 2940 aptum
439 2873 519 2922 tuerit
536 2872 572 2922 ad
584 2871 772 2923 habitandum.
823 2874 882 2939 pler
894 2876 1012 2924 conlecti
1025 2873 1159 2936 dicuntur,
1179 2872 1213 2922 ad
1230 2871 1368 2937 sepulcro-

233 2947 358 2998 Gatterer
375 2941 394 2994 l.
407 2943 424 2993 l.
436 2958 500 3007 pag.
513 2941 547 2992 00
559 2957 616 3007 seq.
636 2943 699 2992 inde
713 2958 774 3007 pre·
823 2959 881 2994 rum
905 2949 1077 2994 monumenta
1094 2942 1176 2992 refert
1188 2941 1221 2992 Ο.
1241 2942 1367 2992 Mueller.

232 3016 335 3076 iectus,
370 3012 442 3078 qnod
469 3011 653 3076 labyrinthus,
685 3011 774 3077 qualis
821 3013 1000 3078 Arobaeolog.
1019 3016 1044 3076 ξ.
1062 3013 1105 3074 50,
1121 3015 1147 3062 2.
1170 3011 1302 3076 Equidem
1318 3027 1368 3060 no-

233 3089 387 3136 exstructus
397 3097 456 3133 esse
464 3087 598 3143 narratur,
610 3095 697 3146 neque
707 3086 775 3132 tem·
821 3083 868 3132 lim
883 3083 1029 3148 quidquam
1039 3082 1192 3142 decernere,
1203 3097 1368 3147 quemquam

232 3153 306 3220 plum
323 3167 412 3217 neque
429 3153 606 3217 regiamque
622 3151 774 3216 sepulerum
824 3155 908 3202 sacris
926 3153 1015 3218 potius
1035 3153 1114 3202 rebus
1128 3150 1207 3217 (quae
1225 3167 1285 3202 curo
1304 3154 1366 3216 ipsa

232 3220 774 3287 regiumeasepotuerit,opnshoosplen·
824 3223 991 3273 astronomia
1016 3221 1086 3287 apud
1112 3222 1263 3288 Aegyptios
1289 3227 1367 3272 arcte

233 3290 400 3341 didissimum
412 3290 583 3341 aedificatum
593 3306 653 3341 esse
662 3291 773 3341 statuit:
823 3295 984 3342 coniunctae
997 3291 1081 3341 irrisae
1091 3307 1167 3341 nemo
1178 3291 1276 3357 nescit)
1284 3307 1367 3356 quam

234 3361 348 3426 „primo,
366 3363 396 3409 nt
407 3365 623 3424 repraesentaret
632 3377 692 3411 oum
705 3360 774 3410 coeli
822 3361 937 3427 publicis
960 3366 987 3411 et
1005 3361 1130 3411 civilibus
1147 3361 1265 3426 negotiis
1287 3377 1367 3426 pero-

233 3430 353 3480 nniversi
371 3435 428 3478 tum
445 3430 575 3494 imprimis
598 3430 679 3480 etiam
697 3429 773 3491 solie,
823 3432 918 3496 gendis
942 3436 1020 3480 tante
1041 3431 1189 3496 labyrinthi
1213 3430 1296 3482 moles
1321 3447 1368 3482 ex-

233 3500 330 3562 lnnae,
357 3503 578 3565 caeterorumque
604 3498 773 3564 planetarum
823 3505 928 3551 etrncta
945 3501 1031 3551 luisse
1049 3501 1165 3551 videtur.

235 3570 355 3621 ordinem
370 3585 403 3619 ac
417 3574 532 3619 motum:
552 3567 656 3632 deinde,
673 3574 703 3618 ut
713 3583 774 3633 per·
857 3601 914 3652 τῶν
936 3618 964 3653 τε
988 3593 1097 3668 ἀρχὴν
1123 3635 1157 3644 -
1175 3599 1366 3668 ορκορομησα,

821 3670 923 3740 μένων]
943 3663 1034 3739 ἀρχὴν
1051 3673 1125 3724 valet
1141 3674 1173 3724 oh
1190 3675 1267 3736 initio,
1288 3674 1367 3725 inde·

824 3757 875 3824 que
900 3745 1010 3804 ornniao,
1035 3759 1154 3808 prorsas,
1181 3749 1212 3793 ut
1237 3745 1289 3806 IV,
1314 3744 1367 3796 150

823 3825 886 3862 οσοι
908 3804 999 3878 ἀρχὴν
1021 3805 1048 3870 lc
1066 3805 1119 3878 τὴν
1143 3804 1280 3862 ἇτιοικιάν
1295 3803 1366 3864 ἄπε-

823 3873 979 3946 στόλησαν;
1010 3883 1088 3948 plura
1109 3881 1165 3933 vid.
1191 3885 1227 3934 ad
1248 3883 1274 3943 I,
1297 3883 1314 3932 9
1337 3890 1366 3934 et

823 3952 846 4012 I,
866 3951 900 4002 80
916 3957 986 4002 nott.
1016 3953 1086 4003 Hinc
1102 3953 1219 4004 Bunscn.
1233 3952 1251 4002 l.
1266 3951 1284 4004 l.
1298 3969 1366 4020 pag.

823 4021 873 4074 307
892 4021 992 4094 reddit:
1011 4025 1166 4090 „originally
1184 4039 1207 4076 s.
1223 4030 1366 4089 urspring-

822 4091 900 4142 ἰίοἰι.“

233 3639 381 3705 spiciendis
396 3637 638 3703 computandisqne
657 3643 711 3687 tem
731 3655 773 3688 so·

232 3709 266 3759 lis
283 3725 363 3774 quam
382 3708 463 3758 lunae
488 3707 634 3772 eclipsibus
661 3709 774 3758 inservi·

190 3823 195 3830 .
233 3784 289 3839 ret3
317 3778 431 3843 deniqne
460 3792 492 3828 ac
520 3778 641 3842 inprimis
665 3777 771 3842 quidem

234 3865 266 3899 eo
290 3847 417 3910 consilio,
441 3851 473 3896 nt
494 3846 625 3912 astrologi
645 3847 773 3912 Aegyptii

234 3933 267 3968 ex
279 3917 541 3978 constellationibus,
557 3917 585 3966 in
604 3931 670 3982 quas
689 3917 773 3966 homi-

234 3987 276 4036 nis
295 3989 476 4051 cuiuscunque
501 3985 567 4036 hora
584 3987 684 4036 natalis
706 3987 773 4036 inci-

234 4056 329 4120 debat,
354 4056 442 4121 qnalis
465 4056 544 4106 buius
565 4056 608 4106 rel
630 4056 703 4106 illius
726 4056 773 4105 ho-

234 4125 314 4174 minis
338 4141 392 4176 nou
408 4127 465 4175 vita
489 4130 609 4188 tentum,
634 4125 681 4176 sed
700 4141 771 4176 mere

234 4193 317 4243 etiam
335 4209 367 4243 ac
388 4199 450 4258 post
471 4201 583 4245 mortem
603 4211 661 4245 sors
679 4195 773 4246 future
857 4191 904 4244 καὶ
916 4193 973 4243 τόν
987 4189 1057 4260 spoia
1069 4194 1268 4262 κροκοδείλων]
1283 4195 1365 4248 Cerri.

234 4266 319 4322 esset,
346 4265 502 4326 praedicere
522 4265 663 4329 possent.“
700 4263 772 4316 Galli
823 4265 859 4326 II,
878 4266 912 4316 00
929 4265 1020 4331 ibique
1036 4273 1106 4318 nott.
1143 4267 1185 4317 Ad
1201 4259 1276 4332 ἀκοῇ
1289 4267 1364 4318 cont.

233 4329 308 4382 docti
325 4329 392 4394 (vid.
408 4331 427 4384 l.
445 4332 463 4384 l.
482 4347 546 4397 pag.
565 4333 609 4400 40)
629 4333 701 4385 haud
715 4335 773 4400 qni·
821 4335 859 4398 11,
883 4334 940 4386 1⁴23.
