3064 4940
223 295 282 357 111
605 277 607 283 ’
639 292 922 358 uuaonour

305 465 374 537 δίζω
396 457 467 542 ἥσε
488 455 563 526 θεὸν
584 459 786 544 μαντεύσομαι
803 453 824 544 ἦ
846 457 1024 548 ἄνθρωπον.

303 558 371 629 dll'
397 566 440 628 ἔτι
462 564 512 626 καὶ
533 567 646 644 μᾶλλον
669 558 744 630 θεὸν
768 567 910 648 ἔλπομαι,
932 553 955 630 d
978 564 1145 650 Λυκόοργε.

217 745 245 791 ct
260 739 401 805 probatur,
421 743 548 788 monente
565 737 619 802 Gra,
638 738 765 803 Apollon.
817 738 870 790 duo
887 737 926 789 illi
945 755 1056 802 versus,
1076 757 1143 807 quoe
1164 740 1301 791 Diodorus
1322 741 1362 791 al-

219 809 307 862 Rhod.
327 809 349 871 1,
369 809 432 860 162.
450 809 562 858 Homer.
581 807 625 858 Ili.
638 808 684 872 Vl,
705 808 763 872 130,
817 809 878 873 lert,
894 811 1037 875 postmodo
1054 809 1111 862 ficti
1129 811 1280 876 ceterisque
1296 827 1361 876 qna-

218 879 265 929 ubi
285 879 342 929 vid.
366 880 473 943 Heyne.
508 879 560 928 Est
582 881 672 928 eutem
691 884 765 928 utre·
816 885 879 931 tuor
897 881 1058 946 primitivis,
1084 881 1130 947 qui
1148 881 1220 945 opud
1239 881 1361 932 Herodo-

219 946 763 1016 qnelormausitate‚ntsoribitBoeclrh.
816 955 872 1000 tum
907 949 1047 1017 leguntur,
1084 951 1184 1001 adiecti
1219 951 1360 1001 videntur:

219 1020 247 1070 111
272 1019 353 1100 (ζοηι.
377 1019 506 1083 Inscript.
527 1018 550 1080 1,
575 1019 599 1068 l.
620 1032 647 1082 p.
668 1019 710 1070 73.
731 1045 764 1055 —-
816 1019 889 1086 qnod
907 1020 979 1072 idem
1005 1021 1124 1072 sensisse
1147 1021 1293 1086 suspiceris
1310 1021 1361 1072 Ur·

217 1091 358 1153 Λοιιοιογε
381 1089 496 1154 praebet
518 1086 646 1138 Aristidis
670 1087 762 1140 Schol.
815 1090 955 1154 licbsium‚
985 1091 1031 1157 qui
1058 1091 1085 1140 in
1111 1091 1206 1140 Museo
1236 1091 1360 1143 Rhenen.

218 1175 282 1226 pag.
301 1158 352 1210 108
365 1159 408 1210 ed.
422 1157 642 1220 Frommel.,nbi
660 1159 763 1210 oraculi
816 1161 864 1213 VI.
888 1177 915 1226 p.
942 1159 991 1212 193
1021 1175 1095 1226 seqq.
1124 1160 1285 1227 Goettlingii
1306 1161 1361 1226 opi-

218 1245 314 1280 versus
331 1229 467 1294 leguntur,
477 1229 595 1294 itemque
606 1228 688 1292 paulo
701 1235 764 1294 post
815 1231 973 1282 nationibus
992 1230 1134 1280 oblocutus
1153 1235 1204 1292 est,
1223 1245 1287 1295 pag.
1301 1229 1360 1294 199,

218 1295 285 1349 noel
300 1290 372 1349 ναὸν
382 1289 482 1348 dccciv.
502 1297 673 1348 Exhibentur
682 1298 764 1348 iidem
786 1339 791 1348 .
816 1315 849 1350 ec
872 1304 946 1350 recte
970 1299 1127 1350 observavit
1154 1297 1191 1363 (p.
1211 1300 1259 1350 201
1280 1299 1360 1365 seq),

218 1385 313 1421 versus
333 1371 361 1420 in
379 1368 493 1420 Diodori
503 1369 645 1431 Excerptt.
660 1383 677 1417 e
690 1368 764 1418 Maio

220 1440 334 1490 detectis
348 1439 432 1504 (Nor.
446 1437 541 1502 script.
561 1435 624 1488 coll.
633 1437 671 1486 11.
684 1451 712 1501 p.
724 1434 764 1501 1.)

219 1508 361 1573 redditique
377 1507 506 1573 leguntur
524 1506 552 1555 hi
571 1503 637 1554 duo:

270 1567 349 1641 ἥκεις
367 1569 396 1625 δ’
421 1567 560 1638 εὐνομίαν
583 1565 763 1639 αἱτούμινος’

428 1637 519 1708 αὐτὰρ
538 1639 553 1694 ἔ
571 1657 624 1708 mys

271 1706 354 1766 deiero
383 1707 437 1780 τὴν
466 1705 520 1765 oria
547 1659 616 1777 disq
646 1702 764 1778 ἐπιχθο-

428 1783 476 1848 νίη
495 1775 578 1841 πόλις
594 1778 659 1843 ἕξει.

219 1857 312 1920 Ipsum
326 1855 464 1906 oraculum
475 1853 677 1904 celeberrimum
685 1851 766 1917 Spar·

219 1926 292 1976 tanis
316 1925 400 1976 luisse
430 1923 551 1986 videtur,
579 1917 767 1988 insertumque

218 1998 281 2053 ταῖς
299 1986 503 2052 παλαιοτάταις
519 1985 717 2058 ἀναγραφαῖς,
735 1997 766 2042 ut

219 2065 304 2116 refert
332 2064 473 2115 Plutarch.
505 2063 582 2114 edus.
616 2062 705 2114 Celet.
736 2079 763 2128 p.

221 2134 289 2187 1156
312 2135 343 2184 F.
370 2133 432 2185 coll.
456 2133 512 2182 Vit.
534 2133 654 2198 Lycurg.
678 2133 700 2184 l.
724 2133 765 2182 De

220 2205 318 2270 quibus
336 2194 516 2268 ἀναγραφαῖς
535 2203 578 2253 Cr.
604 2202 711 2252 conlcrt
733 2202 764 2254 G.

220 2275 254 2325 Ο.
267 2273 392 2325 Mueller.
410 2273 428 2324 l.
448 2272 467 2323 l.
486 2272 524 2323 11.
544 2288 606 2337 pag.
629 2271 689 2322 131.
708 2273 765 2323 Nec

219 2343 399 2408 improbabile
413 2342 565 2404 videbitur,
585 2358 617 2392 ex
636 2342 678 2392 his
697 2342 765 2406 ipsis

219 2414 322 2466 oraculi
341 2414 426 2466 verbe
434 2411 604 2463 Herodotum
623 2413 763 2462 sumsisse.

218 2483 298 2550 Apud
317 2485 466 2535 Diodorum
491 2483 538 2548 qui
563 2481 649 2532 additi
671 2481 764 2546 legun-

219 2560 264 2605 tur
281 2554 334 2604 duo
353 2569 457 2614 versus,
476 2569 523 2604 eos
542 2557 569 2604 et
588 2552 765 2617 gravissimos

220 2629 247 2676 et
266 2640 352 2690 aeque
370 2624 502 2690 genuinos
519 2623 602 2674 habet
615 2620 764 2686 Goettling‚

220 2695 254 2745 de
275 2694 327 2744 hoc
351 2693 461 2744 oraculo
485 2691 626 2759 disputans
650 2691 677 2740 in
701 2692 766 2741 ecri-

219 2765 314 2831 ptione
343 2765 376 2814 de
400 2768 517 2829 quatuor
543 2762 640 2812 rhetris
665 2761 766 2825 Lycur-

221 2836 278 2902 geis
298 2831 364 2897 (vid.
389 2832 515 2884 Berichte
540 2831 586 2882 der
607 2829 765 2882 Verhendll.

222 2905 249 2957 d.
268 2903 418 2956 (lesellsch.
437 2901 484 2953 der
502 2899 713 2951 Wiesenschalt.
733 2916 766 2950 zu

221 2974 336 3039 Leipzig
350 2971 427 3024 1846.
444 2971 573 3038 philolog.
583 2970 647 3022 hiet.
660 2969 764 3021 Classe.

221 3062 247 3112 p.
274 3044 321 3096 137
346 3058 422 3108 seqq.
452 3045 480 3091 et
505 3040 685 3093 Geaemmelte
712 3041 766 3092 Ab·

220 3111 324 3164 handll.
343 3111 365 3162 1.
391 3128 418 3176 p.
444 3109 495 3164 318
518 3111 568 3174 11.).
592 3111 715 3174 Namque
734 3125 767 3160 ex

220 3184 263 3234 his
278 3182 344 3248 ipsis
363 3181 486 3232 versibus
512 3181 582 3230 erait
604 3195 697 3230 vocem
720 3170 767 3228 rzi-

222 3251 331 3316 νομίας,
350 3267 404 3318 qna
422 3251 504 3301 etiem
524 3254 588 3300 ante
608 3248 765 3300 Herodotus

223 3327 264 3374 eet
288 3337 354 3372 usus
381 3337 488 3387 queque
512 3335 617 3370 omnem
645 3318 719 3368 illam
749 3334 767 3369 a

222 3395 348 3459 Lycurgo
366 3393 545 3442 constitutam
556 3405 611 3440 rem
631 3388 766 3453 publicam

223 3463 360 3528 designari
384 3462 453 3512 idem
477 3459 522 3511 ille
545 3460 695 3510 arbitratur
721 3459 767 3509 ed-

223 3529 318 3598 ditque
335 3533 494 3599 Tyrtaeum,
519 3531 566 3594 qni
589 3543 698 3579 carmen
715 3529 767 3580 ele-

222 3605 339 3671 giacum,
356 3619 408 3668 quo
426 3617 469 3652 ree
496 3599 606 3665 publice
627 3599 766 3650 Laconum

223 3689 368 3740 eorumque
385 3687 473 3723 mores
491 3669 656 3731 celebraret,
676 3659 768 3718 Εὐνο-

221 3743 291 3808 μίαν
308 3743 461 3794 voceverit:
489 3739 555 3805 quin
579 3737 640 3789 eliis
659 3739 768 3804 quibus-

223 3815 284 3864 dam
311 3813 450 3874 versibus,
481 3811 527 3876 qui
555 3808 627 3874 apud
654 3808 768 3858 eundem

222 3881 371 3933 Diodorum
389 3881 550 3946 paulopost
574 3883 696 3940 exstant,
722 3877 768 3927 ed-

222 3952 309 4012 iectia
330 3953 418 4000 totum
444 3949 508 4000 inde
532 3963 641 4000 carmen
668 3947 768 3998 consti-

222 4021 275 4072 tuit
286 4019 435 4085 Goettling‚
448 4019 520 4084 qnod
533 4023 662 4084 tanquam
675 4033 768 4083 prooe-

224 4089 306 4140 mium
323 4089 421 4139 rhetris
436 4088 490 4139 illis
504 4087 650 4153 praefixum
663 4087 768 4138 eodem-

225 4175 277 4226 que
304 4149 451 4222 Εὐνομίας
473 4159 582 4208 nomine
609 4157 769 4221 inscriptum

225 4229 320 4290 luerim
347 4228 384 4279 ci.
408 4244 435 4293 p.
458 4225 510 4278 324
536 4242 612 4291 seqq.
636 4225 688 4278 359
710 4242 768 4292 seq.

224 4301 300 4363 Mihi,
318 4303 350 4348 ut
370 4297 402 4348 de
425 4296 553 4362 reliquis,
575 4311 644 4360 qnae
663 4295 697 4346 ed
715 4297 770 4346 He-

226 4371 351 4423 rodotum
370 4367 459 4420 minus
483 4366 629 4432 pertinent,
652 4369 768 4429 taceam,

816 1385 884 1419 voce
898 1360 1044 1432 εὐνομίας,
1064 1383 1132 1433 quae
1152 1368 1224 1432 apud
1239 1369 1361 1419 Herodo-

815 1444 872 1489 tum
897 1453 1003 1504 quoque
1025 1437 1137 1504 legitur,
1162 1453 1215 1487 non
1240 1441 1297 1487 tam
1321 1439 1360 1488 rei

815 1507 941 1573 publicae
964 1507 1050 1572 ipsius
1079 1506 1295 1571 designationem
1321 1508 1360 1558 iu-

817 1577 902 1627 dicari
920 1591 1000 1643 quam
1019 1577 1119 1641 respici
1133 1576 1168 1626 ed
1186 1577 1223 1639 id,
1242 1576 1314 1642 qnod
1332 1578 1360 1628 in

816 1648 937 1712 proxime
973 1646 1198 1697 antecedentibus
1232 1647 1360 1712 Spartani

816 1718 933 1768 omnium
951 1718 1115 1768 Graecorum
1127 1708 1360 1780 κακονομώτατοι

816 1793 959 1838 vocantur.
995 1786 1077 1837 Iovem
1101 1802 1179 1850 vero,
1204 1787 1281 1836 ouius
1304 1802 1360 1838 una

816 1873 876 1908 cum
895 1857 1010 1908 caeteris
1028 1856 1080 1906 diis
1093 1855 1281 1922 Olympicisin
1301 1872 1359 1908 ora·

817 1927 877 1978 culo
890 1928 990 1978 mentio
1009 1925 1050 1991 iit,
1070 1925 1142 1992 qnod
1162 1927 1311 1993 Goettling.
1330 1943 1358 1994 p.

816 1997 878 2050 333.
912 1997 946 2047 ed
974 1997 1067 2047 Iovem
1095 1995 1249 2063 Scyllaeum
1281 2013 1359 2062 qnem

817 2067 894 2118 tinxit
921 2065 1037 2118 relatum
1060 2067 1133 2130 vult,
1158 2067 1259 2118 rectius
1289 2067 1360 2118 idern

815 2137 935 2189 Urlichs.
954 2153 981 2202 p.
1000 2138 1120 2203 205seq.
1141 2135 1174 2188 de
1192 2137 1300 2188 colore
1318 2153 1361 2188 co-

816 2208 898 2274 giteri
916 2207 989 2270 vult,
1003 2223 1081 2272 quern
1099 2207 1289 2272 antiquissimo
1308 2208 1362 2258 iarn

816 2294 884 2328 aevo
898 2293 914 2326 a
923 2277 1148 2327 Lacedaemoniis
1161 2276 1262 2326 cultum
1276 2277 1362 2327 luisse

817 2347 964 2412 reperimus
994 2361 1125 2396 summum
1154 2345 1248 2408 deum,
1275 2347 1360 2395 variis

816 2418 880 2468 inde
899 2417 1104 2482 cognominibus
1124 2421 1263 2476 ornatum,
1282 2416 1359 2465 cuine

816 2487 970 2538 sacerdotio
1005 2501 1053 2536 rex
1093 2489 1207 2550 uterque
1249 2485 1359 2534 functus

816 2558 909 2608 luerit.

851 2641 930 2710 δίζω]
954 2643 999 2692 lta
1014 2657 1062 2706 pro
1082 2637 1149 2700 111ζοί
1166 2655 1226 2690 eum
1243 2643 1359 2690 recentt.

817 2713 878 2764 edd.
905 2712 1016 2778 scripsi,
1046 2711 1156 2761 iubente
1183 2709 1300 2760 Bredov.
1333 2727 1359 2776 p.

817 2782 878 2844 338,
894 2783 940 2848 qui
959 2782 1039 2832 etiam
1060 2781 1087 2828 in
1097 2779 1211 2830 Diodori
1228 2779 1297 2841 loco,
1315 2781 1361 2831 ubi

817 2853 910 2903 itidem
939 2851 1041 2916 legitur
1070 2846 1151 2912 111ζοί,
1181 2850 1276 2914 reponi
1302 2849 1361 2901 vult

817 2920 953 2982 19ξοῦ1.
973 2921 994 2980 1,
1015 2920 1058 2972 91,
1077 2919 1291 2984 Ipsumverbum
1309 2937 1361 2971 am-

816 2992 916 3056 bigendi
932 2990 1043 3041 notione
1056 2989 1193 3040 invenitur
1211 2990 1239 3040 in
1250 2991 1360 3043 Homer.

817 3062 860 3112 Ili.
880 3061 953 3122 XVI,
967 3058 1028 3110 113.
1047 3050 1239 3124 μαντεύσομαι
1254 3077 1286 3111 co
1302 3077 1361 3112 sen·
1390 3067 1393 3074 '

817 3147 849 3182 su
869 3128 1065 3194 accipiendum,
1085 3145 1137 3194 quo
1155 3131 1276 3180 futurum
1296 3132 1361 3197 poni

816 3201 876 3252 vult
898 3199 1014 3250 Werler.
1042 3199 1070 3248 in
1099 3200 1174 3251 hert.
1203 3201 1279 3266 phill.
1304 3203 1362 3252 Μο-

817 3287 896 3322 οοοο.
914 3270 937 3320 I.
956 3285 1020 3336 pag.
1043 3267 1211 3334 tet-234,
1234 3271 1282 3321 ubi
1300 3287 1362 3323 con-

818 3341 939 3392 iunctivo
959 3337 1138 3390 deliberativo
1156 3357 1210 3390 non
1230 3357 1313 3406 opus,
1331 3347 1362 3391 ut

818 3414 841 3474 Ι,
862 3413 904 3464 55.
924 3409 957 3460 91
976 3413 1030 3460 etc.
1050 3409 1112 3460 coll.
1132 3416 1201 3461 nott.
1222 3411 1297 3472 adl,
1319 3412 1360 3462 ll.

817 3484 890 3533 Hinc
917 3485 1022 3530 vertas:
1050 3480 1163 3528 dictares
1186 3482 1240 3538 sira,
1265 3479 1295 3528 ob
1320 3479 1362 3528 iet

818 3583 853 3593 -
871 3554 928 3604 roll.
956 3549 1105 3601 censorin
1128 3548 1300 3612 Ephemerid.
1320 3549 1361 3598 le-

818 3637 910 3672 nense.
940 3619 1017 3672 1817.
1034 3633 1092 3668 nro.
1125 3619 1185 3668 162.
1211 3633 1273 3682 pag.
1299 3617 1359 3670 359.

819 3691 900 3742 scribi
919 3703 1000 3755 posse
1017 3688 1183 3752 suspicatur:

871 3773 982 3842 διῖομαι
1004 3771 1034 3823 el
1058 3763 1185 3854 ⁰⁸25&
1207 3762 1360 3838 μαντεύσο-

1024 3859 1074 3910 μαι
1091 3860 1109 3907 η
1127 3841 1297 3906 ανθρωπον.

853 3935 1062 4066 ἦᾶνθρωπονίι
1081 3948 1126 3998 Ite
1148 3943 1274 3997 meliores
1289 3943 1362 3997 libri.

818 4017 873 4067 Alii
891 4008 923 4080 ἠὲ
940 4013 987 4066 καὶ
1006 4009 1042 4066 ἅν
1063 4033 1107 4080 per.
1127 4017 1207 4082 Apud
1216 4015 1363 4068 Aristidem

818 4085 838 4138 l.
863 4085 882 4136 l.
907 4092 997 4136 exstat
1023 4078 1056 4150 q’l
1087 4079 1193 4152 βροτόν
1216 4101 1259 4148 τε;
1290 4083 1362 4152 quod

820 4156 959 4206 Werlerns
988 4155 1050 4206 olim
1080 4155 1202 4206 defendit
1231 4172 1263 4208 eo
1291 4153 1363 4221 quod

820 4225 892 4291 apud
910 4229 1006 4290 poetes
1024 4215 1261 4290 1111111111οῆ-11
1279 4225 1306 4274 in
1325 4223 1363 4274 al-

819 4300 877 4346 tero
896 4295 1027 4346 orationis
1043 4296 1162 4347 membro
1180 4299 1306 4360 ponatur,
1317 4292 1363 4342 ubi

819 4363 932 4430 simplex
956 4363 1101 4416 antecedat
1125 4353 1247 4430 ἤ.11οο
1271 4369 1362 4414 tamen
