3020 4930
482 297 549 357 AD
572 295 825 358 HERODOT.
846 297 893 372 Π,
917 306 978 360 175.
1233 297 1295 360 895

157 475 201 542 (p.
209 473 261 529 671
275 468 376 537 Pota),
393 468 441 540 qni
455 468 525 521 idem
540 468 593 521 alio
608 469 669 522 loco
684 469 731 542 (V,
744 477 770 538 5,
782 475 827 530 31.
843 489 871 541 p.
883 475 936 530 240
950 488 974 522 a.
991 473 1078 539 pffit
1091 468 1180 538 Pota)
1195 470 1295 539 Sphin-

157 571 210 623 gea
221 553 321 612 scribit
333 555 368 604 ah
378 554 525 624 Aegyptiis
536 560 601 606 ante
613 555 712 626 templa
724 555 851 608 collocari
871 549 928 625 „oia
938 549 1160 623 οίνιγματοίδονς
1170 555 1220 608 τοῦ
1231 553 1295 625 trapi

156 640 233 693 θεοῦ
245 634 332 708 λόγου
347 637 396 691 aul
410 631 538 707 ἀσαφοῦς
551 632 666 701 ὄντοςίίε
687 657 759 710 quae
775 641 869 692 eadem
880 657 991 712 quoque
1002 639 1083 692 habet
1097 639 1237 693 Plutarch.
1253 640 1295 691 De

158 725 229 776 laid.
247 730 276 776 et
291 723 398 776 Osirid.
417 741 476 794 cap.
492 728 519 781 9.
534 741 561 792 p.
577 729 644 790 354,
666 725 749 777 ducta
769 725 816 777 illa
829 726 938 796 quidem
953 743 985 778 ex
1001 742 1034 776 ea
1047 726 1216 778 Graecorum
1236 725 1294 793 opi-

160 809 262 878 nione,
279 825 335 880 qua
346 809 480 878 Sphingi,
496 807 577 860 cuius
591 809 734 877 imaginem
749 811 891 864 femineam
906 827 1013 879 aemper
1026 817 1235 879 expresserunt,
1251 827 1295 861 re-

158 894 324 946 conditioris
342 900 426 964 atque
442 910 558 946 arcanae
572 894 713 948 cuiusdam
727 896 882 965 sapientiae
897 895 1059 965 altiorisque
1078 896 1186 947 omnino
1204 895 1294 946 acien-

159 979 216 1030 tiae
234 979 375 1031 notionem
388 979 573 1046 adiungerent
588 995 701 1050 eamque
718 980 763 1032 vel
777 979 871 1033 melam
885 980 914 1032 in
929 985 1033 1050 partem
1048 981 1221 1050 acciperent,
1242 974 1295 1048 τήν

159 1064 318 1132 κροψίνοον
343 1062 392 1116 καί
411 1058 528 1132 μερικὴν
553 1062 743 1134 κεκρυμμένην
761 1067 863 1118 κακίαν
885 1069 937 1136 (ut
952 1065 991 1116 ait
1011 1063 1101 1116 Schol.
1123 1065 1158 1116 ad
1177 1055 1296 1116 Heriod.

159 1149 270 1216 Theog.
287 1148 355 1215 327)
370 1148 574 1216 intelligentes,
593 1165 648 1219 qua
664 1149 719 1219 ipai
734 1149 857 1204 hominen
872 1149 1024 1220 perdantur
1039 1157 1122 1220 atque
1137 1150 1165 1200 in
1184 1148 1296 1200 exitium

160 1233 324 1300 trahantur;
346 1233 451 1302 Sphinx
476 1250 541 1286 vero
562 1232 626 1285 inde
645 1233 799 1286 celebratur
816 1236 896 1302 virgo
912 1234 1075 1301 vaticinans,
1099 1251 1170 1304 quae
1186 1232 1297 1286 oracula

161 1324 247 1388 atque
268 1318 423 1385 aenigmata
443 1317 514 1385 adit,
538 1314 706 1392 αοικιίφδὸς
729 1337 754 1372 ο.
775 1313 935 1392 χοηομφδὸς
951 1315 1092 1387 παρθένος
1105 1317 1149 1386 *),
1173 1318 1295 1372 hominen

163 1402 359 1454 solvendorum
374 1403 557 1470 aenigmatum
571 1401 713 1472 imperitos
728 1411 910 1474 prosternens
926 1410 1009 1474 atque
1024 1421 1156 1456 enecana=
1174 1403 1248 1474 quod
1262 1402 1296 1454 de

162 1487 288 1540 humanit
302 1486 420 1540 victimis
432 1487 548 1557 Sphingi
565 1486 664 1540 oblatio
684 1497 751 1540 aunt
766 1489 814 1560 qui
836 1489 1001 1555 intelligant.
1031 1487 1141 1540 Etenim
1155 1489 1189 1540 ad
1204 1487 1296 1556 primi·

162 1572 247 1624 tivam
264 1572 388 1625 Graecae
403 1571 544 1642 Sphingis,
567 1571 646 1624 cuiue
664 1574 831 1642 praecipuus
847 1573 943 1644 utique
958 1574 986 1625 in
1003 1573 1197 1626 'l'habanorum
1216 1573 1295 1624 labu-

164 1657 199 1709 lie
216 1655 359 1723 catiacus,
375 1657 514 1710 notionem
529 1657 554 1708 ai
569 1657 765 1725 regrediamur,
781 1658 853 1711 haud
868 1659 925 1710 acio
940 1657 1115 1711 an'l'hebana
1127 1657 1294 1727 illaSphinx,

163 1757 245 1813 quam
259 1733 316 1793 aiud
330 1743 388 1794 τῶν
401 1736 522 1810 ἐσχάτων
536 1743 628 1810 μεροῖν
644 1743 694 1811 τῆς
708 1741 858 1805 Αἰθιοπίας
881 1743 991 1795 veniere
1011 1743 1148 1795 cecinerat
1162 1741 1299 1794 Pisander

162 1828 205 1898 (in
218 1825 311 1878 Schol.
327 1827 361 1877 ad
374 1826 500 1896 Euripid.
517 1825 663 1878 Phoenica.
681 1830 777 1896 1748),
798 1827 930 1881 monstris
947 1825 1002 1878 illie
1023 1827 1133 1880 omnino
1148 1827 1185 1878 ait
1200 1843 1296 1878 accen-

163 1911 265 1978 aeuda,
279 1911 382 1982 quibua
397 1911 526 1964 immanes
542 1917 657 1962 naturae
673 1912 762 1979 vires,
786 1912 940 1964 hominibus
955 1928 1043 1982 aeque
1059 1929 1091 1964 ac
1105 1911 1195 1962 beluis
1212 1910 1297 1962 omni·

162 2013 218 2067 que
234 2002 351 2048 naturae
361 1995 532 2064 pernicioaaa
547 2001 630 2066 atque
642 1996 766 2049 humanis
781 1996 888 2048 viribua
902 1996 947 2048 vix
963 1995 1129 2048 coercendae
1146 1993 1298 2064 exprimere

162 2081 315 2133 voluerunt
336 2087 447 2134 vetares
464 2080 581 2146 Graeci,
604 2080 651 2150 qui
675 2081 739 2133 inde
756 2099 790 2133 ex
804 2081 890 2132 variis
911 2087 939 2131 et
958 2079 1100 2132 beluarum
1121 2087 1149 2132 et
1163 2079 1298 2132 homiuum

162 2165 290 2219 membris
312 2165 356 2216 vel
371 2165 460 2217 auctis
476 2164 520 2216 vel
539 2165 635 2218 mirum
649 2165 677 2216 in
698 2165 803 2218 modum
822 2164 933 2218 mutatio
954 2163 1019 2215 talia
1040 2169 1223 2218 monotrorum
1237 2179 1298 2215 cor-

163 2267 233 2320 pora
255 2249 470 2319 componebant3
491 2248 641 2318 Sphingem
661 2249 748 2316 igitur
772 2249 866 2302 eodem
886 2249 1053 2316 referemus,
1077 2265 1132 2320 quo
1154 2249 1298 2300 draconem

162 2335 239 2388 illum
259 2334 435 2402 Delphicum,
464 2333 647 2400 Chimaeram,
668 2334 832 2402 Echidnam,
853 2333 1030 2402 Typhonem,
1051 2331 1118 2402 alia,
1140 2333 1232 2404 qualia
1256 2332 1298 2382 ie-

164 2420 333 2472 raciaaimum
348 2420 517 2472 Graecorum
530 2418 670 2486 ingenium
686 2418 815 2487 protulit3
830 2435 920 2490 neque
935 2417 1090 2472 mirabimur
1106 2417 1300 2490 Apollodorum

164 2503 232 2572 (ΙΙΙ,
249 2511 274 2570 5,
290 2510 319 2564 8.
335 2508 362 2569 ς.
379 2504 425 2572 2),
450 2502 599 2571 Sphingem
618 2502 665 2572 qui
681 2503 777 2555 scribit
791 2521 807 2556 a
822 2503 929 2556 Iunone
950 2504 983 2574 (i.
999 2523 1024 2556 e.
1041 2504 1075 2556 ab
1091 2503 1170 2571 aire)
1189 2503 1299 2556 misaam

166 2583 302 2654 ease**),
321 2593 406 2640 ortam
420 2588 557 2656 Typhone
572 2593 651 2656 patre
666 2595 694 2639 et
710 2587 835 2640 Echidna
848 2596 947 2654 matre,
964 2589 1043 2641 curiae
1058 2589 1117 2642 loco
1130 2589 1299 2642 Chimaeram

165 2672 246 2739 ponit
265 2671 357 2724 Schol.
378 2673 412 2724 ad
432 2670 548 2724 Heaiod.
569 2671 714 2738 Theogon.
735 2676 802 2738 3263
828 2673 902 2742 quod
917 2690 983 2724 vero
1004 2673 1078 2740 apud
1092 2673 1261 2741 Aegyptios,
1283 2685 1299 2721 a

167 2755 273 2825 quibua
295 2757 400 2808 omnino
416 2756 565 2825 Sphingem
580 2756 613 2806 ad
630 2756 752 2806 Graecos
769 2755 932 2823 pervenisse
948 2756 1070 2820 credam,
1097 2756 1131 2806 ad
1146 2755 1236 2805 Solem
1252 2769 1298 2802 ao-

167 2838 299 2909 lareaque
314 2841 379 2893 deae
397 2847 524 2911 spectare
531 2839 679 2909 Sphingem
694 2853 780 2906 eupra
795 2837 922 2903 diximus,
940 2837 969 2889 id
985 2837 1094 2906 quidem
1108 2837 1151 2889 vel
1168 2835 1202 2887 ad
1210 2837 1298 2885 Grae-

167 2940 263 2976 corum
278 2923 425 2994 Sphingem
439 2924 580 2996 pertinere
596 2923 720 2988 videtur,
743 2937 814 2991 quae
831 2927 860 2972 et
872 2919 933 2988 ipaa
947 2920 981 2970 ad
996 2918 1085 2970 Solem
1106 2925 1213 2988 spectat
1227 2933 1298 2968 eam·
1346 2949 1348 2952 -

165 3026 222 3079 que
234 3008 307 3060 Solia
323 3009 376 3063 vim
391 3009 499 3062 nimiam
515 3025 546 3060 ac
561 3008 683 3061 nocivam
699 2999 904 3070 declarat***),
929 3019 1000 3072 quae
1014 3002 1120 3053 aestivo
1136 3000 1298 3068 praesertim

165 3099 290 3162 tempore
311 3101 458 3162 grassatur
472 3092 607 3163 valdeque
624 3091 715 3144 calore
730 3106 781 3142 eno
806 3087 863 3140 urit
877 3101 1034 3155 pravosque
1054 3085 1156 3136 excitat
1170 3099 1298 3150 vaporet,

166 3177 271 3248 quibua
294 3180 343 3230 air
365 3177 549 3247 corrumpitur
572 3193 704 3247 omneque
719 3173 806 3244 peatia
826 3190 858 3240 ac
877 3170 931 3222 luia
946 3185 1035 3236 genua
1053 3167 1201 3233 excitatur,
1225 3165 1300 3236 quod

167 3263 291 3315 homines
307 3279 396 3334 aeque
412 3269 495 3335 atque
510 3261 635 3314 animalia
648 3263 790 3313 consumat
805 3262 833 3308 et
847 3253 926 3326 quasi
941 3253 1068 3318 suffocet,
1083 3251 1151 3304 adeo
1167 3255 1198 3301 ut
1213 3248 1299 3301 omnia

168 3353 269 3399 natura
289 3346 431 3416 langueat.
464 3347 496 3398 ld
523 3363 590 3398 vero
611 3346 702 3414 ipeum
722 3340 855 3396 declarari
874 3345 1001 3408 putamus
1020 3334 1152 3387 vocabulo
1168 3331 1299 3401 Sphingis

167 3449 223 3484 non
240 3430 381 3501 Aegyptio
395 3431 484 3503 (quod
496 3430 604 3502 quidem
620 3431 686 3496 Neo,
701 3429 720 3481 i.
734 3447 758 3481 a.
774 3425 917 3491 domun,
931 3421 1019 3506 fuiaaa
1035 3417 1154 3485 volunt),
1173 3417 1222 3469 aad
1235 3431 1301 3466 vera

240 3723 268 3788 ²⁶)
289 3725 354 3775 Vid.
374 3721 502 3789 Sophocl.
522 3723 589 3774 Oed.
608 3724 642 3774 R.
664 3717 818 3772 130.120⁰.
842 3713 932 3766 Schol.
957 3711 993 3763 ad
1013 3709 1137 3774 Euripid.
1161 3703 1302 3758 Phoenica.

171 3793 240 3847 1700
257 3798 286 3844 et
304 3793 378 3844 coni.
398 3792 481 3843 Stoll:
499 3791 588 3844 Ueber
607 3791 634 3842 d.
651 3785 858 3855 urapriingliche
869 3783 1032 3846 Bedeutuug
1048 3779 1096 3830 dea
1111 3779 1178 3828 Area
1197 3793 1224 3842 p.
1241 3777 1283 3827 45.

241 3881 286 3947 ¹⁸⁸²)
305 3883 496 3934 ItaPiaander
515 3896 621 3947 quoque
640 3879 794 3930 tradiderat
811 3876 829 3926 l.
842 3887 926 3938 supra
943 3871 962 3920 l.
998 3867 1142 3950 hDionpao
1157 3865 1304 3932 Sphingem
1358 3933 1362 3941 ⁸

171 3953 284 4004 misaam
303 3969 365 4004 eaae
384 3955 549 4002 narraverat
564 3951 669 4015 Lycur,
693 3953 764 4000 teate
782 3943 872 3997 Schol.
892 3942 928 3992 ad
945 3937 1057 3990 Hearod.
1081 3935 1219 4018 Theogon.
1241 3935 1304 3990 326.

171 4022 287 4073 Martem
304 4022 399 4086 potina
417 4021 515 4081 suisne,
536 4021 584 4085 qui
596 4018 744 4084 Sphingem
758 4013 897 4066 Thebanis
914 4009 1066 4070 immiserit,
1084 4022 1117 4056 ex
1135 4007 1305 4072 rpaahlartie

171 4096 274 4143 natura
292 4091 387 4156 colligi
404 4090 465 4142 vult
483 4088 561 4140 Stoll.
578 4087 596 4137 1.
615 4088 634 4138 1.
655 4104 682 4152 p.
693 4087 794 4150 20aeq.

240 4181 305 4246 ***)
324 4183 418 4244 Quare
433 4179 564 4232 assentiri
575 4193 681 4243 nequeo
691 4174 930 4229 Forchhammero,
949 4168 997 4232 qui
1010 4165 1176 4217 Graecorum
1187 4167 1307 4236 Sphinge

169 4252 279 4315 [rigoris
302 4251 496 4316 constringentia
522 4247 682 4298 daemonem
705 4243 839 4296 declarari
862 4237 933 4296 vult;
969 4235 1025 4287 vid.
1049 4234 1165 4301 Allgem,
1185 4239 1307 4288 Monate.

172 4321 271 4454 pplpgqu
287 4319 384 4453 pilgff)
403 4335 430 4385 p.
442 4318 494 4370 208
504 4331 581 4382 seqq.
596 4315 721 4382 inprimis
738 4330 764 4380 p.
777 4311 836 4364 219.
860 4303 1034 4372 Topograph.
1045 4303 1150 4360 Thebb.
1167 4305 1306 4374 heptapyl.
