3020 4930
599 249 866 316 EXOURSUS
890 251 951 311 XV

563 701 884 784 exeussus
913 703 988 780 xv
1033 671 1039 684 '

420 877 506 943 Au
549 873 909 942 uuuouor.
954 873 1006 958 Π,
1053 874 1123 938 159.

250 1184 308 1248 Καὶ
325 1181 451 1268 Σύροισι
465 1185 539 1270 πεζῇ
559 1175 575 1245 ὃ
593 1175 698 1259 Νεκῶς
712 1175 872 1264 συμβαλὼν
892 1182 924 1245 ἔν
942 1177 1097 1268 Moydo'lqr
1119 1179 1248 1260 ἐνίκησε·
1273 1169 1348 1261 μετὰ

335 1287 367 1351 δὲ
381 1278 437 1366 τὴν
453 1281 550 1367 μάχην
562 1281 696 1348 Κάδυτιν
711 1281 800 1348 πόλιν
815 1287 869 1404 τῇς
881 1288 995 1368 Συρίης
1010 1284 1118 1347 ἐοῦσαν
1130 1279 1261 1364 μεγάλην
1274 1278 1344 1345 εἷλε.

293 1448 442 1520 Magdolos
462 1447 530 1499 urbs
545 1451 710 1498 memoretur
722 1443 750 1496 in
766 1443 899 1498 Antonin.
915 1444 1009 1498 itiner.
1025 1463 1053 1515 p.
1071 1447 1122 1503 178
1136 1442 1279 1496 duodecim
1294 1445 1343 1496 mi-

208 1533 281 1587 libus
297 1540 401 1586 remota
415 1551 431 1586 a
447 1529 560 1584 Pelusio
577 1531 709 1584 orientem
727 1546 843 1597 versus,
866 1529 939 1583 unde
957 1530 1017 1582 iure
1032 1529 1060 1581 in
1076 1528 1205 1581 confiniis
1221 1527 1344 1599 Aegypti

206 1617 348 1671 interioris
363 1617 471 1686 Syriam
486 1633 586 1670 versus
603 1615 656 1669 erit
670 1614 837 1668 collocanda.
866 1615 927 1667 Nec
942 1613 995 1666 alia
1011 1618 1064 1682 est,
1085 1629 1155 1683 quae
1172 1631 1187 1665 a
1201 1613 1342 1684 Stephano

208 1703 364 1772 Byzantino
384 1703 522 1756 indicatur
542 1719 565 1754 s.
583 1719 611 1754 v.
634 1705 662 1754 et
676 1701 704 1752 in
721 1716 817 1752 sacrae
833 1699 987 1769 scripturae
1003 1688 1208 1768 aliquotienis,
1230 1699 1278 1751 ubi
1293 1717 1343 1752 ro-

208 1793 286 1840 catur
294 1782 397 1859 'it-'1272-
419 1787 481 1839 Vid.
490 1787 596 1839 Gesen.
608 1785 738 1838 inLexic.
750 1784 878 1836 Hebraic.
891 1803 918 1853 p.
926 1789 977 1844 429
989 1783 1050 1836 'coll
1059 1781 1343 1853 Champoll.l'Egypt.

208 1891 231 1924 s.
245 1872 263 1924 l.
275 1872 356 1924 Phar.
368 1873 406 1924 ll.
420 1891 447 1942 p.
461 1875 495 1932 79
510 1875 537 1924 et
548 1869 679 1923 Valckan.
693 1867 720 1920 in
739 1869 890 1939 scriptione
904 1886 964 1921 mox
979 1867 1115 1921 laudanda
1130 1872 1155 1932 s.
1168 1872 1195 1926 7.
1207 1872 1234 1927 9.
1250 1886 1278 1938 p.
1291 1873 1345 1928 159

208 1975 268 2027 seq.
299 1957 337 2009 ut
357 1961 439 2012 vetus
462 1973 559 2010 nomen
581 1955 610 2008 iu
632 1955 765 2006 hodierna
788 1953 840 2006 loci
860 1945 1043 2024 appellatione
1064 1955 1119 2006 Ros
1140 1955 1164 2006 cl
1183 1952 1278 2021 Moysis
1298 1953 1342 2023 (in

209 2040 336 2094 orientali
355 2059 387 2093 ac
402 2039 572 2094 meridionali
591 2057 705 2094 recessu
724 2038 800 2090 lacus
815 2038 974 2106 Menzaleh)
995 2038 1081 2090 latere
1102 2037 1240 2090 existimet
1261 2037 1344 2090 Man-

208 2131 285 2179 nertr
304 2127 409 2195 Geogr.
429 2125 456 2178 d.
473 2127 525 2178 Gr.
542 2141 570 2177 u.
587 2119 681 2178 Roern.
698 2123 731 2190 X,
748 2131 773 2182 1.
790 2141 817 2192 p.
833 2127 895 2183 489.

293 2209 348 2263 Sed
370 2211 403 2264 ab
426 2228 458 2264 ec
479 2210 547 2263 urbe
562 2210 649 2282 probe
665 2207 862 2276 distinguenda
878 2213 921 2260 est
937 2207 990 2258 alia
1005 2208 1089 2274 urbs,
1110 2223 1181 2276 quae
1202 2205 1231 2257 in
1254 2206 1345 2260 sacris

207 2294 295 2348 literis
316 2295 471 2365 appellatur
490 2292 566 2366 'unqu
587 2295 647 2346 sivo
668 2287 827 2363 Moyeddoi,
846 2292 880 2344 ad
895 2292 1110 2345 Manassitnrum
1137 2291 1237 2344 tribum
1258 2291 1345 2361 perti-

208 2397 287 2446 nens,
303 2379 338 2431 ed
352 2383 467 2432 montem
485 2367 636 2430 Carmelum
651 2378 714 2443 sita,
732 2393 765 2429 ex
780 2394 835 2446 quo
849 2377 911 2447 ipso
927 2376 1080 2446 porrigitur
1095 2375 1224 2448 planities
1240 2378 1346 2445 leserat,

207 2465 236 2516 in
257 2480 312 2533 qua
327 2463 425 2516 Iosianr
440 2481 455 2516 a
471 2464 584 2515 Necone
605 2463 706 2515 victum
725 2461 815 2514 luisse
831 2462 884 2514 loci
904 2479 1000 2514 sacrae
1022 2460 1178 2530 scripturae
1193 2477 1279 2530 supre
1299 2463 1344 2533 (in

208 2553 277 2600 nott.
291 2547 325 2600 ad
337 2547 374 2615 ΙΙ,
384 2548 448 2614 159)
462 2547 566 2598 laudati
585 2546 726 2600 evincunt.
755 2546 880 2616 Namque
898 2547 965 2598 haec
981 2545 1120 2614 planities,
1136 2563 1207 2615 quae
1221 2563 1237 2596 a
1251 2555 1345 2599 monte

208 2629 333 2684 carmelo
353 2631 570 2701 septentrionem
589 2637 671 2701 atque
689 2631 821 2684 orientem
839 2647 939 2684 versus
955 2631 989 2682 ad
1008 2629 1156 2682 Iordanum
1174 2645 1260 2700 usque
1275 2648 1343 2700 pro-

208 2716 347 2782 tenditur,
372 2717 396 2768 ei
418 2732 567 2785 sanequam
590 2715 755 2786 permeanda
776 2719 834 2783 est,
857 2715 905 2784 qui
922 2733 954 2767 ex
970 2715 1097 2784 Aegypto
1112 2715 1253 2783 Assyriam
1272 2716 1346 2784 petit

207 2807 291 2870 atque
306 2799 500 2868 Babyloniam,
523 2800 644 2870 indeque
660 2800 707 2851 illa
721 2799 849 2869 pluribus
863 2799 977 2869 proeliis
994 2806 1021 2852 et
1041 2799 1160 2868 plurium
1175 2817 1270 2868 regum
1288 2799 1344 2853 cle-

208 2885 289 2937 dibus
309 2884 430 2952 insignis
451 2885 513 2936 fuit.
544 2885 627 2938 Nunc
649 2890 764 2937 vocatur
779 2885 904 2938 Merdsclr
921 2886 1072 2950 idn-Amcr,
1095 2884 1113 2935 i.
1132 2902 1156 2935 e.
1175 2895 1285 2955 protum
1295 2887 1348 2954 filii

208 2971 305 3023 Ameri.
333 2967 418 3021 Plura
432 2969 509 3022 lahn.
526 2969 657 3021 Biblisch.
675 2967 856 3036 Archaeolog.
872 2969 895 3020 Ι.
911 2975 998 3038 p.·142
1013 2977 1040 3019 et
1053 2967 1252 3021 Roscnmriller.
1270 2969 1344 3022 Bibl.

207 3051 469 3106 Alterthumskunde
482 3053 518 3122 Il,
534 3061 558 3120 1,
579 3072 606 3123 p.
623 3057 674 3112 149
689 3051 750 3104 coll.
768 3051 899 3106 Valclren.
918 3053 935 3106 l.
953 3053 971 3106 l.
987 3058 1013 3118 ς.
1030 3061 1072 3112 10.
1092 3070 1119 3121 p.
1129 3057 1180 3112 160
1193 3071 1252 3124 seq.
1268 3053 1345 3108 lisu-

120 3183 126 3204 ,
206 3155 277 3190 mer:
294 3135 444 3191 Palaestin.
463 3157 491 3208 p.
508 3137 671 3197 35.142ed.
688 3143 751 3188 tert.
769 3137 882 3190 Wiuer:
899 3137 970 3190 Bibl.
986 3137 1239 3190 Realwrirterbuclr.
1255 3139 1291 3191 T.
1305 3139 1345 3190 11.

208 3241 231 3276 s.
250 3240 277 3274 r.
294 3221 435 3289 Megiddo.
467 3222 547 3274 Hanc
561 3240 629 3274 vero
646 3220 783 3290 planitiem
799 3222 828 3273 in
843 3223 1003 3274 Herodoteo
1019 3222 1093 3290 loco,
1110 3221 1157 3273 ubi
1173 3225 1209 3276 orl
1222 3223 1345 3296 Magdo-

206 3309 261 3361 tum
274 3297 367 3374 regem
381 3305 523 3358 victoriam
539 3313 698 3376 reportasse
714 3305 844 3375 legimus,
862 3307 1067 3374 intelligendam
1082 3323 1144 3358 esse
1161 3306 1205 3358 rix
1220 3307 1345 3376 dubium,

208 3397 270 3458 aut,
294 3395 326 3443 ut
339 3389 514 3442 Valckenarii
531 3395 594 3443 utar
609 3390 719 3456 verbis,
742 3395 804 3442 tuto
820 3391 956 3444 adfirmari
976 3387 1056 3458 licet,
1079 3407 1139 3443 cum
1155 3391 1189 3442 de
1205 3390 1347 3462 Aegyptia

206 3476 276 3528 urbe
288 3475 417 3543 Magdolo
430 3493 464 3527 ne
477 3475 651 3543 cogitandum
667 3474 775 3544 quidem
789 3475 835 3544 sit,
852 3477 976 3546 quamvis
993 3494 1088 3528 nornen
1104 3474 1194 3545 ipsum
1205 3477 1346 3548 Magdoli,

207 3559 282 3630 quod
301 3559 374 3630 apud
388 3559 559 3612 Herodotum
574 3565 681 3628 exstat,
703 3560 790 3628 magis
805 3561 953 3613 conveniat
974 3560 1075 3630 oppido
1091 3559 1119 3612 in
1135 3560 1257 3630 Aegypti
1277 3579 1346 3614 con·

206 3644 282 3698 liniis
298 3644 361 3696 sito.
393 3644 477 3708 Quod
497 3645 547 3696 hoc
560 3644 719 3697 Herodoteo
734 3643 793 3697 loco
808 3645 856 3714 qui
877 3644 1086 3714 intelligendum
1101 3661 1164 3697 esse
1185 3653 1345 3716 censerent,

206 3727 280 3781 haud
297 3728 404 3798 quidem
420 3729 550 3798 defuere,
574 3747 669 3781 sacrae
684 3729 838 3798 scripturae
853 3729 936 3798 locis,
959 3729 1005 3782 ubi
1021 3730 1153 3802 Megiddo
1168 3737 1344 3798 memoratur,

206 3813 245 3865 ita
264 3813 451 3880 commutetis,
474 3821 506 3866 ut
528 3830 587 3866 cum
609 3813 732 3883 ipsorum
753 3814 892 3866 sententia
912 3814 1103 3884 convenirept.
1134 3813 1217 3866 Cous.
1233 3814 1344 3867 Roseu-

205 3895 310 3950 miiller.
327 3895 345 3949 l.
361 3897 379 3949 l.
403 3897 440 3964 11,
456 3903 482 3956 2.
500 3916 527 3967 p.
542 3903 577 3958 99
585 3916 644 3968 seq.
661 3903 718 3950 not.
734 3903 795 3956 204.
826 3897 862 3950 At
875 3915 942 3951 vero
956 3905 1067 3968 praeter
1082 3897 1204 3951 codicum
1220 3900 1344 3952 auctori-

205 3987 289 4035 tatem
306 3982 369 4052 ipsa
385 3981 543 4052 obloquitur
557 4001 617 4050 res,
639 3999 697 4034 curn
716 3983 749 4036 ab
771 3980 842 4034 omni
857 3982 998 4036 verisimili
1013 3983 1177 4048 abhorreat,
1200 3983 1345 4036 Iudaicum

205 4083 298 4132 regem
312 4081 401 4136 usque
415 4065 449 4120 ad
463 4065 584 4138 Aegypti
599 4066 718 4119 confinia
734 4066 840 4119 obviam
855 4066 940 4120 ivisse
955 4067 1154 4137 Aegyptiorum
1169 4067 1238 4135 regi,
1260 4084 1344 4136 quarn

205 4149 299 4218 potius
320 4166 337 4202 a
358 4151 478 4204 transitu
493 4169 543 4222 per
561 4157 662 4205 terram
676 4151 811 4206 Iudaicam
830 4151 917 4220 ipsam
938 4151 1130 4222 prohibiturus
1151 4158 1211 4204 erat
1224 4151 1253 4202 in
1269 4169 1342 4204 caur-

204 4233 262 4302 pis,
279 4251 328 4302 per
343 4250 413 4302 quos
428 4234 519 4287 aditus
536 4241 645 4305 pateret
660 4235 693 4287 ad
706 4235 857 4302 Assyriam.
885 4229 965 4297 Quae
982 4254 1041 4290 cum
1054 4237 1093 4288 ite
1110 4236 1177 4302 sint,
1195 4234 1341 4306 proelium,

204 4317 307 4387 dequo
323 4317 429 4386 agitur,
457 4319 483 4371 in
499 4321 599 4390 campis
615 4337 702 4392 prope
721 4321 849 4392 Megiddo
873 4321 1044 4375 commissum
1066 4338 1129 4375 esse
1144 4321 1190 4374 vix
1210 4319 1341 4390 dubium
