3088 4922
580 301 827 364 EUTERPE.
849 299 892 360 11.
914 311 957 364 12.
1273 301 1336 365 453

200 473 241 565 δὴ
257 473 412 564 ἐθελήσει
431 476 587 564 ἐκτρέψαι
606 473 643 545 τό
657 477 800 565 ῥέεθρον
815 471 832 545 ό
847 483 970 558 Νεῖλος
984 479 1017 558 ἐς
1035 484 1155 549 τοῦτον
1168 475 1333 570 τόνἈρά-

199 588 277 669 βιον
290 579 433 662 κόλπον,
453 586 489 646 τί
503 606 563 667 μιν
584 577 708 648 κωλόει
728 582 860 667 ῥέοντος
879 579 1001 650 τούτου
1015 584 1227 672 ἐκχωσθῆναι
1241 584 1334 664 ἐντός

200 709 238 770 γε
252 687 439 770 δισμυρίων
454 684 572 760 ἐτέων;
588 679 654 769 ἐγω
668 681 730 770 μὲν
742 679 807 772 γὰρ
821 690 966 773 ἔλπομαί
977 713 1016 772 με
1027 689 1083 755 καὶ
1097 675 1230 776 μυρίων
1243 685 1335 769 ἐντός

199 791 373 874 χωσθῆναι
387 781 439 853 ἄν.
470 791 533 854 κοῦ
546 811 584 871 γε
598 783 639 874 δὴ
653 789 691 855 ἐν
705 792 752 880 τῷ
766 793 1087 882 προαναισιμωμένῳ
1102 789 1229 884 χρόνῳ,
1250 791 1332 881 πρό-

199 883 330 977 τερονῆ
344 887 401 976 ἐμὲ
414 891 585 973 γενέσθαι,
600 886 663 958 ode
677 883 719 959 ἂν
732 897 880 980 χωσθείη
896 891 1018 974 κόλπος
1030 895 1086 962 καὶ
1101 899 1214 986 πολλῷ
1227 898 1334 982 μίζων

200 999 248 1062 ἔτι
268 990 407 1076 τούτου,
435 986 502 1060 ὑπό
525 992 687 1062 τοσούτου
709 1021 744 1062 τε
764 1001 915 1082 ποταμοῦ
937 997 993 1064 καὶ
1012 993 1118 1075 οὕτως
1138 999 1333 1086 ἐργατικῶς

205 1093 251 1165 Τὰ
260 1097 520 1182 περὶΑίγυπτου
532 1085 580 1165 τόν
589 1097 644 1165 καὶ
655 1113 739 1166 τοῖσι
750 1101 884 1184 λέγουσι
894 1096 979 1167 αὐτὰ
989 1107 1159 1188 πείθομαι,
1168 1102 1223 1168 καὶ
1234 1098 1333 1182 αὐτὸς
1344 1109 1380 1170 12

171 1193 181 1214 '
199 1194 288 1268 οὕτω
310 1197 413 1285 κάρτα
435 1201 541 1268 doeio
562 1198 665 1283 εἶναι,
685 1199 769 1270 ίδιόν
783 1229 820 1270 τε
836 1199 898 1290 τὴν
914 1211 1090 1288 Αἴγυπτον
1108 1206 1334 1293 προκειμένην

198 1307 256 1389 τῆς
272 1303 428 1390 ἐχομένης
443 1307 519 1391 γης,
535 1301 696 1390 κογχύλιά
713 1331 749 1372 τε
770 1304 957 1394 φαινόμενα
978 1307 1032 1376 ἐπὶ
1045 1323 1131 1377 τοῖσι
1149 1304 1264 1398 οὔρεσι
1277 1309 1334 1377 καὶ

198 1494 323 1567 όὲεθοον
342 1493 357 1552 ὃ
373 1501 518 1558 Νείλθςκ.
533 1519 556 1552 τ.
571 1501 606 1570 t]
625 1496 662 1570 δὴ
681 1520 743 1556 enm
793 1515 924 1574 antequam
945 1511 1000 1572 ipse
1029 1515 1194 1569 nemesion,
1226 1507 1334 1573 effluxit,

197 1573 348 1639 Schweigb.
367 1577 394 1622 et
407 1572 495 1624 Gsief.
512 1572 637 1624 lubenter
655 1575 742 1626 odaei·
792 1581 965 1642 ποιμαίνουσι
979 1578 1196 1640 compleririrns?
1212 1577 1230 1626 i.
1245 1593 1268 1627 e.
1285 1590 1334 1627 nm-

197 1644 300 1706 vimus,
333 1658 394 1692 eum
419 1641 503 1706 vulgo
526 1643 645 1695 abesset.
679 1645 741 1695 Ele-

197 1717 307 1778 gantem
329 1711 500 1776 periphrasin
521 1713 548 1761 iu
571 1714 654 1763 verbo
678 1705 741 1764 ἐθε-

198 1777 276 1848 λήσει
292 1787 319 1832 et
334 1782 387 1832 hoe
403 1781 465 1832 loeo
479 1785 506 1831 et
520 1781 583 1844 VII,
599 1781 633 1832 49
645 1783 740 1834 Ieeob-

198 1853 255 1902 eius
268 1856 347 1902 notet
360 1851 395 1901 nd
406 1851 531 1901 Plutonis
549 1851 633 1902 Laeb.
648 1869 675 1916 p.
689 1852 740 1904 190

198 1924 221 1972 Ε
234 1920 274 1984 (in
287 1921 394 1972 Socrat.
408 1937 435 1985 p.
448 1919 520 1986 220).
544 1921 587 1970 Tu
600 1905 674 1972 conf.
687 1923 742 1972 He-

197 1991 256 2042 rod.
275 1991 304 2052 1,
317 1991 360 2042 32.
377 1990 427 2041 109
440 1989 502 2040 noll.
521 1992 554 2040 74
567 1989 658 2056 ibique
669 1996 741 2044 nott.

198 2062 249 2112 Est
263 2064 353 2110 eutem
371 2059 423 2110 bon
441 2060 497 2110 fere
512 2059 646 2110 Herodoti
663 2077 742 2127 urgu-

199 2134 330 2181 mentum:
354 2131 378 2179 si
396 2129 475 2180 Nilus
493 2130 521 2179 in
540 2129 686 2180 Arabicum
706 2132 741 2182 si-

199 2215 263 2250 num
289 2215 319 2250 se
346 2198 510 2262 effunderet,
540 2215 620 2263 posse
646 2202 741 2267 utique

199 2270 270 2320 huno
291 2270 379 2318 sinum
398 2270 472 2319 intra
494 2268 595 2334 viginti
617 2270 690 2322 mille
707 2287 740 2322 an

199 2339 243 2390 vel
262 2339 353 2390 decem
372 2337 444 2388 mille
465 2353 598 2389 annorum
621 2341 740 2404 spatium

199 2410 238 2459 ita
253 2407 354 2475 expleri
371 2407 427 2458 Nili
444 2407 594 2472 alluvione,
618 2415 648 2459 ut
666 2415 740 2461 terra

198 2479 275 2530 fieret
305 2478 463 2538 eontinens3
498 2477 568 2528 unde
598 2485 740 2531 consente-

198 2565 278 2600 neum
304 2563 365 2598 esse
391 2563 439 2611 per
462 2547 491 2596 id
517 2552 637 2613 tempus,
667 2551 738 2615 quod

198 2623 261 2670 onte
285 2617 435 2676 effluxerit,
463 2617 551 2667 sinum
575 2618 739 2684 Aegyptium

198 2689 289 2754 (quem
303 2684 442 2752 supponit)
455 2701 540 2751 eoque
553 2687 597 2738 vel
611 2690 739 2740 maiorem

199 2760 287 2809 sinum
303 2756 426 2822 potuisse
439 2755 568 2822 compleri
580 2757 650 2820 Nili,
670 2760 742 2809 tanti

199 2827 287 2889 fluvii,
313 2825 513 2886 alluvionibus,
537 2831 567 2876 nt
589 2828 616 2878 iu
640 2833 741 2879 terram

199 2897 383 2948 continentem
400 2899 522 2946 mutatus
540 2896 632 2948 inerit.

233 2964 264 3014 τί
284 2981 333 3028 μιν
356 2956 456 3013 uultu
479 2957 595 3025 όὲοντος
617 2982 642 3015 κ.
658 2982 681 3015 τ.
701 2963 737 3030 λ]

199 3050 249 3099 μιν
272 3035 308 3085 ed
335 3025 445 3083 κόλπον
467 3024 595 3099 Ἀράβιον
622 3039 739 3100 spectat,

199 3095 303 3153 τούτου
321 3102 356 3152 ud
368 3103 459 3153 Nilum
477 3103 598 3154 fluvium.
622 3105 687 3166 Quid
697 3107 740 3155 im-

195 3174 280 3238 pedit,
298 3173 404 3236 quaerit
421 3171 590 3236 Herodotus,
614 3175 741 3238 ηυοπιίηυε

199 3243 259 3293 Nilo
276 3243 367 3307 tinente
393 3243 463 3292 sirius
488 3243 530 3292 ille
556 3245 674 3306 compleri
694 3259 739 3308 po-

198 3315 276 3364 tuisse
293 3311 431 3361 censendus
447 3314 480 3361 ait
490 3314 558 3362 intra
575 3315 666 3375 uipiuti
677 3317 741 3365 naille

199 3381 296 3448 qreidem
311 3394 431 3429 απκονυτα
446 3382 571 3443 matium?
595 3383 659 3431 Nam
674 3387 742 3448 equi-

198 3453 254 3502 dem
268 3457 329 3514 puto
342 3453 382 3499 uel
395 3452 464 3500 iutra
483 3451 565 3500 decem
582 3454 646 3502 mille
664 3467 741 3506 auno-

198 3538 252 3572 rum
268 3521 376 3583 epatium
389 3517 434 3570 loo
443 3521 504 3582 fleri
514 3525 634 3583 potuisse.
648 3551 684 3560 -
699 3515 739 3571 ἐλ-

791 1651 849 1697 αίαν
867 1648 951 1697 debuit
966 1649 1096 1709 compleri,
1117 1652 1149 1697 ut
1163 1651 1237 1697 rente
1255 1645 1335 1696 intel·
1373 1699 1376 1706 ,

789 1715 851 1781 ligit
864 1717 963 1767 Mutth.
980 1719 1005 1779 5.
1017 1717 1077 1778 (ill,
1090 1715 1116 1766 3.
1145 1717 1240 1781 Neque
1254 1714 1334 1765 aliter

791 1785 848 1836 iere
867 1783 925 1843 soie
942 1777 976 1835 οὐ
999 1785 1102 1851 legitur
1120 1785 1180 1847 111,
1201 1786 1251 1836 155
1274 1785 1333 1834 sine

790 1854 888 1904 voenln
905 1847 956 1919 δὴ,
985 1870 1053 1919 qnae
1072 1855 1202 1905 hocloco
1220 1853 1255 1903 ed
1273 1869 1334 1905 seu-

791 1924 904 1974 tentiam
935 1925 1087 1990 augendam
1115 1929 1143 1974 et
1173 1923 1333 1974 firmandam

792 1993 886 2043 addita
901 1992 1017 2043 videtur.
1039 1993 1205 2044 Benedictus
1217 1993 1246 2042 iu
1257 1994 1332 2044 Aott.

791 2064 885 2113 semin.
895 2061 986 2128 philol.
998 2063 1075 2128 Lipe.
1088 2063 1126 2126 II,
1139 2065 1163 2112 2.
1176 2079 1203 2128 p.
1214 2061 1266 2113 285
1276 2075 1334 2112 eor·
1395 2085 1397 2090 v
1462 2067 1465 2073 '

791 2133 857 2198 rigit
868 2130 920 2181 καί
930 2145 959 2196 ηε
977 2124 1027 2196 δὴ,
1047 2132 1177 2197 Stegerus
1196 2130 1332 2196 (Praelat.

792 2203 855 2253 edit.
868 2217 932 2268 pag.
942 2201 994 2266 XI)
1012 2201 1117 2252 mavult
1134 2199 1188 2251 κοῦ
1201 2213 1230 2250 τε
1244 2192 1333 2265 (λη’.-

790 2265 897 2329 κόλπσς
920 2266 966 2320 καλ
984 2267 1080 2336 πολλῷ
1096 2261 1186 2335 μέζων
1206 2263 1246 2319 ἐτι
1268 2261 1334 2319 του’-

790 2357 840 2392 του
859 2346 933 2392 reete
945 2340 1107 2405 intelligitur
1119 2343 1188 2390 sinus
1206 2343 1245 2390 nei
1260 2341 1333 2389 mallo

790 2415 870 2462 iunior
886 2411 932 2461 λου
950 2411 1077 2476 Aegyptio
1094 2413 1162 2468 σίκυς
1179 2425 1258 2474 quem
1277 2408 1334 2459 Nili

790 2481 973 2533 alluvionibus
992 2479 1154 2545 completum
1178 2493 1238 2530 erse
1260 2480 1334 2528 intre

789 2551 934 2602 multorum
965 2565 1097 2600 annornm
1122 2550 1241 2614 spatium
1269 2551 1334 2598 aute

789 2622 968 2672 iudicaverat.
988 2651 1024 2660 -
1047 2619 1089 2670 Ad
1115 2619 1230 2670 formum
1256 2619 1333 2668 vonis

790 2682 935 2754 ἐρηατικὸς
951 2691 1024 2740 enni.
1045 2688 1160 2739 Bredov.
1180 2703 1207 2754 p.
1225 2686 1285 2738 348.

983 2860 1049 2910 One.
1066 2859 1132 2910 XII.

825 2959 872 3012 καὶ
886 2964 960 3012 τοῖσι
975 2953 1087 3026 λέγουσι
1102 2952 1176 3010 αὐτὰ
1191 2959 1333 3026 πείθομαι

790 3049 815 3083 κ,
828 3049 851 3081 τ.
865 3031 902 3098 λ.·]
925 3031 1060 3082 Herodoti
1079 3031 1146 3080 haee
1166 3035 1208 3080 est
1224 3036 1332 3082 seuten-

790 3103 842 3153 tiu:
863 3114 958 3152 senon
974 3101 1061 3151 solum
1078 3099 1158 3150 fidem
1172 3099 1272 3150 bebere
1286 3101 1331 3165 iis,

792 3173 816 3222 ei
838 3173 885 3236 qui
908 3169 977 3220 talis
1003 3170 1035 3219 de
1059 3169 1185 3235 Aegypto
1209 3176 1330 3235 narrent,

791 3257 884 3292 verum
895 3239 982 3304 ipsum
1002 3239 1054 3288 sibi
1069 3239 1102 3289 de
1119 3237 1161 3290 bis
1174 3239 1255 3290 vulda
1272 3256 1332 3306 per·

791 3311 927 3369 suasisse,
952 3307 1062 3358 ductum
1079 3314 1169 3359 terroe
1187 3310 1272 3374 ipsius
1292 3311 1331 3361 in-

790 3381 850 3432 dole
868 3378 983 3442 aliisque
1001 3379 1139 3444 vestigiis,
1159 3379 1230 3430 unde
1248 3381 1330 3429 meris

789 3451 869 3502 undis
887 3447 957 3497 bene
980 3447 1117 3511 regionem
1142 3447 1206 3498 olim
1229 3453 1331 3499 tentem

789 3520 873 3571 fuisse
893 3523 1034 3582 apparent.

195 3605 285 3656 πομαι
313 3589 407 3640 eodem
432 3591 551 3651 putandi,
580 3592 742 3642 existimandi
824 3578 896 3637 trev
916 3599 946 3635 τε
970 3577 1023 3650 τὴν
1049 3582 1194 3648 Αἴγυπτον
1217 3597 1330 3647 προκει-

195 3676 291 3718 seusu,
315 3675 367 3724 quo
394 3673 475 3723 snpra
494 3659 572 3718 1‚t15
595 3660 623 3708 in
646 3665 737 3710 vetere
788 3650 879 3721 μένην
897 3653 947 3720 τῆς
965 3645 1102 3719 ἐχομένης
1121 3651 1182 3718 γῆς]
1202 3653 1221 3703 i.
1237 3669 1261 3703 e.
1279 3653 1331 3704 Ασ-

196 3729 322 3791 oraeulo,
341 3727 605 3790 et11,2e.43.120
622 3733 674 3779 ete.
786 3734 887 3790 ppptnm
912 3727 1089 3789 praecinentem
1115 3741 1132 3773 ο
1157 3730 1229 3772 terra
1255 3724 1333 3772 οντα·-

230 3797 285 3848 κσῦ
294 3813 324 3861 με
338 3789 377 3861 δὴ
385 3825 417 3833 -
429 3787 481 3845 οὐκ
492 3785 528 3845 ἂν
540 3796 667 3862 χωσθείη
677 3788 738 3845 κόλ-
788 3799 870 3856 nenti,
889 3809 959 3859 quse
971 3793 1077 3844 seilicet
1087 3793 1175 3856 Libya
1190 3792 1248 3841 sive
1261 3792 1333 3841 Afri·

196 3867 262 3933 πσς]
284 3867 376 3918 Verba
389 3866 545 3916 interiecto:
564 3854 739 3930 πρότερονῆ
789 3881 822 3915 ee
840 3868 881 3913 ast
903 3863 1039 3928 putanda,
1065 3877 1097 3912 ex
1116 3877 1170 3927 qua
1189 3862 1330 3926 Aegyptus

196 3929 242 3999 ἐμὲ
262 3927 398 4000 γενέσθαι
422 3935 514 4000 spnrin
531 3936 658 3985 videntur
674 3935 738 4014 Vnst
789 3933 868 4000 quasi
891 3933 1043 3997 prominent
1071 3933 1099 3981 iu
1121 3945 1208 3991 mere,
1238 3931 1279 3980 its
1300 3935 1332 3981 ut

198 4006 342 4068 ekeuario,
370 4003 511 4070 qui·idem
534 4005 616 4054 eoribi
639 4003 698 4054 vult
720 4019 738 4067 η
789 4005 848 4068 ipsa
871 4007 945 4052 terre
967 4001 1030 4052 olim
1054 4002 1136 4052 maris
1159 3999 1239 4050 undis
1257 4005 1332 4052 teuta

197 4089 250 4123 ιιου
270 4073 299 4130 ii.
315 4089 341 4138 q.
361 4063 379 4138 ἦ
398 4073 481 4139 που),
505 4073 576 4123 unde
601 4073 648 4123 elii
665 4078 739 4138 post·
789 4072 876 4122 videri
912 4077 986 4122 uest.

197 4144 249 4194 buo
264 4139 283 4210 ἦ
296 4141 364 4206 τοῦ,
384 4143 460 4193 libris
472 4158 527 4192 uon
539 4140 738 4204 addicentibus,
824 4133 960 4206 κογχυλιό
974 4154 1003 4190 τε
1022 4130 1183 4205 φαινόμενα
1196 4129 1242 4188 iet
1255 4141 1331 4190 τοῖσι

199 4214 257 4262 siue
281 4211 379 4276 quibus
403 4211 551 4276 quidquam
573 4211 617 4260 hio
634 4217 740 4261 mutun—
791 4201 899 4277 οὔρεσι]
922 4199 1020 4273 οόρεσι
1039 4225 1099 4260 num
1117 4212 1232 4260 reoentt.
1251 4209 1329 4260 editt.

199 4281 262 4330 dum
278 4295 358 4344 nego.
389 4281 440 4330 Est
461 4281 532 4330 enim
556 4279 610 4330 loni
627 4296 738 4331 sensus:
791 4279 913 4331 dedimus
930 4296 979 4345 pro
998 4271 1084 4344 ὄρεσι.
1119 4278 1162 4329 Ad
1189 4293 1331 4344 argumen-

198 4349 247 4412 ραι·
265 4352 349 4414 adque
371 4352 440 4399 intro
459 4350 521 4398 illud
536 4357 642 4412 tempus,
666 4351 739 4414 ηιιοιί,
790 4356 847 4400 turn
862 4351 935 4401 noni.
945 4349 1084 4400 Plutarch.
1097 4348 1131 4398 de
1145 4347 1210 4398 isid.
1230 4353 1257 4399 et
1270 4347 1331 4398 Osi-
