2980 4932
200 244 240 304 24
635 220 900 327 HERDDOTI

200 441 279 506 ,,μοι
300 413 431 499 λέγοντι
452 407 529 496 περὶ
549 409 609 475 τοῦ
628 407 734 482 εἴδεος
756 403 813 490 τῆς
838 393 996 488 γυναικός
1027 384 1111 480 (ἀνα
1136 390 1200 482 γὰρ
1217 391 1339 481 ταγχά-

202 545 277 608 ,,νει
295 511 507 605 ἀνθρώποισι
528 509 625 604 ἐόντα
647 503 846 594 ἀπιστότερα
868 500 1088 593 donuinam·
1116 504 1226 584 τιοίεε,
1254 493 1342 577 ὅπως

203 625 360 711 ,ἐκείνην
377 614 517 705 θεήσεαι
536 610 705 702 γυμνήν.“
737 605 772 680 ‘0
789 608 826 679 δὲ
843 608 928 697 μέγα
945 601 1103 695 ἀμβώσας
1123 601 1214 673 εἷπε·
1250 603 1341 688 „As-

201 747 347 814 ,,σττοτα,
370 727 446 791 τίνα
464 721 571 806 λέγεις
589 715 690 804 λόγον
710 711 773 785 οάιι
790 709 905 801 ὑγιέα,
929 707 1080 780 κελεύων
1097 735 1138 796 με
1158 707 1343 778 δέσποιναν

201 827 286 918 ,τὴν
302 823 385 915 ἐμὴν
397 820 588 912 θεήσασθαι
604 819 753 910 γνμνήν;
777 814 844 908 ἅμα
859 815 896 886 δὲ
910 819 1035 914 κιθῶνι
1051 813 1244 906 ἐκδυομένῳ
1258 825 1358 880 σνν-’

204 1029 237 1079 da
248 1027 290 1077 his
301 991 444 1091 disputans
458 1024 477 1075 J
479 1039 504 1074 ο.
516 1021 628 1073 Classen
642 1022 670 1071 in
682 1022 748 1072 Pro·
799 1033 918 1088 quoquc.
929 1015 993 1069 Vid.
1004 1014 1200 1082 Wyttenhech.
1211 1014 1246 1065 sd
1257 1013 1343 1066 Phae-

195 1089 538 1164 'grammsteFraucofurt
558 1092 635 1144 1854.
650 1089 748 1156 (Beob-
799 1091 862 1141 don.
882 1105 909 1154 p.
929 1087 980 1139 238
998 1090 1026 1137 et
1046 1101 1116 1152 qnae
1133 1085 1217 1136 hebct
1234 1086 1281 1136 Gr.
1307 1083 1344 1134 ad

204 1168 359 1232 sehtungen
376 1165 443 1215 iiber
460 1163 486 1214 d.
510 1163 612 1214 homer.
634 1161 749 1227 Sprseh·
799 1159 925 1212 Proelum
945 1155 991 1222 (ad
1013 1157 1082 1208 cele.
1106 1155 1207 1208 Plotia.
1230 1155 1264 1206 de
1286 1153 1345 1220 pul-

204 1235 352 1305 gebraueh)
371 1250 398 1300 p.
418 1234 443 1285 8.
464 1234 504 1284 Ac
521 1237 665 1298 praeterea
685 1246 750 1298 quo-

203 1323 255 1375 que
273 1304 378 1358 consuli
402 1308 494 1369 petest
512 1303 641 1366 Hartung
662 1301 750 1352 Lehre

203 1378 229 1428 d.
249 1376 355 1427 Partik.
376 1374 402 1426 d.
421 1373 524 1438 griech.
543 1371 661 1438 Sprache
680 1371 703 1422 1.
722 1387 749 1436 p.

204 1446 296 1564 ωάτα
315 1504 368 1578 γὰρ
387 1542 422 1550 -
445 1499 616 1574 ὀφθαλμῶν]
636 1507 750 1558 Plurimi

202 1586 287 1636 hocce
303 1579 437 1634 Herodoti
456 1579 559 1630 dictum
582 1579 750 1644 repetierunt

202 1659 331 1722 posterae
358 1651 458 1701 aetatis
487 1649 647 1714 scriptores,
680 1649 750 1699 iudi-

204 1729 285 1776 esnte
294 1720 478 1786 Wesselingio
491 1719 562 1771 adh.
577 1718 596 1770 l.
609 1723 636 1769 et
645 1719 747 1784 Upton.

204 1794 239 1845 sd
250 1794 366 1858 Dionys.
378 1790 468 1841 Helie.
489 1807 516 1856 p.
535 1791 568 1840 42
584 1788 627 1840 ed.
638 1789 748 1842 Sehsel.

203 1864 308 1928 Quibus
330 1860 415 1913 mults
439 1860 494 1910 alia
521 1858 626 1910 addidit
655 1859 686 1910 C.
714 1859 748 1911 F.

202 1935 351 1984 Hermann.
359 1931 394 1982 ad
404 1931 519 1982 Lucian.
534 1929 747 1992 Quomodohist.

204 2019 309 2054 consor.
327 2019 354 2067 p.
366 2000 427 2053 188.
443 2001 502 2052 184.
520 1999 567 2049 hd·
579 1997 749 2048 Heraclitum

203 2072 273 2122 hene
291 2071 453 2122 sententiam
477 2083 562 2132 nuper
584 2068 680 2118 referri
703 2084 750 2120 vo-

203 2140 256 2190 luit
272 2142 393 2204 Bernays
413 2137 559 2188 Heraclitt.
578 2139 609 2187 P.
631 2138 654 2188 1.
673 2154 700 2204 p.
721 2138 747 2190 8.

205 2211 292 2272 Quem
309 2225 373 2260 vero
390 2207 443 2258 hue
464 2206 595 2258 retulerat
616 2207 664 2258 Gr.
689 2224 749 2259 ver-

205 2293 264 2330 sum
282 2276 423 2340 Sophoclis
442 2275 481 2340 (in
497 2278 633 2342 Fragmm.
653 2293 695 2330 nr.
714 2280 748 2328 77

206 2347 248 2398 ed.
273 2344 393 2424 Brunple
424 2361 470 2427 nr,
486 2348 538 2428 127,
560 2347 602 2397 ed.
627 2347 748 2415 Wagner

203 2413 747 2551 a.ttatttrttsttttttt]

205 2558 293 2606 ortum
307 2549 514 2615 exOsdip.Tyr.
530 2554 596 2604 1247
610 2554 644 2621 (s.
658 2557 746 2624 1287),

203 2623 252 2675 ubi
276 2621 333 2672 vid.
359 2620 486 2684 interprr.
511 2620 604 2686 Neque
621 2625 674 2676 huc
692 2643 747 2678 nen

204 2691 323 2759 pertinet
340 2689 435 2741 Senec.
448 2688 537 2752 Epist.
548 2689 596 2739 VI.
613 2708 640 2756 p.
660 2696 690 2745 17
702 2697 745 2748 ed,

204 2761 326 2814 Martha·
338 2789 374 2799 -
392 2757 532 2822 „homines
553 2760 666 2823 amplius
685 2779 746 2815 oeu-

204 2833 248 2894 lis,
259 2845 340 2896 quam
350 2828 460 2879 auribus
473 2827 615 2877 creduut.“
630 2830 661 2878 In
671 2847 745 2899 seqq.

204 2892 332 2965 θεήσεαι,
350 2903 382 2948 ut
396 2913 457 2947 mox
475 2889 640 2960 θεήσασθαι
651 2899 749 2966 reliqui

204 2973 351 3028 intactum
370 2971 484 3018 reeentt.
504 2965 564 3017 edd.
584 2957 708 3032 θηήσεαι
721 2976 749 3020 et

204 3031 385 3104 θηήσασθαι.
411 3037 475 3088 Vid.
504 3035 621 3114 Bredop.
649 3050 675 3099 p.
704 3037 747 3089 48.

204 3110 246 3160 Ad
269 3111 433 3157 structuram
457 3105 570 3156 voculae
593 3119 667 3161 οκως
685 3121 745 3156 cum

203 3177 348 3230 indicativi
364 3177 456 3226 futuro
482 3175 555 3227 conl.
577 3175 640 3238 VII,
666 3175 699 3227 18
719 3181 746 3226 et

203 3262 272 3314 qnae
298 3246 425 3297 disseruit
448 3245 482 3296 de
507 3245 550 3296 hie
573 3244 745 3297 Baeumlein:

204 3315 378 3368 Grleehisehe
396 3315 471 3366 Mod.
489 3331 516 3398 p.
538 3313 586 3366 112
604 3329 679 3379 seqq.

239 3376 254 3434 ὁ
272 3379 304 3434 δὲ
320 3381 390 3451 μέγα
408 3376 575 3450 eluderent]
588 3385 630 3434 De
649 3384 744 3450 forma,

204 3471 284 3521 quarn
308 3455 447 3506 Aeolicam
471 3453 538 3504 dicit
560 3453 650 3504 Schol.
678 3457 746 3506 Her-

203 3541 275 3590 mog.
292 3541 319 3590 p.
336 3525 387 3576 407
414 3540 431 3574 a
453 3523 500 3574 Cr.
526 3523 669 3587 laudatus,
689 3524 746 3578 vid.

202 3595 225 3656 1,
247 3596 289 3646 18.
308 3623 343 3634 -
385 3595 462 3657 Quae
485 3598 634 3660 sequuntur
662 3594 746 3660 Gygis

203 3663 295 3726 verba,
316 3662 409 3714 attulit
424 3663 500 3713 Theo
511 3664 745 3728 Progymnaamm.

203 3733 250 3796 IV,
268 3733 311 3785 58.
330 3749 357 3798 p.
376 3733 410 3784 88
429 3731 594 3783 edPinclrh.

238 3800 303 3851 τίνα
317 3798 405 3867 λέγεις
421 3794 508 3866 λόγον
526 3791 579 3849 oda
592 3790 700 3867 ὑγιέα]
725 3801 743 3852 i.

203 3888 227 3922 e.
246 3887 314 3936 quem
331 3886 466 3922 amnonem
482 3877 508 3920 tu
529 3870 635 3934 profers
652 3873 746 3922 ιιιίνίιντ

201 3957 295 3992 suumn.
315 3941 362 3991 Sic
384 3931 467 4006 ὑγιὴς
490 3954 573 4004 saepe
593 3939 627 3989 ad
646 3941 745 3992 oratio-

801 1229 875 1295 crit.)
893 1245 921 1294 p.
939 1228 993 1290 83,
1014 1227 1189 1293 inFragmm.
1212 1225 1292 1277 histt.
1315 1241 1343 1290 p.

800 1301 854 1378 25.ῃ
864 1299 934 1350 hdd.
947 1297 1050 1377 Herod.
1068 1296 1117 1359 VI,
1132 1295 1344 1376 100.,VI1,157.

801 1360 1118 1503 ...11ῖάἀῖἀωίἲά
1129 1364 1346 1488 tullissit:

801 1509 878 1560 editt.
903 1507 1028 1559 conferri
1052 1505 1110 1557 vult
1135 1507 1178 1556 l'r.
1204 1506 1346 1558 Schaeieri

799 1579 912 1630 laudata
929 1578 964 1628 ad
978 1578 1093 1642 Dionys.
1102 1576 1193 1627 Halie.
1208 1575 1241 1626 de
1256 1593 1345 1642 comp.

800 1650 895 1701 verbb.
919 1649 952 1714 'p.
981 1646 1025 1699 43.
1057 1647 1226 1698 Sententiam
1256 1648 1344 1713 ipsam

800 1719 873 1770 haud
890 1718 972 1785 pauci
988 1717 1111 1780 fuerunt,
1136 1717 1183 1782 qui
1207 1732 1239 1767 ex
1258 1719 1346 1768 Hero-

801 1791 859 1841 doti
878 1805 924 1840 ore
938 1793 1092 1854 repeterent
1115 1792 1163 1838 aut
1181 1792 1254 1838 certe
1272 1788 1347 1838 simi·

799 1860 837 1912 lie
863 1859 1027 1926 proferrent.
1059 1857 1102 1909 cf.
1132 1856 1248 1908 Weesel.
1277 1857 1345 1924 ibiq.

800 1931 898 1997 poties.
911 1927 1051 1980 Plutarch.
1071 1927 1104 1978 de
1122 1927 1249 1979 andiend.
1268 1933 1344 1992 poet.

800 2017 827 2067 p.
859 1999 891 2051 37
920 2001 956 2050 D.
990 1997 1025 2048 sd
1055 2013 1133 2062 quem
1160 1997 1250 2049 locum
1270 2014 1347 2050 ¹con-

801 2069 875 2122 sulas
900 2067 1107 2135 Wytteuhachii
1132 2067 1295 2120 Animadrv.
1317 2085 1345 2134 p.

800 2139 852 2192 308
875 2155 932 2205 seq.
962 2139 1024 2200 Qui,
1049 2141 1080 2187 ut
1107 2138 1161 2188 iam
1187 2143 1251 2189 ante
1284 2154 1346 2190 eum

798 2212 901 2275 Upton.
921 2208 956 2258 ad
966 2209 1082 2273 Dionys.
1100 2206 1190 2259 Halic.
1207 2207 1225 2258 l.
1241 2208 1270 2272 l.,
1285 2225 1347 2260 sen-

799 2280 903 2331 tentiae
922 2278 1055 2344 originem
1078 2293 1092 2328 e
1111 2277 1249 2342 Theanus,
1268 2279 1347 2329 lemi-

799 2366 851 2401 nae
872 2349 1085 2414 Pythagoricae,
1110 2353 1256 2414 praecepto
1279 2365 1347 2414 quo·

799 2421 861 2471 dam
887 2417 1063 2484 repetendam
1091 2433 1151 2470 esse
1180 2420 1345 2484 suspicatur,

799 2491 877 2541 euius
913 2489 1036 2539 meminit
1069 2489 1209 2556 Diogenes
1249 2489 1344 2541 Lesrt.

798 2557 919 2622 vl1‚43:
939 2556 974 2623 τῇ
990 2550 1023 2607 δὲ
1040 2549 1113 2622 πρὸς
1130 2551 1182 2609 τὸν
1199 2555 1279 2608 ἴδιον
1294 2549 1346 2608 ἀν-

798 2627 854 2694 δρα
867 2623 1006 2694 μελλούσῃ
1017 2619 1196 2692 πορεύεσθαι
1211 2626 1255 2694 (de
1269 2629 1345 2680 coitu

797 2699 849 2751 hoc
879 2697 1083 2764 accipiendum
1120 2699 1177 2749 vid.
1203 2699 1343 2750 Schaeier.

798 2770 833 2820 ed
841 2769 957 2834 Dionys.
976 2768 995 2819 l.
1014 2767 1045 2834 1.)
1061 2760 1193 2836 παρῄνει,
1212 2783 1270 2833 αμα
1283 2771 1345 2825 τοῖς

799 2831 938 2902 ἐνδύμασι
954 2831 1002 2887 καὶ
1019 2829 1073 2902 τὴν
1085 2830 1226 2903 αἰσχύνην
1243 2829 1345 2888 ἀποτί-

798 2906 916 2972 caenas,
935 2898 1126 2972 ἀνισταμένην
1138 2901 1170 2958 δὲ
1188 2898 1274 2958 πάλιν
1286 2897 1346 2968 ἅμα

799 2967 929 3027 atrocem
941 2967 1159 3043 ἀναλαμβάνειν.
1171 2978 1273 3029 Contra
1281 2976 1344 3029 Pla-

801 3047 860 3095 toni
881 3047 909 3094 in
931 3046 975 3108 iis,
1000 3061 1070 3112 qnae
1092 3048 1188 3098 scribit
1205 3047 1288 3100 Polit.
1307 3048 1342 3110 V,

797 3111 823 3162 8.
840 3131 865 3176 p.
885 3116 936 3165 457
959 3115 1007 3167 Aa
1031 3107 1193 3167 ἀποδοτέον
1218 3109 1255 3182 δὴ
1280 3117 1344 3174 ταῖς

797 3179 854 3262 qais
871 3175 1020 3261 ιφνάἀιαον
1054 3183 1197 3250 γυναιξὶν,
1226 3179 1343 3250 ἐπείπερ

797 3263 902 3313 opsequ
923 3247 986 3300 αντὶ
1009 3247 1130 3318 ἱματίων
1151 3247 1342 3320 ἀμφιέσονται

798 3315 933 3369 Herodoti
949 3317 1046 3384 locum,
1071 3325 1202 3376 orationis
1226 3325 1342 3378 sormam

798 3389 896 3439 saltem
918 3387 942 3438 ei
960 3391 1147 3456 respiciamus,
1166 3396 1342 3448 obversatum

799 3459 883 3518 luisse
890 3459 1039 3522 contendit,
1050 3465 1240 3528 monenteOr.,
1247 3467 1342 3518 Aetius

799 3528 874 3579 adh.
887 3527 938 3593 l.p.
952 3529 1012 3579 als.
1033 3527 1176 3582 Caeterum
1186 3535 1274 3600 ipsam
1285 3538 1344 3587 He-

798 3597 887 3649 rodoti
906 3599 1069 3648 sententiam
1085 3615 1148 3650 vere
1160 3601 1291 3656 Graecam
1304 3607 1343 3656 vi-

799 3667 856 3718 deri
869 3671 961 3717 monet
973 3667 1079 3718 Becher
1093 3671 1121 3719 in
1140 3657 1257 3726 Charicl.
1274 3675 1298 3726 I.
1313 3692 1342 3741 p.

798 3737 858 3790 318.
880 3735 928 3802 (11.
943 3753 968 3802 p.
985 3735 1034 3789 188
1046 3738 1087 3788 ed.
1103 3739 1169 3806 see.)
1202 3744 1246 3792 Tu
1266 3745 1341 3795 conf.

798 3807 879 3857 etiam
894 3807 1073 3858 Grneneisen:
1093 3809 1184 3860 Ueber
1207 3811 1256 3862 das
1274 3813 1344 3865 Sitt-

796 3876 868 3928 liche
878 3877 905 3927 d.
913 3876 979 3927 bild.
989 3879 1080 3928 Kunst
1092 3877 1119 3929 d.
1133 3879 1241 3931 Grieeh.
1253 3882 1341 3946 (Lips.

797 3945 876 4014 1833)
889 3963 917 4012 p.
934 3945 978 3998 32.
989 3939 1148 3997 -ιιιθών
1167 3949 1263 4001 Ionum
1282 3967 1343 4003 esse

201 4025 262 4062 nem
294 4009 499 4074 sententiaeque
528 4009 659 4072 refertur,
691 4027 744 4061 non
794 4033 842 4081 pro
856 4009 1041 4081 patescens
1054 4021 1173 4070 constet.
1205 4020 1341 4071 enmono

199 4080 286 4131 solum
305 4080 377 4145 apud
389 4083 485 4144 poetas
496 4076 533 4143 (v.
549 4093 578 4129 e.
597 4079 670 4144 apud
681 4080 744 4130 Pin-
793 4086 917 4137 Fischer.
937 4084 971 4135 ad
989 4083 1099 4138 Weller.
1113 4088 1138 4139 1.
1152 4105 1179 4154 p.
1198 4090 1257 4141 154.
1276 4090 1342 4141 Gra-

199 4149 309 4211 dsrnm,
336 4147 370 4198 de
394 4163 447 4212 quo
471 4148 519 4198 Gr.
545 4148 614 4198 citat
635 4149 744 4200 hetin

794 4171 853 4222 gor.
881 4154 1003 4206 Corinth.
1029 4171 1056 4220 p.
1083 4157 1143 4209 414.
1168 4159 1286 4210 Bredov,
1312 4176 1339 4224 p.

198 4217 363 4268 commentt.
388 4216 490 4267 societ.
513 4216 579 4282 phil.
602 4217 679 4283 Lips.
705 4219 741 4281 ΙΙ,
793 4223 900 4276 8182.
919 4223 1083 4276 Declaratur
1107 4232 1197 4278 autem
1222 4229 1338 4280 interius

91 4339 94 4344 ,
157 4365 160 4368 Ι
198 4287 223 4340 1.
241 4302 268 4358 p.
287 4285 341 4356 21),
365 4299 458 4336 verum
477 4286 550 4352 apud
567 4286 743 4354 philosophos
794 4295 890 4345 Ionum
905 4294 1098 4348 vestimentum
1108 4296 1172 4350 land
1185 4297 1340 4350 coniectum
