3088 4944
637 297 764 362 chlo.
789 302 897 364 [156.

1276 299 1336 364 313

193 502 245 543 τοι
268 479 357 542 ἔωσι.
400 465 522 541 ἀπειπε
542 473 605 559 μέν
624 495 686 561 σφι
705 476 837 563 πέμψας
857 469 943 545 ὅπλα
969 470 1070 566 ἀρήϊα
1089 472 1135 564 μὴ
1156 470 1331 564 ἐκτῆσθαι,

195 579 312 646 κέλευε
334 578 375 645 δέ
392 597 497 662 σφεας
517 578 667 658 κιθῶνάς
685 604 721 647 τε
741 573 927 650 ὑποδύνειν
945 595 1030 650 τοῖσι
1052 584 1179 668 εἵμασι,
1195 581 1251 649 καὶ
1269 608 1327 650 ao-

194 678 342 767 θόρνους
368 675 593 750 ὑποδέεσθαι·
628 679 767 769 πρόειπε
797 680 829 752 δ’
851 679 981 754 αύτοτσι
1008 691 1195 772 κιθαρίζειν
1213 711 1249 753 τε
1272 687 1329 756 καὶ

194 782 336 866 ψάλλειν
365 784 422 852 καὶ
455 782 660 871 καπηλεύειν
693 786 867 856 παιδεύειν
891 784 969 866 τούς
1000 792 1130 868 παῖδας.
1187 791 1243 858 καὶ
1270 817 1328 859 τα-

193 889 276 974 χέως
296 888 418 973 σφέας,
445 875 471 954 ὦ
492 893 648 974 βασιλεύ,
680 904 842 975 γυναῖκας
862 887 936 960 ἀντ’
959 887 1095 979 ἀνδρῶν
1114 888 1211 974 ὄψεαι
1232 920 1329 980 γεγο-

192 991 308 1073 νότας,
324 985 410 1062 ὥστε
429 985 534 1060 οὐδὲν
552 997 661 1062 δεινοί
671 1020 722 1062 τοι
737 998 885 1078 ἔσονται,
899 990 945 1082 μὴ
957 990 1153 1064 ἀποστέωσι.
1184 1004 1328 1086 Κροῖσος
1338 1015 1398 1076 156

193 1160 271 1212 addit
286 1163 425 1226 Iustinus,
439 1163 469 1210 ut
487 1175 554 1225 gens
572 1159 636 1212 olim
650 1167 677 1213 et
691 1177 737 1226 po-

193 1235 254 1281 tens
263 1236 291 1282 et
302 1237 423 1295 strenua,
440 1231 541 1281 virtute
549 1231 666 1296 pristina
678 1248 737 1297 per-

192 1301 276 1352 dita'
268 1318 296 1352 ru
308 1302 444 1354 luxuriam
463 1299 576 1368 delapsa
586 1302 631 1354 eit.
660 1304 738 1366 Quae

191 1388 255 1421 num
274 1372 382 1422 veriora
400 1374 455 1422 siut
468 1371 646 1435 Herodoteis,
664 1371 738 1422 haud

193 1442 350 1492 decernam:
369 1457 384 1492 ε
398 1441 492 1492 Ctesia
505 1441 617 1493 fluxisse
631 1443 735 1507 opinor.

192 1512 234 1562 Ae
251 1512 374 1562 merito·
366 1513 413 1576 rie,
433 1526 504 1577 quae
525 1511 598 1576 apud
615 1512 737 1563 Herodo

192 1585 248 1631 tum
265 1582 297 1632 de
308 1581 393 1647 Lydis
407 1585 609 1648 proponuntur,
628 1583 735 1633 attendi

191 1651 267 1702 iubet
283 1652 401 1704 Heoren.
423 1653 452 1702 in
475 1651 599 1712 ΙδεεσΙ,
621 1653 644 1703 1.
669 1668 734 1718 pag.

191 1721 252 1772 407.
289 1723 340 1771 Bet
360 1723 431 1772 enim
445 1721 497 1772 hoc
516 1721 625 1772 omnino
643 1737 735 1773 eorum

191 1791 348 1853 eonsilium,
386 1793 446 1857 qui,
483 1791 624 1854 imperium
657 1807 735 1842 suum

191 1860 273 1926 louge
290 1861 399 1926 lateque
416 1865 596 1927 propagatum
614 1877 668 1926 quo
681 1877 735 1912 me-

190 1930 242 1980 lius
256 1936 397 1994 tueantur,
413 1931 647 1996 subditasgentes
659 1931 736 1982 luxu·

190 2002 232 2051 ria
255 2001 425 2065 diffluentes,
450 2005 608 2063 enervatus,
634 2001 735 2052 emolli-

189 2075 234 2120 tae
246 2071 375 2131 reddunt,
394 2088 428 2123 ne
445 2086 564 2136 unquam
582 2072 695 2136 iugum‘
687 2087 735 2122 ιισ-

163 2205 168 2212 ·
189 2141 308 2202 positum
326 2142 444 2194 obiicere
465 2145 586 2202 tentent,
605 2157 674 2192 neve
696 2142 735 2192 ul-

189 2210 245 2259 lum
265 2227 374 2276 prorsus
393 2211 541 2277 periculum
559 2211 622 2262 iudo
636 2213 735 2262 victori

189 2281 226 2330 sit
245 2281 403 2333 timendum.
440 2281 494 2333 Sed
506 2281 575 2332 bene
585 2281 612 2332 b.
624 2281 644 2333 Ι.
659 2282 734 2332 istud

183 2349 349 2412 tenendum,
374 2351 473 2416 Cyrum
496 2351 548 2402 hoc
566 2367 663 2416 agere,
687 2367 734 2402 au-

188 2425 264 2470 ctore
282 2420 397 2483 Croeso,
417 2421 463 2486 qui
482 2437 513 2471 eo
529 2422 588 2486 ipso
604 2421 731 2486 populum

189 2489 252 2540 olim
267 2505 346 2542 suum
359 2507 468 2542 sanare
478 2491 604 2551 voluerit,
617 2507 651 2541 σο
662 2491 731 2541 aliae

187 2561 216 2610 in
234 2559 311 2611 sedes
325 2562 557 2612 transduceretur.
593 2563 663 2611 Nam
680 2561 732 2612 boc

187 2645 300 2750 tutti
313 2630 732 2759 11111111.1111ῑ111.1.

187 2774 281 2834 gentes
301 2771 439 2822 subiectas
458 2771 515 2821 suis
534 2771 613 2820 terris
631 2770 730 2836 patriis

186 2841 283 2890 cedere
298 2845 398 2906 cogunt
415 2841 443 2890 in
462 2839 530 2890 aliea
542 2841 655 2890 multum
668 2839 731 2890 iude

187 2913 304 2960 remotas
313 2915 410 2960 terrea.
431 2909 514 2960 Cuius
525 2912 630 2974 generis
644 2925 731 2960 exem-

178 2979 232 3042 'pla
248 2979 353 3044 aliquot
376 2980 404 3029 in
422 2981 564 3029 Persarum
590 2980 732 3028 inveniun-

186 3054 232 3098 tur
248 3049 374 3100 historia.
409 3049 473 3100 Vid.
491 3050 608 3100 Haeren.
627 3047 680 3098 l.l.
695 3079 731 3087 -

186 3119 231 3170 Sic
247 3118 409 3184 Babyloniis
426 3119 642 3170 desciscentibus
659 3117 731 3167 hanc

185 3205 299 3247 poenam
330 3205 347 3238 a
374 3189 464 3238 Xerxe
490 3189 639 3253 irrogatam
669 3202 730 3236 esee

184 3258 300 3322 legimus
319 3258 392 3322 apud
409 3257 549 3308 Plutarch.
565 3258 603 3308 11.
622 3255 728 3322 p.173;

185 3329 278 3378 Cumis
291 3327 391 3378 similia
405 3329 461 3378 iere
474 3328 580 3378 civibus
597 3325 730 3392 praescri-

184 3397 273 3462 psissc
298 3397 398 3448 dicitur
422 3396 610 3448 Aristodemus
637 3401 729 3459 tyran-

185 3483 250 3528 nus,
274 3472 345 3518 teste
362 3467 479 3531 Dionys.
498 3465 591 3516 Halic.
615 3464 728 3527 Autiqq.

183 3537 289 3587 Romm.
319 3537 384 3596 vn,
403 3535 430 3586 ΙΙ.
453 3537 494 3586 De
513 3535 598 3594 Lydis
619 3537 729 3599 praeter

183 3607 317 3657 Herodoti
335 3607 423 3656 locum
444 3606 517 3655 coni.
537 3604 681 3664 Iustin.I,
700 3603 726 3652 6.

183 3681 211 3726 et
223 3676 354 3740 Polyaen.
371 3675 436 3732 vn.
457 3675 482 3734 o,
496 3679 522 3726 4.
555 3675 643 3739 Atque
658 3643 729 3736 Lydi

181 3761 354 3810 peromnem
381 3745 573 3809 antiquitatem
598 3744 632 3794 ob
651 3741 728 3792 luxu-

181 3815 248 3864 riam
274 3831 306 3865 ac
335 3813 474 3864 mollitiem
499 3814 570 3865 male
595 3813 726 3863 infames.

128 3929 131 3936 .
180 3885 209 3934 in
229 3899 310 3948 quem
330 3885 416 3945 ipsam
434 3884 489 3934 iam
507 3889 571 3934 ante
584 3883 649 3946 Gyri
659 3887 727 3932 tem

181 3969 249 4017 pora
263 3953 325 4004 illos
342 3953 468 4018 delapsos
480 3970 540 4004 esse
552 3954 625 4004 baud
637 3966 726 4017 pauca

181 4027 329 4076 testantur.
366 4023 409 4074 cf.
433 4025 540 4074 Krause
563 4023 667 4086 Theag.
696 4037 724 4084 p.

180 4091 224 4142 ut.
243 4092 287 4144 86.
324 4093 415 4158 Bergk
436 4093 471 4142 ad
489 4094 656 4144 Anacreout.
675 4092 726 4141 lte-

178 4161 245 4226 liqq.
270 4179 297 4226 p.
320 4163 372 4212 240
397 4178 470 4225 seq..
501 4163 548 4227 qui
574 4163 602 4212 in
631 4159 725 4226 primis

69 4211 82 4236 ⁸
179 4230 276 4282 laudat
292 4232 426 4282 Athenaei
443 4201 532 4282 Ιόοσισ
546 4233 612 4282 XII.
631 4247 658 4294 p.
672 4229 724 4279 olo

181 4301 213 4350 E.
238 4306 265 4350 at
292 4317 368 4366 seqq.
392 4301 499 4351 onoA.
543 4301 585 4351 Ad
609 4301 722 4350 formem

180 4371 347 4422 coniunctivi
365 4371 487 4422 Ionicum
511 4364 577 4420 ἔασι
597 4370 634 4422 ci.
657 4369 722 4420 Bra·

790 1164 852 1215 dov.
871 1180 898 1228 p.
916 1162 976 1215 404.
1012 1163 1045 1214 In
1056 1179 1131 1230 seqq
1145 1164 1218 1215 coni.
1230 1165 1329 1216 Matth.

789 1234 836 1286 Gr.
862 1235 908 1286 Gr.
933 1232 957 1294 ξ.
988 1231 1048 1296 7134,
1073 1237 1113 1315 4,
1125 1234 1149 1284 1.
1175 1249 1238 1298 pag.
1266 1235 1332 1286 1046

789 1320 847 1370 seq.
874 1305 908 1356 de
933 1272 1072 1355 locutionis
1094 1293 1275 1353 ἀπειπε-
1240 1296 1331 1368 -μὴ
1373 1331 1378 1340 -

789 1321 936 1440 ἐκτῆσθαι,
963 1364 1135 1437 καπηλεύειν
1155 1372 1220 1437 quid
1241 1373 1277 1423 sit
1306 1379 1334 1424 et

789 1460 842 1508 qno
866 1444 973 1495 dicatur
996 1459 1093 1506 seusu,
1118 1443 1270 1494 monuimus
1297 1444 1332 1494 ad

789 1515 812 1577 I,
833 1513 877 1565 94.
915 1512 994 1595 Quod
1020 1530 1085 1565 vero
1109 1513 1182 1578 Lydi
1204 1514 1333 1566 iubentur

786 1552 915 1639 κιθῶνάς
933 1599 961 1634 τε
978 1574 1139 1634 ὑποδύνειν
1151 1583 1225 1632 τοισι
1237 1580 1331 1646 ripum

786 1650 833 1703 καὶ
856 1645 1022 1716 κοθόρνους
1047 1643 1224 1702 torostoros:
1249 1651 1279 1718 (i.
1305 1671 1329 1705 e.

786 1727 883 1775 maicaa
902 1724 948 1774 rub
964 1725 1050 1787 palliis
1065 1730 1169 1788 pectere
1185 1725 1331 1789 caloresque

785 1794 936 1859 schilpore),
955 1793 1069 1844 alterum
1087 1791 1150 1843 iude
1170 1793 1266 1858 opinor
1287 1809 1331 1844 ex-

786 1863 956 1930 piscandum,
988 1863 1060 1929 quod
1088 1862 1247 1928 plerumque
1276 1879 1330 1913 non

786 1935 841 1984 nisi
866 1949 948 1984 uuum
974 1937 1092 1994 restem,
1120 1933 1256 1994 tunicum,
1283 1949 1329 1999 ge-

787 2009 861 2054 stare
873 2003 1012 2066 solebant
1032 1970 1331 2083 pdditumqnoalterum

785 2074 979 2125 vestimentum
1000 2042 1043 2137 (τό
1067 2067 1183 2134 εἷμα-.-
1202 2064 1328 2135 sudeton)

785 2141 1175 2203 luxuriaeindioiumhabetur‚
1182 2144 1218 2193 ci.
1225 2143 1329 2194 Becker

786 2213 904 2265 Charicl.
928 2213 982 2263 III.
1006 2229 1070 2278 pag.
1102 2211 1151 2263 15ss
1175 2227 1252 2278 seqq.
1281 2214 1328 2262 17⁶2

786 2283 828 2334 ed.
848 2299 904 2334 sec.
941 2283 984 2333 De
1009 2282 1117 2333 ebitcne
1145 2282 1217 2332 coni.
1240 2283 1272 2344 V,
1294 2283 1327 2332 ar

785 2355 877 2419 ibique
900 2357 969 2402 nott.
997 2352 1140 2403 Caeterum
1161 2320 1307 2402 similcui'
1299 2369 1327 2402 in

782 2424 891 2474 modum
909 2424 1009 2473 Noster
1027 2424 1060 2474 de
1075 2421 1270 2486 Aegyptiorum
1286 2437 1329 2472 sa-

784 2493 939 2544 cerdotibus
957 2493 997 2553 ΙΙ,
1015 2493 1059 2544 81.
1079 2491 1190 2542 scribit:
1213 2482 1327 2540 ἐνδεδύ

782 2576 847 2644 κασι
876 2555 908 2611 dl
930 2531 1061 2619 νιθόίνας
1085 2558 1257 2618 λινέονς-
1281 2551 1327 2610 brt

781 2626 945 2681 τούτοισιδ
927 2625 960 2680 dl
982 2626 1090 2693 εἰρίνεα
1117 2627 1217 2693 εἵματα
1240 2623 1325 2680 levari

782 2692 981 2786 ἐπαναβληδὸν
1005 2698 1153 2764 φορέουσι.
1190 2701 1247 2751 Νοο
1272 2716 1327 2752 me-

782 2773 824 2836 gie
848 2771 882 2821 ad
906 2771 1019 2821 delicias
1043 2770 1182 2834 vitamque
1203 2769 1327 2820 mollitiei

782 2841 901 2892 deditam
925 2840 1061 2905 pertinere
1084 2838 1193 2888 videtur
1217 2830 1325 2900 κοθόρ-

781 2925 887 2968 νοος
870 2900 1062 2964 ὑποδέεσθαι,
1084 2923 1145 2957 cum
1168 2907 1326 2972 plerumque

780 2970 961 3042 ἀνυπόδητοι
979 2977 1130 3042 prodirem
1148 2976 1265 3026 medium
1284 2991 1326 3026 so-

779 3049 881 3099 lerant.
912 3046 990 3110 plura
1016 3046 1071 3095 rid.
1104 3045 1176 3109 apud
1212 3045 1326 3096 eundem

781 3117 930 3169 Beckerl
954 3115 973 3165 l.
1000 3133 1026 3180 p.
1050 3115 1102 3166 215
1123 3130 1200 3180 seqq.
1236 3117 1326 3182 Atque

780 3179 928 3244 κόθορνος
956 3185 989 3236 dc
1015 3184 1124 3249 vulgari
1146 3184 1326 3237 calceamenti

781 3271 880 3323 genero
886 3255 1018 3320 intelligo
1027 3255 1120 3321 dequo
1130 3255 1202 3306 idem
1210 3256 1325 3307 Becker.

780 3343 807 3392 p.
826 3326 889 3378 220.
926 3327 1003 3376 Haec
1017 3326 1102 3390 igitur
1114 3324 1228 3376 ennead
1243 3327 1326 3377 Grae·

780 3411 872 3446 corum
898 3395 1060 3445 sententiam
1084 3394 1158 3444 dicta
1182 3395 1324 3445 videntur:

779 3481 868 3530 neque
892 3479 957 3514 vero
979 3464 1042 3515 inde
1065 3468 1153 3514 totum
1183 3464 1325 3514 consilium

780 3535 851 3599 Cyro
871 3535 964 3584 datum
984 3534 1019 3583 ad
1033 3535 1214 3594 Graecorum,
1233 3537 1326 3596 tyran-

779 3621 875 3656 norum
887 3603 1057 3668 potissimum
1073 3603 1194 3652 rationes
1205 3601 1325 3652 effictum

779 3675 947 3726 crediderim.
967 3673 1047 3724 Geni.
1058 3671 1247 3721 Wacbsmuth.
1261 3671 1325 3722 Hol-

777 3743 832 3795 len.
860 3742 1057 3794 Alterthumslr.
1083 3741 1128 3804 ΙΙ,
1148 3743 1175 3791 2.
1195 3756 1258 3807 pag.
1281 3743 1323 3792 17.

813 3803 883 3863 οἷστε
899 3803 986 3862 ούδὲν
995 3809 1090 3860 δεινοί
1099 3824 1143 3859 τοι
1159 3803 1320 3859 ἔσονται
1264 3826 1323 3892 μη

776 3875 961 3960 ἀποστέωσι]
968 3883 1078 3932 Dictum
1092 3880 1144 3930 hoc
1165 3895 1227 3960 pro.
1254 3895 1325 3930 ωστε

777 3943 865 4001 οὐδὲν
882 3942 979 4000 δεινόν
998 3965 1041 3999 τοι
1057 3943 1146 4008 ἔσται,
1166 3966 1204 4015 μη
1194 3941 1323 4000 ἐκεῖνοι

775 4013 944 4072 ἀποστέωσι.
970 4020 1049 4070 Goni.
1063 4019 1177 4070 similem
1193 4020 1302 4072 locum
1294 4037 1323 4070 rn

777 4090 902 4154 Xenopb.
914 4089 1002 4140 Anab.
1014 4091 1046 4152 V,
1063 4093 1087 4146 7,
1099 4093 1124 4140 2.
1137 4090 1238 4150 etalio,
1251 4105 1321 4156 quae

777 4157 1064 4212 excitetKuehnerGr.
1073 4160 1120 4212 Gr.
1127 4163 1151 4223 5.
1159 4161 1218 4222 717,
1231 4161 1254 4212 l.
1262 4164 1319 4211 not.

958 4279 1024 4331 (διε.
1044 4279 1141 4331 CLVI.

810 4365 936 4430 Κροισος
953 4357 1005 4434 μὲν
1028 4357 1065 4432 δὴ
1085 4356 1174 4418 ταῦτά
1196 4356 1265 4418 ol‘
1248 4379 1319 4420 απε-
