3088 4944
221 265 282 328 338
654 262 923 326 HERODOTI

222 438 363 520 ἀπέδοξε
397 439 505 521 (ἔδοξε
533 436 571 508 01
591 455 675 508 τοῖσι
701 445 869 526 πατρίοισι
896 441 1025 526 μοῦνον
1047 441 1193 528 χρᾶσθαι
1220 441 1357 521 θεοῖσι),

225 543 381 622 ἐνδύντες
401 539 441 611 τὰ
462 537 592 620 ὅτιλα”
570 569 714 624 ατιαντες
735 541 879 612 Καύνιοι
900 536 1046 630 ἡβηδὸν,
1068 541 1249 624 τύπτοντες
1277 539 1357 610 δού-

224 671 301 740 ρασι
314 644 373 716 τὸν
386 643 480 735 ἠέρα,
494 644 1187 770 μέχρι”ουρωντο1νΚα1ννι1ιιιῶν“ειιιοντο,
1203 648 1292 715 κα1”
1274 673 1356 732 εφα-

145 801 150 813 ·
226 773 290 822 σαν
312 749 488 838 ἐκβάλλειν
508 747 586 830 τούς
610 747 774 832 ξεινιαούς
796 749 910 830 θεούς
948 739 1066 818 ael
1025 777 1118 820 οντοι
1132 751 1195 839 μὲν
1209 747 1359 838 τρόποισι

159 853 403 930 173τοιοι1τοισι
417 856 590 942 χρέωνται.
628 858 674 924 Ol
691 853 863 924 ι11Λύκιοι
885 855 922 924 ἐκ
939 852 1072 942 Κρήτης
1086 851 1249 944 τώρχαῖον
1263 851 1359 940 γεγό-

227 982 316 1032 νασι.
343 956 406 1046 τὴν
422 955 486 1045 γὰρ
500 956 638 1046 Κρήτην
652 956 743 1045 εἶχον
755 954 793 1027 τὸ
807 953 952 1028 παλαιὸν
965 962 1076 1028 πᾶσαν
1089 957 1265 1050 βάρβαροι.
1290 962 1360 1026 dse-

226 1127 283 1176 sive
299 1125 408 1190 privata
427 1121 595 1188 singulorum
614 1123 722 1186 civium,
742 1127 769 1172 et
819 1127 878 1173 stra
890 1138 919 1173 se
935 1123 1027 1172 ruinas
1040 1122 1089 1172 hos
1107 1123 1276 1188 quaesivisse
1289 1138 1362 1173 asse·

226 1198 286 1246 deos
300 1195 462 1259 perepn'nos,
488 1201 621 1256 externos,
646 1193 768 1258 adeoque
819 1194 855 1242 rit
884 1194 968 1244 Rosa:
999 1191 1156 1243 Kleinasien
1177 1209 1204 1243 u.
1228 1193 1362 1245 Deutscb-

225 1267 350 1328 hospites,
376 1278 444 1328 quos
466 1262 572 1313 scilicet
596 1262 705 1314 aliunde
722 1261 770 1312 cd·
816 1261 882 1312 land
905 1278 968 1344 pag.
994 1262 1052 1314 103.
1095 1263 1162 1314 Cum
1186 1279 1250 1314 vero
1277 1278 1363 1328 nuper

226 1331 706 1399 sciverantpublicequereceperant.
717 1333 769 1382 Eo·
818 1347 901 1397 prope
919 1333 1023 1395 vicum,
1050 1333 1093 1383 cui
1111 1348 1209 1384 nomen
1227 1334 1297 1384 Hcos
1285 1348 1363 1383 ooni-

227 1421 286 1456 rum
308 1420 415 1469 quoque
437 1404 466 1452 in
490 1402 619 1453 honorem
640 1404 769 1454 instituta
818 1405 856 1451 loe
880 1402 1016 1464 tribuunt,
1041 1403 1136 1453 ruinae
1158 1404 1226 1454 satis
1256 1401 1361 1466 amplae

226 1467 260 1526 τὰ
284 1470 434 1536 Θεοξένια,
463 1488 533 1537 quae
555 1473 627 1523 hand
655 1489 717 1523 raro
740 1473 767 1522 in
818 1471 893 1520 urbis
920 1439 1044 1521 detecthe
1069 1473 1138 1536 sint,
1170 1489 1240 1538 quse
1270 1473 1298 1522 iu
1323 1472 1362 1520 in-

226 1546 391 1598 Graecorum
400 1543 558 1593 civitatibus
570 1547 723 1605 occurrunt
738 1546 769 1592 ut
818 1541 1012 1606 scriptionibus
1055 1541 1092 1591 ibi
1132 1544 1246 1608 repertis
1281 1556 1362 1592 vocs-

226 1619 306 1665 notet
324 1613 478 1664 casaubon.
501 1613 536 1662 ad
553 1613 650 1663 Athen.
670 1614 720 1663 IX.
739 1629 766 1678 p.
817 1615 862 1661 tur
878 1613 1009 1678 Colponde
1027 1615 1109 1676 atque
1128 1613 1277 1677 Cedpenda,
1295 1613 1363 1662 hacc

228 1685 331 1743 372A
357 1682 392 1748 (p.
420 1681 454 1736 38
482 1687 502 1733 t.
530 1683 563 1733 V.
593 1683 766 1736 Animadvss.
819 1681 910 1732 omnis
940 1681 974 1731 ad
1006 1697 1088 1732 nnem
1121 1684 1287 1748 eandemque
1318 1697 1362 1730 ur-

228 1752 377 1819 Sohwgh..)
419 1751 500 1804 Geni.
523 1759 593 1804 nott.
618 1753 699 1816 adl,
724 1753 768 1804 51.
819 1751 880 1801 bem
910 1765 1005 1802 resera
1032 1753 1167 1817 pertinere
1196 1753 1363 1803 contendunt

227 1826 290 1877 Vid.
309 1823 497 1874 Hemsterlius.
517 1823 552 1873 sd
569 1823 690 1889 Hesych.
709 1827 729 1872 1.
745 1823 769 1874 Ι.
821 1822 940 1872 editores
965 1821 1071 1886 (Spratt
1095 1829 1123 1872 et
1141 1823 1219 1875 Edu.
1242 1819 1361 1884 Forbes)

227 1893 343 1962 pibus
366 1895 409 1944 ed.
429 1892 553 1944 ilibert‘¹
575 1895 677 1946 Gr.—
700 1882 769 1959 ἡβη-
821 1895 923 1957 operis:
949 1892 1094 1942 Travels'
1087 1909 1115 1942 in
1139 1895 1239 1958 Lycia,
1263 1892 1362 1956 Milyas

227 1913 281 2015 ‹ihs›
310 1963 345 2014 ad
375 1979 467 2014 omnes
488 1963 599 2026 puberes
623 1981 645 2016 s.
671 1966 771 2014 iuvenes
821 1963 876 2011 and
896 1962 939 2012 the
958 1962 1094 2028 Cibyratis
1113 1963 1149 2028 by
1161 1963 1269 2014 Danieli
1283 1960 1364 2026 (Lon-

227 2039 343 2100 spectat.
391 2033 470 2082 Coni.
499 2035 557 2084 not.
585 2039 708 2083 nostram
735 2032 771 2081 ad
822 2031 1023 2097 don.1847.).1
1041 2049 1068 2097 p.
1082 2033 1116 2082 ii
1128 2049 1185 2097 seq
1205 2033 1243 2083 ΙΙ.
1261 2049 1287 2096 p.
1300 2029 1361 2082 268.

226 2103 367 2156 Plutarch.
386 2102 521 2152 Alcibiad.
539 2118 603 2168 pag.
623 2104 682 2154 155.
822 2101 865 2150 Tu
884 2101 1144 2166 videquacdrxiin
1159 2101 1364 2153 111110111-

227 2171 344 2292 ..litt
362 2161 770 2318 11111111..1111”11111
821 2169 1364 2304 11...1..11111..1.1111111

230 2327 290 2362 cum
311 2309 428 2360 Bredov.
451 2325 513 2376 pag.
536 2309 598 2360 3.03
617 2299 712 2373 οὔρων
734 2309 769 2358 ab
821 2308 912 2358 densis
933 2309 1041 2359 exbibet
1059 2310 1139 2374 Corp.
1158 2311 1245 2360 Inser.
1265 2309 1362 2360 Graec.

229 2369 327 2444 οὖρος,
337 2381 406 2443 finis,
417 2367 598 2442 necabt'ipos,
610 2394 687 2434 mone:
698 2377 770 2444 quod
820 2383 842 2428 t.
862 2379 917 2428 111.
937 2393 978 2428 nr.
997 2381 1075 2430 4225.

230 2467 253 2500 οι
246 2451 336 2500 esset
347 2451 409 2509 (nec
421 2447 771 2512 aliterprevereddiderunt

230 2521 332 2585 priores
347 2518 530 2582 interpretes),
547 2518 771 2568 scribendumfo-
975 2552 1040 2602 Cn
1062 2551 1213 2600 CLXXIII·

230 2587 586 2650 ret,1udiceValckeuarro
605 2578 723 2668 οὐρέων,
740 2591 771 2636 ut

231 2657 404 2738 1,110.11,
422 2655 465 2719 28,
484 2655 560 2707 alibi.
597 2656 651 2708 Sed
674 2647 770 2720 οὔρων
856 2647 909 2734 τὴν
931 2645 984 2719 peip
1010 2645 1128 2720 Κρήτην
1151 2645 1285 2718 εἴχοντο
1310 2667 1363 2701 πα-

231 2697 277 2792 (6b
301 2695 404 2792 οὖρος)
431 2725 772 2778 Iesalensium
823 2718 904 2775 λαιὸν
922 2738 1017 2774 τασαν
1034 2721 1182 2792 βαρβαροι]
1202 2725 1244 2773 De
1260 2722 1365 2772 insulse

232 2797 360 2863 quiddam
389 2796 423 2846 de
455 2796 612 2861 Segestanis
639 2796 772 2846 matronis
823 2797 920 2846 Cretae
950 2794 1046 2844 incolis
1080 2795 1278 2860 antiquissimis
1308 2792 1362 2842 vid.

230 2867 437 2932 virginibusque
453 2866 571 2916 Dianam
588 2882 622 2916 ex
641 2865 708 2916 urbe
729 2881 773 2917 ex
823 2865 905 2916 Diod.
930 2864 1015 2916 Sicul.
1033 2866 1066 2927 V,
1085 2866 1128 2916 04.
1153 2864 1196 2916 80.
1233 2864 1364 2914 Primitue

231 2937 404 3002 portantibus
422 2940 448 2986 et
465 2951 552 3001 usque
573 2937 608 2986 ad
627 2937 686 3000 agri
705 2935 773 2986 fines
824 2935 894 2986 enim
923 2934 1008 2985 inisse
1030 2937 1190 2985 Eteocretas
1212 2950 1234 2984 s.
1262 2934 1366 2998 indige-

231 3006 771 3128 11011111111111111111111·
824 3005 1279 3125 111111111111111111
1300 3002 1367 3123 ”hl

231 3115 308 3196 terha
328 3145 453 3196 laudavit
477 3091 683 3196 Valckhnarius.
695 3093 712 3141 p
725 3147 774 3196 Ge·
824 3143 910 3195 multo
928 3149 991 3208 post
1013 3145 1143 3210 Pelasgos
1166 3143 1365 3210 supervenisse,

231 3217 311 3282 lyndo
328 3215 393 3266 urbs
411 3215 441 3265 in
458 3215 559 3279 Lyciae
577 3220 659 3280 atque
678 3215 774 3265 Cariae
824 3214 929 3265 insulse
951 3219 1056 3278 partem
1081 3215 1230 3280 quandam,
1256 3215 1302 3264 ubi
1320 3228 1366 3276 ap-

233 3283 332 3335 linibus
356 3283 392 3334 ad
414 3299 488 3334 mare
519 3285 573 3334 sits
600 3289 672 3348 erat,
703 3285 774 3336 unde
824 3285 964 3349 pulcram,
987 3285 1152 3336 obtinentes.
1189 3283 1356 3334 Tertiosim

233 3354 313 3405 modo
331 3355 434 3420 Lyciae
456 3355 536 3405 modo
554 3354 651 3406 Cariae
673 3355 775 3404 adscri-
825 3356 957 3420 migrasse
968 3354 1070 3417 Dorcs,
1085 3356 1215 3406 Tectemo
1226 3354 1293 3404 Dori
1310 3351 1365 3400 lilio

233 3425 316 3474 bitur.
353 3423 432 3475 Coni.
450 3423 576 3475 Strabou.
587 3425 662 3475 XIV.
673 3440 698 3488 p.
712 3424 773 3475 051
826 3425 903 3474 duce.
940 3425 977 3475 Et
1001 3426 1152 3475 accessisse
1172 3428 1297 3502 quartum
1319 3419 1365 3468 ho·

233 3511 256 3544 s.
279 3511 304 3560 p.
327 3493 388 3546 003.
411 3493 542 3558 Bibique
565 3494 683 3544 Casaub.
703 3494 775 3544 Plin.
826 3495 926 3544 minum
951 3509 1050 3560 genus,
1073 3493 1144 3560 quod
1169 3510 1183 3542 e
1205 3488 1365 3556 promiscuis

232 3565 268 3614 H.
282 3565 316 3615 N.
328 3565 360 3626 V,
379 3564 422 3615 28.
452 3564 515 3628 Ipse
529 3563 683 3614 Herodotus
695 3563 775 3624 VIII,
826 3563 946 3629 undique
969 3564 1128 3614 barbaris*
1120 3579 1148 3612 in
1172 3562 1280 3610 Cretam
1303 3573 1366 3606 con·

234 3633 267 3682 87
299 3635 437 3684 civitatem
472 3632 542 3683 hanc
573 3636 774 3696 commemorat,
825 3633 933 3682 fluxerit
959 3633 1125 3697 eandemque
1151 3630 1284 3695 linguam,
1312 3641 1366 3692 qua

232 3701 334 3769 aliique
357 3708 477 3764 veteres,
503 3718 570 3768 quos
593 3701 687 3754 laudat
709 3703 776 3754 For·
824 3701 922 3767 reliqui
933 3703 1075 3753 Cretenses
1092 3705 1244 3761 uterentur,
1263 3713 1366 3748 assum·

232 3771 322 3836 biger:
350 3773 460 3824 Handb.
485 3772 512 3821 d.
539 3771 586 3822 ult.
610 3772 710 3838 Geogr.
734 3771 775 3822 11.
825 3773 900 3822 serit.
947 3772 1098 3832 Asterium,
1128 3785 1208 3834 porro
1242 3772 1366 3828 narrant,

232 3857 259 3904 p.
283 3843 344 3893 225.
455 3857 564 3892 numum
591 3841 671 3892 huius
700 3842 775 3891 urbis
826 3841 950 3892 Tectami
966 3839 1059 3903 lilium,
1078 3841 1215 3903 Europam
1233 3838 1262 3887 in
1274 3837 1367 3886 matri·

235 3907 313 3958 affert
339 3909 408 3958 Milli
429 3927 495 3976 gen:
523 3909 633 3977 Sylloge
664 3911 694 3961 oi
712 3915 774 3962 anc'.
826 3911 943 3962 monium
968 3909 1078 3960 duxisse
1099 3909 1236 3974 filiosque,
1260 3923 1277 3956 s
1300 3907 1368 3957 Iove

233 3977 362 4028 uuedited
385 3981 461 4030 coins
484 3977 619 4043 (Londou.
643 3979 722 4046 1837)
746 3997 774 4045 p.
827 3985 890 4030 ante
903 3985 1054 4044 susceptos,
1065 3979 1220 4044 adoptasse,
1239 3977 1368 4038 Minoem,

235 4048 277 4096 72.
314 4045 385 4097 sid.
403 4046 491 4100 Raoul
511 4049 662 4100 Rocbette:
681 4051 774 4100 Iourn.
825 4048 1062 4099 Rhadamanthum
1079 4055 1163 4113 atque
1175 4047 1368 4112 Sarpedonem.

236 4113 341 4166 dSav.
362 4113 439 4166 1842.
465 4133 491 4180 p.
512 4117 572 4169 300.
609 4119 711 4170 Locum
730 4134 774 4168 nr·
827 4118 880 4180 Qui
903 4119 992 4170 Minos
1022 4134 1090 4168 avus
1111 4122 1154 4168 est
1178 4118 1236 4168 eius
1258 4117 1368 4178 Minois,

189 4228 192 4234 .
233 4183 275 4232 bis
294 4188 377 4248 atque
396 4186 488 4234 ruinas
508 4187 639 4250 quasdam
656 4188 774 4238 eiusdem
826 4203 905 4252 quein
931 4193 993 4252 post
1024 4189 1106 4238 maris
1133 4188 1274 4252 imperinm
1301 4185 1370 4235 obti-

234 4253 285 4301 sibi
303 4253 440 4304 invenisse
458 4254 565 4304 videtur
582 4257 697 4308 Fellows
713 4259 775 4308 Dis·
827 4259 918 4308 nuisse
933 4257 1044 4308 scimus.
1081 4255 1286 4308 Conf.Diodor.
1313 4255 1367 4305 Sic.

233 4321 354 4372 cesaries
372 4322 399 4372 in
417 4322 504 4387 Lycie
521 4339 548 4388 p.
571 4323 618 4378 105
632 4339 702 4391 seq.;
722 4327 776 4376 lru-
826 4327 873 4390 IV,
892 4327 935 4379 00.
956 4329 984 4377 et
1000 4325 1132 4378 Herodot.
1151 4325 1213 4390 Vll,
1233 4321 1366 4376 roe-iri
