2980 4932
235 287 276 354 48
664 289 933 352 HERODOTI

235 467 273 534 ίν
290 468 336 557 τιὸ
356 471 420 557 βίῳ
443 467 567 553 θῶνμα
587 465 743 552 μέγιστον
761 469 987 555 παραστῆναι,
1012 461 1146 554 Ἀρίονα
1163 461 1223 533 τὸν
1241 470 1367 552 Μηθυ-

234 583 358 658 μναῖον
376 569 430 636 ἐπὶ
451 573 608 656 δελφῖνος
627 570 855 656 ἐξενειχθέντα
874 569 927 637 ἐπὶ
948 575 1130 659 Ταίναρον,
1153 567 1251 637 ἐόντα
1271 579 1366 638 κιθα-

233 670 346 766 ρῳδὸν
363 675 432 740 τῶν
456 668 679 741 τότείόντων
707 669 846 752 οὐδενὸς
866 671 1042 762 δεύτερον,
1070 673 1127 741 καὶ
1146 671 1368 762 διθύραμβον,

234 781 369 866 πρῶτον
386 771 581 866 ἀνθρώπων
597 780 667 845 τῶν
684 772 779 866 ἡμεῖς
798 782 912 866 ἴδμεν,
936 775 1122 867 ποιήσαντί
1137 803 1173 846 τε
1193 777 1249 846 καί
1270 773 1367 845 οὐνο-
1379 791 1403 843 ll

233 944 357 994 floruisse
368 949 486 995 testatur
499 944 598 996 Snidas
617 961 641 995 ε.
658 961 685 996 v.
699 943 779 994 (toul.

234 1013 345 1064 Cliutou
364 1015 441 1066 Fast.
461 1014 535 1065 Hell.
560 1016 583 1070 I.
604 1031 630 1080 p.
649 1013 701 1066 208
720 1029 777 1078 seq.

234 1085 338 1138 Incidit
360 1085 445 1150 igitur
466 1086 495 1133 iu
518 1085 660 1150 Sadyattis
689 1085 779 1149 Lydo·

233 1171 292 1204 rum
310 1155 383 1220 regis
404 1160 539 1219 tempora,
560 1171 639 1220 quem
662 1153 778 1216 indeab

232 1240 305 1274 anuo
318 1224 370 1276 629
382 1239 469 1290 usqne
487 1226 523 1275 sd
546 1240 646 1275 annum
667 1225 717 1276 611
738 1239 778 1274 re-

233 1309 334 1360 gnasse
352 1309 434 1358 supra
456 1295 589 1357 vidimus;
608 1299 718 1346 secutus
735 1299 779 1344 est

232 1363 360 1428 Alyattes
377 1363 465 1427 filius,
479 1365 526 1430 qui
543 1381 639 1430 pacem
657 1381 718 1416 cum
727 1364 779 1414 Mi-

231 1433 308 1484 lesiis
326 1435 388 1484 iniit
404 1450 477 1484 anuo
501 1435 553 1485 uls
571 1451 597 1486 a.
618 1435 680 1486 Chr.
704 1451 731 1484 n.
754 1449 776 1483 ε.

234 1503 344 1569 Olymp.
369 1504 464 1566 XLII,
487 1503 506 1553 i.
531 1520 555 1554 e.
578 1521 650 1554 anno
675 1505 778 1554 decimo

234 1580 345 1639 quarto,
374 1589 428 1638 quo
455 1574 604 1624 Periander
635 1575 778 1639 regnabat.

234 1645 314 1706 Quod
343 1643 439 1694 hrioni
468 1643 584 1706 accidit,
615 1646 650 1694 ad
679 1659 779 1694 aunum

830 960 889 996 rum
906 945 1025 1010 gaudere
1046 945 1182 1007 dicebant,
1197 935 1371 1009 φιλόμουσον
1451 989 1453 994 .

829 1014 1015 1080 appellabant,
1026 1016 1204 1081 omnibusque
1219 1013 1370 1064 horninibus

829 1087 947 1136 amicum
976 1086 1197 1150 ac'benignum,
1227 1085 1369 1150 praecipuo

830 1161 922 1206 tamen
935 1161 1077 1221 poetarum
1091 1156 1210 1221 quodam
1224 1169 1314 1206 amore
1328 1167 1370 1202 ca·

829 1232 920 1291 ptum,
945 1226 1060 1290 indeque
1084 1225 1204 1290 Apollini
1232 1237 1370 1276 cousecra-

829 1302 896 1346 tum.
916 1297 950 1346 In
966 1297 1036 1346 mari
1050 1300 1150 1358 autem,
1163 1295 1211 1346 ubi
1223 1293 1294 1344 alias
1308 1308 1370 1344 nou-

803 1390 809 1402 ·
829 1367 883 1416 nisi
901 1365 1052 1416 horrendae
1068 1381 1102 1416 ac
1120 1365 1256 1415 timendae
1268 1364 1369 1414 bestiae

829 1441 987 1499 versantur,
1010 1433 1153 1500 delphinus
1177 1440 1249 1496 erat,
1273 1449 1369 1499 aquo,

829 1511 925 1571 utpote
960 1506 1047 1556 omnis
1083 1505 1261 1556 humanitatis
1293 1503 1370 1568 quasi

830 1573 970 1641 symbolo,
1002 1591 1079 1640 opens
1114 1580 1236 1640 peterent
1264 1573 1369 1633 afflicti,

831 1647 909 1696 cuius
925 1644 1027 1696 tutelae
1046 1661 1074 1696 se
1097 1648 1297 1710 permitterent,
1315 1641 1370 1708 qui·

233 1713 285 1765 610
303 1729 330 1764 a.
351 1713 414 1764 Chr.
432 1729 460 1762 n.
479 1713 563 1763 refert
581 1715 727 1766 Eusebius.
745 1746 780 1753 -
831 1732 936 1781 cunque
966 1715 1056 1766 ventis
1090 1720 1118 1766 et
1149 1716 1229 1766 undis
1260 1713 1368 1764 incertis

233 1783 369 1834 Herodoti
386 1783 483 1834 verba:
507 1781 547 1848 τῷ
564 1775 601 1847 δὴ
616 1783 728 1849 λέγουσι
742 1791 795 1824 -'

233 1849 347 1920 Λέσβιοι
367 1853 446 1903 affert
463 1855 649 1918 Hermogenes
667 1871 694 1918 p.
719 1857 776 1906 157.

233 1939 256 1974 s.
275 1923 308 1974 T.
336 1923 393 1974 111.
416 1940 443 1988 p.
467 1922 520 1975 434
542 1923 586 1974 ed.
610 1923 702 1990 wala,
729 1939 777 1990 pro

231 1991 271 2061 τῷ
292 1984 329 2057 δὴ
347 1993 477 2043 exhibens
498 1980 571 2042 οὗτοι
591 1985 637 2058 δή.

268 2053 453 2128 ὁμολογέουσι
472 2059 505 2112 δέ
519 2075 570 2126 σφι
581 2061 709 2130 Λέσβιοι]
723 2065 779 2115 Me-

232 2133 346 2196 thymna
368 2133 453 2196 enim,
485 2133 555 2182 unde
584 2139 665 2184 uatus
683 2136 777 2197 Arion,

233 2202 316 2252 Lesbi
334 2201 439 2251 insulae
458 2202 510 2251 luit
530 2203 604 2252 urbs.
629 2205 701 2253 Hine
719 2205 779 2269 ipsa

231 2271 323 2322 insula
341 2287 413 2321 nunc
434 2276 551 2322 vocatur
568 2272 681 2324 Mitilr‘m'.

268 2339 374 2405 θώνμα
392 2339 525 2406 μέγιστον
548 2339 778 2410 παραστῆναι]

232 2412 414 2462 Locutionem
432 2413 545 2462 eandem
563 2411 710 2478 aliquoties
732 2413 780 2464 ad-

828 1787 926 1836 iactati
943 1785 996 1835 sibi
1013 1786 1151 1847 timerent,
1171 1789 1267 1850 poetae
1291 1781 1370 1848 inpri-

829 1857 879 1906 mis
897 1856 1065 1906 sanctissimi
1083 1871 1116 1906 ac
1135 1861 1221 1916 vates,
1242 1854 1288 1920 qui
1305 1868 1370 1902 uuu-

829 1941 911 1992 quam
924 1926 1112 1977 humanissimi
1125 1923 1252 1975 aalmnlis
1269 1929 1297 1974 et
1307 1922 1371 1972 ami-

829 1997 933 2046 cissimi
964 2011 1042 2061 opem
1077 1996 1179 2046 trustra
1215 1993 1369 2059 implorant.

828 2067 905 2117 Haec
928 2083 942 2116 e
965 2065 1101 2116 scntmtia
1131 2069 1252 2116 veterum
1282 2065 1371 2128 dispu-

829 2141 897 2198 tata,
917 2141 959 2186 tot
975 2136 1043 2186 locis
1062 2135 1222 2186 confirmata
1233 2133 1372 2184 sufficiant

830 2207 867 2256 ad
889 2207 1061 2257 Herodoteae
1091 2205 1257 2256 narrationis
1281 2203 1371 2254 melio·

829 2291 885 2326 rem
898 2275 1115 2342 intelligentiam.
1136 2276 1193 2326 Nec
1203 2275 1298 2324 mirum
1310 2273 1370 2324 inde

830 2345 874 2396 vel
892 2347 920 2394 in
939 2347 1155 2396 Christianorum
1167 2345 1305 2396 homiuum
1316 2358 1372 2394 sar·

830 2415 960 2482 cophagis
978 2416 1099 2481 conspici
1115 2414 1266 2480 delphinos,
1285 2419 1372 2464 trans-

232 2482 322 2532 hibuit
340 2482 505 2543 Pausanias;
537 2483 569 2532 de
599 2499 651 2548 quo
675 2485 781 2534 monuit
830 2487 899 2536 itum
921 2501 953 2535 er
971 2486 1023 2536 hac
1041 2487 1098 2534 vita
1115 2484 1238 2536 terrestri
1253 2499 1370 2534 cursum·

233 2551 349 2602 Siebelis
367 2552 404 2601 ad
421 2553 445 2614 Ι,
463 2552 506 2602 23.
524 2554 550 2614 §-
570 2554 597 2603 4.

267 2613 379 2685 Ἀρίονα
390 2612 648 2686 τὸνΜηθνμναίον
660 2612 706 2672 ἐπὶ
716 2619 777 2672 del-

234 2694 321 2755 φίνος
340 2681 536 2756 ἐξενειχθέντα
559 2707 584 2741 ιι.
606 2708 629 2742 τ.
649 2690 777 2758 1.]Ραα-

234 2766 308 2812 ctum
327 2761 429 2823 maius,
446 2777 499 2826 quo
518 2761 585 2812 haec
602 2777 619 2811 a
634 2763 778 2827 superiori-

234 2832 285 2881 hus
305 2831 437 2882 distincta
455 2832 577 2896 luerunt,
601 2832 658 2882 iure
681 2831 777 2883 tollen-

235 2903 308 2964 dum,
328 2917 389 2951 curn
407 2901 474 2950 haec
493 2903 577 2952 verba
600 2917 647 2965 per
669 2903 777 2968 apposi-

234 2973 335 3022 tionem
354 2971 491 3035 quandsm
508 2972 598 3022 verbis
616 2967 721 3036 θοόνμα
730 2969 776 3036 μὲ-

234 3055 332 3107 γιοτον
354 3041 463 3090 adiecta
492 3041 646 3092 videantur.
674 3073 710 3081 -
734 3041 777 3092 Ad

234 3114 322 3176 ipsum
345 3115 534 3175 argumentum
557 3109 620 3160 uolo
646 3114 776 3175 repetere,

233 3196 303 3246 quse
328 3179 408 3242 paulo
432 3185 495 3230 ante
521 3180 651 3240 disserui,
681 3182 775 3246 paneis

234 3249 354 3300 sufficiat
375 3250 511 3299 monuisse
528 3249 561 3300 de
579 3249 715 3314 delphino,
730 3251 777 3317 qui

233 3325 276 3370 est
293 3318 431 3382 Delphinus
453 3319 558 3383 Delphis
581 3321 662 3372 Linn.
688 3338 710 3371 s.
730 3323 778 3371 der

235 3389 372 3444 Titanum,-
390 3387 468 3438 cuius
483 3405 551 3454 qnae
570 3395 660 3456 partes
678 3391 777 3442 sintin

233 3459 285 3510 hae
303 3457 407 3521 tabula,
424 3459 567 3525 indagavit
584 3461 732 3512 Crenzerus
749 3461 777 3510 in

234 3531 310 3580 Diss.
330 3527 435 3579 laudat.
459 3531 578 3581 sectione
602 3532 690 3596 priore
714 3531 776 3581 iude

234 3617 251 3650 a
269 3615 332 3665 pag.
354 3600 387 3649 10
406 3615 463 3664 seq.
483 3599 613 3666 (Opuscc.
633 3601 691 3652 aell.
705 3619 732 3666 p.
747 3599 777 3660 o)

234 3675 262 3719 et
274 3669 387 3736 posthac
400 3670 428 3718 in
442 3670 590 3735 Synibolic.
608 3673 664 3722 111.
683 3689 709 3736 p.
725 3670 776 3721 267

235 3740 301 3788 edit.
313 3744 386 3802 tert,
397 3739 443 3788 ubl
454 3740 482 3788 in
493 3742 648 3791 uuiversum
656 3742 688 3791 de
697 3741 777 3790 huius

235 3808 361 3858 animalis
380 3814 477 3860 natura
494 3825 527 3860 ac
551 3811 704 3860 rationibus
725 3815 778 3860 tes·

236 3879 345 3928 aerariis
366 3879 526 3944 disputavit.
553 3881 622 3930 Add.
648 3881 775 3929 Lorcuta.

235 3945 292 3998 l.1.
312 3965 375 4014 pag.
395 3950 428 4000 20
443 3965 500 4014 seq.
524 3947 651 3998 Welclser
673 3948 691 3998 l.
711 3948 730 4000 l.
750 3966 775 4014 p.

235 4017 279 4068 89.
298 4018 378 4069 Multi
392 4020 463 4068 euim
479 4022 543 4067 sunt
559 4021 663 4068 veteres
679 4019 707 4068 in
720 4018 777 4068 lau·

236 4087 328 4138 danda
345 4088 424 4137 huius
435 4085 531 4136 beluae
542 4087 609 4138 mira
626 4086 775 4153 celeritate,

236 4157 338 4224 ingenii
356 4155 575 4218 mansuetudine,
599 4155 731 4222 singulari
748 4159 777 4208 iu

236 4227 358 4277 homines
388 4241 478 4274 amore
512 4225 632 4290 miraque
661 4225 776 4278 aliarum

236 4297 367 4346 virtutum
386 4295 474 4358 eopia.
509 4295 597 4360 Atque
620 4297 702 4348 etiam
721 4315 776 4349 mu-

236 4366 295 4414 aict
322 4361 433 4413 mulceri
454 4379 514 4415 eam
539 4371 674 4434 cantuque
698 4365 777 4420 nbis-

831 2571 882 2622 que
900 2557 936 2606 ad
955 2557 1096 2606 beatorum
1113 2553 1217 2604 insulas
1231 2553 1371 2606 declaran-

827 2633 883 2675 tes:
897 2626 953 2676 vid.
966 2627 1048 2692 Piper
1055 2624 1207 2690 Mytholog.
1226 2625 1253 2675 d.
1265 2622 1370 2674 christl.

828 2697 919 2746 Kunst
936 2695 960 2747 1.
980 2712 1007 2761 p.
1027 2698 1078 2746 ‘224
1099 2710 1157 2760 seq.

863 2755 946 2814 ἐόντα
964 2763 1053 2828 κιθαρ
1080 2756 1134 2813 δὸν
1150 2761 1207 2813 τῶν
1231 2754 1293 2812 τότε
1311 2751 1371 2812 ἰόν-

827 2850 885 2884 των
908 2825 1028 2892 οὖὸενὸς
1055 2779 1201 2900 dariusque]
1223 2833 1241 2882 i.
1266 2849 1291 2884 e.
1309 2832 1373 2896 „qui

827 2905 988 2956 citharoedus
1012 2912 1083 2968 erut,
1108 2906 1171 2954 nulli
1192 2919 1255 2954 auae
1280 2905 1373 2954 aeratis

826 2975 980 3026 seeundua.“
994 2961 1373 3028 Locutionemor'vdevhcded-

828 3059 912 3108 τερον
933 3037 1008 3094 εἶναι
1029 3043 1178 3106 illustrant,
1216 3057 1266 3092 nae
1294 3039 1373 3090 all'ert

828 3113 955 3164 Knehuer
966 3114 1013 3166 Gr.
1026 3115 1073 3166 Gr.
1092 3117 1116 3177 ξ.
1130 3058 1228 3177 hill}
1248 3116 1275 3160 et
1286 3113 1373 3162 Hero·

828 3185 902 3234 dotei
920 3184 974 3234 loci
992 3184 1040 3246 IV,
1062 3185 1102 3234 14.
1122 3181 1203 3244 VIII,
1224 3181 1283 3232 104.
1306 3182 1373 3230 For-

827 3253 900 3304 sitan
917 3253 970 3304 huc
985 3258 1093 3319 spectat
1103 3253 1252 3303 Grammat.
1266 3251 1294 3299 iu
1302 3249 1374 3328 B'elr-

827 3325 884 3374 ker.
905 3324 1027 3374 Anecdd.
1047 3325 1069 3373 Ι.
1092 3339 1118 3388 p.
1138 3319 1181 3384 89,
1208 3320 1254 3370 14:
1278 3315 1374 3398 deors-

829 3408 896 3456 ρον·
916 3385 981 3443 ἀντὶ
998 3391 1050 3443 τοῦ
1069 3383 1138 3457 μεθ’
1158 3383 1270 3456 ἑτέρον·
1295 3387 1373 3451 Ηρα-

827 3459 913 3521 dorae
927 3453 1038 3530 πρώτῳ.
1056 3491 1092 3502 -
1109 3462 1133 3512 Α
1148 3459 1307 3520 citharoedo,
1325 3457 1375 3523 qni

827 3533 933 3584 nithart
962 3536 1070 3594 utatur,
1101 3530 1200 3596 quique
1230 3533 1314 3578 canat
1345 3532 1374 3577 ct

826 3601 936 3667 psallat,
956 3603 1114 3652 Ammonius
1131 3600 1276 3664 distinguit
1293 3597 1374 3648 eitha-

827 3675 924 3736 rr'stcm,
943 3672 990 3736 qui
1012 3672 1099 3736 lyram
1123 3673 1224 3720 tractet
1247 3673 1275 3717 et
1297 3665 1371 3732 psal·

826 3741 867 3791 lat
886 3741 979 3801 modo;
998 3742 1055 3791 vid.
1076 3757 1138 3806 pag.
1164 3739 1198 3790 82
1224 3739 1256 3788 de
1282 3737 1371 3787 differ.

827 3811 942 3862 voeabb.
978 3811 1032 3862 Sed
1059 3813 1091 3861 de
1121 3811 1163 3860 his
1189 3809 1245 3874 ipse
1277 3807 1374 3858 videat

828 3881 948 3932 Graecus
974 3880 1114 3946 magister.
1149 3880 1207 3931 Nos
1232 3893 1293 3928 cnm
1320 3879 1372 3928 Cr.

826 3952 1004 4002 emundamus
1023 3951 1059 4000 ad
1076 3967 1118 4014 ea,
1131 3965 1200 4016 quae
1218 3946 1374 3999 Valckena-

827 4021 883 4070 rius
902 4027 993 4072 monet
1008 4021 1036 4070 in
1046 4020 1201 4085 Koppiersii
1214 4017 1294 4068 Ohss.
1308 4015 1374 4066 Phi-

826 4088 883 4140 loll.
901 4109 927 4156 p.
949 4093 997 4143 142
1018 4107 1075 4155 seq.
1093 4091 1122 4139 in
1140 4093 1197 4140 not.
1278 4145 1286 4166 ε

862 4159 977 4225 πρῶτον
994 4149 1160 4224 ἀνθρώπων
1181 4153 1247 4206 τῶν
1271 4153 1374 4219 ημεΐς

827 4227 941 4298 rupis]
954 4231 995 4280 De
1009 4229 1145 4279 locutione
1156 4223 1315 4278 Herodotea
1331 4227 1374 4274 to·

826 4302 878 4350 ties
914 4301 995 4350 obvia
1040 4299 1085 4348 vix
1113 4295 1284 4361 mouendum.
1329 4293 1374 4344 De

827 4369 914 4420 lorms
938 4365 1027 4433 ίδμεν,
1057 4383 1111 4432 qna
1133 4371 1290 4418 constanter
1317 4363 1375 4416 No·
