2980 4932
528 251 653 312 01110.
677 253 701 312 l.
724 261 768 317 19.
791 261 836 318 20.
859 263 903 317 21.
1244 261 1284 322 43

146 447 208 489 νου
230 423 264 500 ἐς
279 419 319 489 τὰ
341 423 496 514 μάλιστα,
519 431 714 516 πυθόμενον
730 427 769 500 τό
786 430 987 521 χρηστήριον
1002 430 1040 502 τό
1054 439 1101 528 τῷ
1121 432 1282 528 Ἀλυόττη

148 522 349 611 γενόμενον,
376 530 547 617 πέμψαντα
564 533 707 623 ἄγγελον
730 553 919 622 κατειπεῖν,
945 532 1032 620 ὅκως
1048 535 1140 609 ἄντι
1163 567 1277 631 προει-

147 625 319 716 βοὶςπρός
334 627 372 699 τὸ
390 633 516 724 παρεόν
531 637 737 727 βουλεύηται.
774 641 937 732 Μιλήσιοι
954 643 1017 730 μέν
1033 671 1100 713 υυυ
1117 641 1206 716 οὕτω
1222 648 1276 717 λέ-

143 753 243 819 γουσι
264 734 433 820 γενέσθαι.
467 736 641 832 Ἀλυάττης
663 743 717 828 di,
741 741 785 825 ὥς
805 751 840 816 οἱ
857 751 962 816 ταῦτα
985 749 1188 840 ἐξηγγέλθη,
1212 747 1321 820 ari-21

140 843 218 906 τίκα
240 842 369 926 ἔπεμπε
391 848 522 934 κήρυκα
545 847 577 925 ἐς
593 855 762 934 Μίλητον,
784 848 986 938 βουλόμενος
1007 851 1155 935 σπουδὰς
1177 855 1274 946 ποιή-

139 951 267 1010 σασθαι
292 947 525 1041 Θρασυβούλῳ
548 976 584 1018 rs
611 952 667 1019 καὶ
688 958 882 1038 Μιλησίοισι
907 953 1027 1042 χρόνον
1046 952 1127 1026 ὅσον
1153 955 1196 1030 ἂν
1216 957 1277 1030 τόν

137 1042 223 1136 υηόυ
236 1052 407 1141 οἰκοδομῇ.
436 1048 454 1122 ὁ
472 1053 537 1144 μὲν
553 1046 595 1144 δὴ
609 1052 792 1135 ἀπόστολος
805 1057 838 1136 ἐς
852 1053 912 1145 τὴν
926 1063 1081 1145 Μίλητον
1097 1051 1155 1149 ἦν·
1184 1073 1274 1154 Θρο-

134 1249 225 1316 liquas
252 1251 348 1302 Ionum
379 1256 522 1321 multatos,
551 1258 682 1312 credibile
734 1259 851 1310 alicuius
876 1260 964 1312 oratio
990 1261 1033 1311 vel
1059 1265 1195 1316 sententis
1219 1283 1280 1333 pru·

138 1325 188 1372 est.
208 1321 279 1372 Hinc
298 1327 407 1388 tyranni
425 1329 568 1394 exstitero,
586 1330 633 1396 qni
651 1330 680 1380 in
732 1330 847 1382 seratur.

134 1391 222 1442 libera
243 1393 354 1444 civitate
383 1413 488 1449 omnem
513 1405 678 1466 potestatem
920 1435 976 1487 cst
1006 1438 1074 1488 m

135 1461 257 1528 adeoque
266 1477 377 1530 regnum
390 1469 536 1534 arripuere.
557 1473 677 1534 Quorum
980 1475 986 1489 ·
1076 1475 1083 1490 ·

134 1548 217 1584 unum
229 1532 427 1599 Thrasybulum
440 1541 532 1602 luisse,
544 1541 677 1592 Herodoti
763 1526 802 1596 τός
825 1533 856 1588 al
871 1538 960 1590 ταῦτα
983 1530 1152 1626 ἐξηγγέλθη]
1173 1543 1276 1612 Scripsi

135 1603 220 1653 verba
251 1601 324 1653 clare
357 1605 552 1662 demonstrent.
586 1613 677 1674 Quare
728 1626 743 1660 e
768 1610 908 1660 Ssncrolti
937 1611 1007 1660 libro
1037 1603 1196 1678 ἐξηγγελθη
1225 1633 1274 1681 pro

135 1673 328 1738 Aesymnetsm
344 1672 401 1742 (qui
414 1679 467 1729 luit
486 1682 598 1746 entiquo
613 1685 678 1730 tem·
729 1669 972 1745 ἐξαγγέλθηηοοᾱ
982 1681 1135 1746 Schweigh.
1148 1687 1175 1733 et
1185 1685 1273 1738 Guisf.

135 1759 199 1810 pore
222 1743 250 1793 in
272 1743 369 1796 Ionum
391 1748 547 1800 civitatibus
569 1766 603 1800 ac
627 1751 679 1799 lor·
730 1749 872 1800 dederunt.
892 1750 947 1800 Sed
964 1751 1019 1800 vid.
1039 1752 1274 1818 hiericuntius.

134 1821 208 1864 tasse
228 1814 310 1864 etiam
330 1817 402 1881 apud
419 1819 542 1870 Milesios
561 1835 680 1872 summus
730 1819 796 1869 Mox
826 1820 923 1884 scripsi
948 1811 1068 1884 eriperer
1099 1819 1160 1884 (pro
1191 1816 1277 1887 κήρυ-

134 1881 326 1950 magistratus)
360 1887 436 1938 illum
475 1890 575 1954 luisse,
611 1905 681 1955 quae
731 1888 818 1950 τας),
849 1889 921 1954 quod
947 1892 1056 1952 praeter
1083 1890 1207 1940 codicum
1231 1908 1276 1943 au·

133 1953 293 2008 Rambschii
313 1957 432 2022 suspicio
455 1965 497 2010 est
519 1959 564 2024 (de
586 1960 680 2010 Mileto
732 1959 888 2010 ctoritatem
910 1958 978 2008 satis
1003 1957 1111 2008 firmant
1138 1961 1234 2012 verbs:
1262 1953 1277 2012 ό

133 2043 160 2092 p.
188 2024 230 2076 16.
252 2023 306 2090 ll),
331 2025 404 2078 haud
429 2029 493 2080 mihi
517 2030 681 2096 persuadere
731 2023 793 2094 pls
811 2021 847 2094 δὴ
864 2019 1061 2086 ἀπόστολος
1078 2043 1103 2078 κ.
1124 2045 1147 2079 τ.
1167 2030 1191 2081 λ.

133 2111 255 2162 possum.
291 2095 333 2146 De
368 2099 541 2164 Aesymnetis
573 2101 677 2152 consul.
767 2090 853 2164 dplv
869 2090 907 2163 δὴ
926 2089 1086 2156 ἀπόστολος
1099 2089 1127 2157 ἐς
1144 2093 1198 2166 τὴν
1215 2101 1274 2152 Ml.

133 2164 230 2218 Eberti
248 2163 378 2220 Dissertt.
403 2169 497 2222 Siculi.
517 2189 544 2238 p.
569 2171 601 2222 17
617 2187 677 2238 sqq.
728 2169 816 2234 λητου
833 2156 882 2236 ἦν]
901 2169 1112 2234 Ὴοῐτοοοαίοτ,
1137 2187 1215 2237 quem
1234 2175 1274 2223 ol-

133 2241 160 2286 ct
181 2233 256 2286 C.F.
271 2235 409 2289 Hermann
422 2239 528 2293 Griecb.
543 2241 678 2294 Staatsal-
729 2240 857 2291 lendebst
886 2240 999 2290 verbum
1027 2233 1083 2302 εἰμὶ
1113 2241 1141 2290 irr
1171 2243 1272 2309 signifi-

131 2304 213 2357 terth.
235 2307 259 2366 5.
279 2305 312 2355 63
330 2313 388 2359 not.
406 2309 432 2360 9.
451 2311 493 2362 ed.
512 2317 612 2378 quart,
632 2313 678 2378 qui
728 2311 815 2361 cando
834 2315 909 2361 motu
929 2325 988 2360 cnm
1012 2313 1212 2376 praepositione
1233 2309 1275 2370 εἰς

133 2379 160 2440 §-
180 2375 214 2427 64
237 2373 270 2424 de
289 2379 412 2440 tyrannis
431 2382 632 2433 necessitudine
650 2387 678 2433 et
728 2381 886 2444 adhibitum,
898 2381 1089 2446 suspicabatur
1107 2372 1134 2438 ἐς
1151 2376 1203 2449 τὴν
1214 2382 1273 2434 Μί-

130 2445 257 2496 amlcitis
270 2446 364 2498 crebro
375 2451 525 2503 coniunctis
537 2453 676 2503 disseruit.
727 2452 813 2516 λητου
831 2441 886 2515 ἤϊε,
904 2451 922 2500 i.
943 2467 966 2502 e.
980 2451 1091 2502 Miletum
1105 2452 1174 2513 abiit,
1194 2455 1235 2504 uti
1248 2454 1271 2516 1,

130 2517 173 2568 De
188 2515 278 2566 Mileti
290 2519 413 2581 tyrannis
428 2537 513 2585 nuper
528 2523 679 2588 disputavit
729 2523 788 2574 113.
815 2521 875 2573 210.
899 2521 932 2584 V,
956 2521 999 2572 50.
1023 2523 1070 2580 ῖ2ς
1093 2521 1150 2572 vel:
1174 2513 1202 2580 ἐς
1219 2516 1273 2588 τὴν

130 2587 223 2638 Plass:
244 2585 296 2636 Die
308 2587 444 2652 Tyrannis
463 2593 486 2643 1.
498 2609 525 2658 p.
538 2595 589 2645 224
600 2609 676 2660 seqq.
727 2591 861 2656 Μίλητον
888 2589 999 2655 παρῆν,
1025 2591 1138 2644 Musam
1156 2601 1272 2650 veneror:

130 2687 165 2698 -
189 2655 222 2706 In
246 2671 321 2721 seqq.
350 2673 398 2722 pro
428 2665 572 2712 κατειπεῖν
602 2663 676 2716 Guil.
728 2663 800 2728 quod
817 2662 890 2712 haud
908 2661 1068 2712 inusitatum
1088 2667 1129 2712 est
1142 2663 1273 2729 loquendi

129 2725 252 2778 Dindorl
275 2725 303 2776 iu
331 2727 412 2780 Thes.
435 2731 474 2780 ·L.
499 2733 545 2785 Gr.
570 2733 618 2786 IV.
648 2751 676 2798 p.
727 2749 811 2798 genus
834 2733 935 2783 Nostro
957 2730 993 2795 (1,
1016 2731 1043 2782 u.
1068 2733 1117 2791 VI,
1143 2735 1176 2783 'Il
1207 2732 1273 2798 etc.)

129 2795 200 2850 1³20
233 2796 315 2846 scribi
341 2797 400 2850 vult
427 2803 572 2866 κατείπαι,
599 2803 675 2854 libris
727 2801 1274 2868 aliisquescriptoribus,equibusexem-

129 2867 239 2928 invitis,
263 2881 331 2932 quos
350 2871 426 2935 sequi
452 2877 586 2938 praestet;
618 2874 673 2926 vid.
726 2873 771 2938 ple
789 2873 883 2923 attulit
894 2865 1028 2922 Valcken.
1053 2869 1129 2921 Adde
1147 2878 1217 2923 nott.
1238 2873 1273 2923 sd
1329 2905 1334 2914 ·

129 2937 249 2988 Bredov.
267 2951 295 3000 p.
316 2937 366 2989 324
386 2955 443 3006 seq.
463 2941 513 2993 352
530 2960 586 3010 seq.
724 2943 863 2996 Plutarch.
884 2941 980 3008 Pyrrh.
1001 2939 1017 2990 3
1035 2941 1096 2990 inlt.
1116 2957 1143 3005 p.
1164 2943 1214 2994 148
1230 2957 1271 3008 sq.

162 2997 239 3064 ὅκως
266 3000 303 3055 dv
332 3023 357 3056 τι
382 3004 523 3074 προειδώς
547 3005 620 3072 πρὸς
641 3005 673 3064 τό
720 3015 775 3064 -Cui
795 3014 969 3064 coniecturae
988 3025 1048 3060 cum
1067 3010 1130 3060 libri
1147 3025 1201 3062 non
1217 3013 1272 3062 suf·

127 3068 237 3142 παρεὸυ
255 3069 435 3146 βουλεύηται]
453 3097 484 3132 eo
503 3083 625 3146 consilio,
643 3089 674 3134 ut
725 3082 1035 3150 fragentumulgatam,
1047 3081 1193 3133 Schsel'ero
1206 3099 1271 3149 quo-

125 3149 183 3208 ille,
208 3161 239 3196 re
257 3153 316 3196 aule
340 3153 452 3213 τοηιιλλο,
477 3157 601 3205 cocullum
625 3157 672 3204 ali·
724 3171 775 3220 que
792 3155 935 3220 probatem
961 3153 990 3201 in
1012 3151 1216 3206 Animadverss.
1236 3153 1271 3203 ad

126 3217 194 3284 qued
211 3216 248 3266 ad
264 3231 316 3266 rem
329 3223 583 3288 pcrtincuscaperet.
608 3225 672 3274 Per·
723 3225 862 3276 Plutarch.
887 3223 943 3272 Vit.
968 3223 1001 3272 T.
1021 3222 1054 3272 V.
1081 3239 1107 3287 p.
1127 3224 1188 3286 285,
1208 3225 1271 3274 retl-

125 3287 239 3340 lieulssm
266 3274 342 3344 3²⁰³?
364 3277 402 3337 ἆυ
429 3291 487 3342 sive
511 3282 550 3352 ὡς
573 3283 610 3344 ἄν
632 3309 672 3344 se·
723 3299 841 3345 nuernnt
853 3293 957 3358 posteri
971 3291 1098 3354 editores,
1114 3309 1175 3342 curn
1187 3294 1271 3343 omni-

126 3362 227 3424 quente
256 3356 429 3410 contnneuvo
462 3365 571 3428 saepius
600 3364 672 3428 apud
723 3381 769 3426 nc,
787 3369 818 3414 ut
835 3363 906 3412 hene
926 3361 1007 3410 docet
1026 3361 1125 3410 Siebel.
1147 3361 1182 3411 ad
1199 3363 1270 3412 Pau-

127 3429 257 3478 Nostrum
287 3427 327 3476 lta
353 3435 511 3495 usurpatam
538 3433 670 3494 ridemus,
723 3449 782 3484 sen.
804 3431 887 3491 VIII,
906 3429 941 3480 10
958 3429 1004 3479 tin.
1029 3445 1057 3492 p.
1081 3429 1148 3492 233,
1177 3431 1270 3492 verbs,

125 3499 171 3550 uhi
189 3496 343 3562 optativum
356 3499 414 3550 sine
426 3489 463 3549 dv
481 3503 671 3567 exspectabas.
723 3517 793 3566 quse
812 3515 878 3560 esse,
897 3498 989 3548 adesse
1006 3497 1171 3562 significant,
1188 3500 1271 3548 inter·

125 3568 178 3620 Sed
196 3567 244 3618 illo
263 3565 341 3617 modo
363 3584 407 3619 res
431 3573 518 3638 magis
541 3571 575 3621 ed
595 3587 671 3636 prae·
722 3571 785 3621 dum
816 3585 876 3620 curn
899 3566 1102 3632 praepositione
1126 3561 1166 3624 τός
1189 3569 1270 3634 coph-

125 3653 186 3690 sens
222 3641 330 3702 tempus
364 3639 495 3704 retertur,
528 3643 671 3706 oratioque
721 3641 812 3692 lentur
829 3641 884 3701 ita,
903 3641 933 3687 ut
953 3636 1006 3685 duo
1032 3633 1111 3686 simul
1136 3651 1190 3687 uua
1214 3639 1267 3689 ior-

124 3709 184 3772 ipss
201 3707 265 3758 hinc
287 3707 404 3759 vividior
426 3709 457 3760 lit
482 3717 564 3777 etqua
586 3712 669 3778 signi-
722 3712 794 3762 mnla
811 3708 978 3760 indicentur:
1002 3709 1131 3756 circuire
1149 3709 1174 3757 irr
1192 3711 1269 3760 locum

124 3777 259 3829 licentior.
279 3777 326 3828 Cr.
345 3780 452 3830 oonlert
469 3781 612 3834 Heindorf.
633 3781 668 3832 sd
720 3786 748 3832 ct
767 3797 824 3833 csse
839 3781 865 3830 in
878 3781 941 3830 loco.
962 3776 1052 3842 Atque
1069 3777 1265 3832 vidIIerodot.

122 3847 231 3900 Plston.
266 3847 379 3914 Protag.
412 3865 439 3914 p.
476 3851 537 3904 501.
579 3853 668 3918 Atque
719 3853 775 3914 ΙΙΙ,
793 3850 838 3904 80.
859 3847 948 3912 1x‚s‚
968 3852 995 3896 et
1013 3863 1078 3897 vero
1096 3849 1267 3914 potissimum
1370 3885 1380 3894 -

122 3917 246 3984 exempla
264 3917 365 3980 passim
383 3919 567 3984 inveniuntur,
591 3939 618 3974 v.
643 3939 666 3974 c.
718 3924 751 3985 V,
770 3922 816 3974 38:
837 3912 957 3982 δεύτερα
974 3908 1062 3976 crithe
1081 3908 1109 3976 ἐς
1127 3919 1266 3971 Λακεδαί-

123 3989 144 4046 Ι.
164 3991 190 4040 5.
209 3989 254 4038 22.
273 3986 553 4044 traicientibus
572 3993 618 4045 Gr.
639 4009 665 4058 p.
717 4007 792 4058 μονα
809 3982 920 4056 τριήρεϊ
935 3979 1134 4044 ἀπόστολος
1158 3979 1266 4055 ἐγίνε-

124 4057 198 4110 1003.
223 4055 299 4106 Idem
316 4057 459 4109 Heindorf.
478 4061 496 4112 l.
517 4062 536 4114 l.
556 4077 582 4126 p.
602 4061 663 4116 497.
716 4077 762 4124 το;
798 4077 851 4128 quo
880 4059 941 4110 loco
974 4057 1162 4121 Aristagorsm
1190 4061 1267 4114 navi-

120 4116 195 4186 όαως
218 4115 255 4175 ἂν
275 4124 302 4176 h.
327 4125 344 4176 l.
370 4129 459 4179 reddit
480 4147 510 4182 ec
537 4139 564 4182 ιιλ
585 4137 612 4182 et
637 4147 662 4197 p.
716 4133 805 4196 gando
818 4129 1051 4181 Lacedaemonem
1068 4126 1187 4180 delatum
1206 4145 1268 4182 esse

120 4197 171 4250 504
188 4196 225 4247 ed
242 4209 371 4260 praesens
394 4205 500 4266 tempus
519 4193 664 4267 (βουλεόη-
715 4203 853 4253 docemur.
873 4201 945 4251 Hinc
964 4203 1059 4248 nostro
1079 4199 1187 4260 qnoque'
1204 4201 1267 4274 locp

119 4265 175 4332 Νι)
194 4264 300 4316 “tendi
318 4266 406 4326 tubes„
427 4271 499 4335 quod
516 4272 664 4336 praeterito
715 4273 806 4322 omnis
824 4285 892 4320 saus
910 4283 972 4319 esse
991 4269 1117 4334 apparet.
1135 4266 1177 4315 sd
1195 4260 1268 4314 ἄπο-

119 4341 176 4390 run
201 4335 335 4401 imprimis
364 4339 463 4392 subiici
491 4341 592 4404 soleat,
616 4341 662 4392 nbi
716 4341 814 4397 στολος
836 4339 924 4406 possit
953 4339 1016 4404 quis
1046 4332 1195 4398 cogitando
1220 4327 1267 4379 ad·
1332 4361 1335 4368 ·
