3020 4930
502 274 568 334 AD
590 273 842 337 HERODOT.
865 275 912 350 Π,
936 283 994 338 159.
1252 277 1310 340 891

179 447 346 502 philistaeos
369 446 458 499 fuisso
474 445 562 516 ponit.
594 447 636 500 De
651 447 753 519 quibus
776 447 837 517 ipse
856 447 959 500 viderit
975 447 1019 500 vir
1034 449 1142 502 doctus.
1174 451 1253 505 Alius
1270 453 1313 506 vir

179 537 279 588 doctus
301 531 434 602 (William
454 531 555 598 Ewlng
578 531 620 584 ln:
642 532 775 586 Classical
789 532 915 586 Musoum
932 533 980 586 lV.
1002 553 1030 603 p.
1046 536 1081 592 93
1092 535 1169 607 seq.)
1201 537 1312 606 Gsdytin

178 618 364 673 Herodoteson
380 616 516 668 transfert
529 613 563 667 nd
584 615 672 670 vicum
689 619 793 672 Kedosh
813 617 842 669 in
864 625 955 670 monto
968 618 1098 688 Nsphtsli
1117 627 1209 674 torrse
1224 621 1310 674 Galli-

179 705 272 768 loeas,
291 702 325 754 de
347 717 402 773 quo
419 699 476 752 vid.
494 699 550 754 los.
566 698 625 769 XX,
640 707 667 763 7.
689 701 771 756 Iudd.
788 701 835 769 IV,
853 705 887 768 63
914 719 1009 771 parum
1027 709 1115 771 recte,
1137 711 1168 757 ut
1189 707 1312 758 ostendit

180 785 323 839 Wheeler:
346 785 515 854 Goography
536 786 567 836 ol
577 785 711 840 Herodot.
734 805 761 856 p.
773 791 826 846 249
845 803 920 857 seq„
948 787 995 857 qui
1014 787 1075 857 ipse
1096 789 1125 842 in
1140 788 1310 843 Rowlinsoni

178 877 275 944 partos
291 871 347 924 abit
361 873 521 939 (iusumque
535 869 599 921 inde
615 871 641 922 h.
659 871 677 922 l.
698 870 816 939 intelligi
832 871 901 924 vult.
932 869 1012 935 Quos
1032 889 1093 926 cum
1112 873 1236 943 nuspiam
1256 875 1309 928 slio

178 957 289 1009 nomine
304 961 542 1022 commemoretur,
557 955 673 1008 forsitan
689 963 798 1025 portum
812 955 893 1007 huius
910 956 997 1023 urbis,
1014 957 1094 1010 cuius
1110 973 1205 1011 nomen
1220 958 1309 1012 Main-

177 1040 279 1094 miss.
295 1039 427 1107 Molonis,
452 1038 573 1107 posteris
594 1041 765 1109 temporibus
780 1057 830 1110 per
844 1033 972 1094 Κάδυτιν
988 1041 1105 1111 intelligi
1120 1059 1203 1112 posse
1218 1044 1310 1112 snspi-
1375 1059 1383 1070 ‘

178 1131 259 1178 catur
272 1124 384 1178 Ewald:
399 1123 501 1175 Gesch.
518 1123 545 1175 (l.
559 1121 661 1176 Volkes
676 1124 772 1178 lsrael.
790 1125 840 1192 ΙΙΙ,
854 1131 880 1184 1.
895 1143 923 1194 p.
937 1129 999 1186 418.
