3088 4944
615 273 741 336 OLIO.
765 275 790 336 1.
811 283 872 340 166.

1249 275 1312 342 325

177 449 210 532 ἒς
224 448 286 538 τὴν
299 453 469 536 Φωκαίην.
500 454 534 516 ci
545 445 583 518 di
598 443 711 518 αύτῶν
723 445 760 524 τό
775 445 891 538 ὅρκιον
904 445 1114 539 ἐφύλασσον,
1128 445 1310 541 όερδίντες

179 551 217 626 ἐκ
235 557 304 622 τεόν
320 552 537 622 Οἰνουσσέων
554 556 686 646 ἔπλεον.
718 547 812 623 Ἐπεί
828 582 864 624 τε
886 553 923 624 δὲ
945 551 979 636 ἐς
998 551 1061 646 τὴν
1073 552 1212 643 Κύρνον
1230 553 1309 626 ύπί-
1320 567 1380 630 166

180 682 297 742 κοντο,
317 664 432 726 οίκεον
448 659 546 744 κοινῇ
566 652 648 744 μετὰ
669 659 738 726 τοῖν
757 655 921 747 πρότερον
941 655 1157 748 ἀπικομένων
1170 654 1218 730 ἐπ’
1235 665 1310 732 ἔτεα

181 759 300 846 πέντε,
326 761 383 829 καί
406 755 463 848 iod
483 753 713 848 ἐνιδρύσαντο.
756 763 830 847 καὶ,
857 753 941 851 ἦγον
962 759 1026 853 γὰρ
1048 759 1090 852 δὴ
1112 762 1168 834 καὶ
1188 769 1313 854 ἔφερον

179 863 258 945 τούς
277 868 470 952 περιοίκους
491 857 658 948 ἅπαντας,
676 863 913 952 στρατεύονται
934 855 982 936 όν
1002 861 1049 936 ἐπ’
1065 861 1188 947 αύτούς
1211 873 1314 962 κοινῷ

180 968 267 1062 λόγῳ
285 967 489 1056 χρησόμενοι
513 969 682 1057 Τυρσηνοὶ
703 969 760 1038 καί
774 968 1019 1058 Καρχηδόνιοι,
1042 971 1142 1058 νηυσὶ
1164 969 1313 1062 ἑκάτεροι

180 1071 349 1161 ἑξήκοντα.
391 1075 427 1140 ολ
445 1071 483 1140 δὲ
504 1069 675 1151 Φωκαιέες
696 1072 933 1162 πληρώσαντες
954 1073 1009 1142 καὶ
1029 1069 1125 1141 edwi
1144 1071 1184 1142 τό
1202 1083 1312 1160 πλολα,

180 1173 279 1246 ἐόντα
293 1169 443 1264 ἄριδμόν
462 1171 636 1265 ἑξήκοντα,
656 1171 812 1264 η’ντίαζον
835 1172 868 1256 ἒς
888 1172 925 1246 τό
938 1174 1132 1264 Σαρδόνιον
1154 1176 1312 1266 καλεόμε-

179 1307 241 1352 νον
254 1275 407 1366 πέλαχος.
431 1278 690 1369 συμμισγόντων
705 1280 743 1351 δὲ
756 1285 797 1370 τῇ
814 1285 995 1370 ναυμαχίῃ,
1009 1283 1162 1368 Καδμείη
1175 1305 1225 1360 τις
1237 1285 1316 1369 νίκη

179 1481 221 1532 ria
238 1496 333 1533 rocem
350 1475 452 1532 ἔπλεον
466 1481 572 1534 librarii
592 1483 723 1550 iuterpre-

181 1557 330 1626 tameutum
349 1567 409 1604 esse
424 1557 513 1619 putet.
557 1599 559 1604 ,

351 1725 417 1779 Gar.
436 1725 556 1777 CLXVI.

182 1819 726 1966 ιίεὲέῖίλὲιλῖόέἷιῳ333363όῖ

184 1979 238 2026 est:
259 1988 310 2036 per
327 1972 433 2038 pariaque
455 1985 542 2020 σιαιοο.
578 1969 624 2020 Sic
645 1969 725 2034 plane

183 2045 240 2106 111,
264 2041 307 2094 59.
333 2041 387 2103 VI,
412 2037 529 2090 980011.
550 2038 609 2090 101.
629 2069 659 2079 -
692 2039 726 2090 In

186 2129 262 2178 seqq.
281 2111 315 2163 de
331 2109 446 2162 formula
462 2099 542 2174 όχειν
560 2103 609 2158 καί
626 2103 725 2172 φέρειν

187 2184 325 2248 (diripere,
348 2177 485 2242 αδδαοοτι)
513 2177 577 2230 vide
599 2178 726 2242 ad1,88

185 2257 256 2306 uott.
292 2250 394 2315 Scripsi
406 2249 510 2302 dnobus
529 2265 544 2299 e
559 2247 637 2299 libris
653 2235 725 2314 ἦχον

186 2324 249 2389 (pro
267 2309 351 2386 όχον)
375 2321 542 2371 assentiente
558 2318 676 2370 Bredov.
696 2335 724 2385 p.

186 2392 250 2456 293,
276 2405 329 2457 quo
353 2389 446 2441 eodem
469 2393 581 2442 auctore
604 2387 643 2454 (p.
663 2388 726 2456 295)

184 2478 248 2515 mcx
265 2461 347 2513 etism
360 2460 459 2526 scripsi
468 2448 602 2525 ἦντίοιζον
615 2473 664 2524 pro
677 2450 727 2509 όν-

183 2530 288 2594 τίαζον.

219 2597 309 2669 κοινῷ
325 2591 409 2667 λόχῳ]
433 2600 452 2651 1.
471 2615 495 2651 e.
515 2599 632 2649 οοιοτινπί
647 2601 729 2650 wasi-

185 2677 233 2731 oo:
264 2687 334 2738 quae
359 2669 454 2722 eadem
485 2668 549 2719 hiuc
575 2668 728 2720 Pausaniae

187 2745 315 2810 frequens
333 2745 377 2792 est
398 2739 510 2791 locutio.
545 2738 630 2788 Plura
648 2737 729 2790 colle-

187 2814 228 2881 git
242 2811 367 2864 Siebelis.
384 2809 419 2860 ad
436 2809 459 2872 Ι,
479 2807 522 2858 29.
541 2806 567 2869 ᾗ.
585 2811 610 2860 4.

222 2879 312 2942 κοινηδ
336 2871 409 2946 λόγῳ
426 2869 598 2944 χρησόμενοι
619 2875 730 2942 Τυρση-

188 2947 234 3003 νοὶ
250 2946 298 3001 καί
313 2940 508 3014 Καρχηδόνιοι
526 2961 551 2996 κ,
565 2945 642 3022 τ..λ.]
662 2948 730 3013 Tyr-

189 3037 269 3074 seucs
294 3020 352 3080 sive
374 3019 480 3070 Tuscos
510 3019 576 3068 tunc
600 3018 729 3082 temporis

79 3149 85 3156 ,
189 3091 312 3158 inprimis
331 3088 419 3140 classe
441 3086 561 3138 valuisse
579 3091 607 3136 et
629 3086 658 3136 iu
675 3087 729 3137 isto

189 3162 260 3214 mari
290 3159 443 3212 dominatos
473 3173 532 3208 esse
563 3157 617 3206 iam
648 3171 731 3222 supra

190 3232 282 3284 monui
298 3229 334 3281 ad
348 3229 371 3293 1,
386 3228 446 3281 163.
482 3227 553 3278 Add.
566 3225 659 3276 Micali
671 3226 731 3277 Sto-

189 3304 232 3354 ria
251 3305 304 3352 ete.
324 3299 364 3351 11.
389 3315 417 3364 p.
435 3299 469 3350 54
489 3313 566 3362 seqq.
584 3294 635 3346 336
653 3311 730 3362 seqq.

189 3371 269 3424 Unde
300 3385 355 3421 non
378 3370 474 3420 mirum
502 3381 548 3417 eos
571 3365 732 3417 coniunctos

190 3443 234 3494 hic
251 3439 363 3505 reperiri
377 3453 438 3490 cum
450 3435 732 3502 Carthaginiensibus,

190 3527 238 3578 per
255 3509 369 3561 inferius
385 3509 457 3559 idem
470 3521 545 3557 mare
561 3505 732 3556 dominantes

190 3597 242 3634 nec
256 3579 312 3632 ullo
331 3577 410 3630 modo
428 3575 588 3642 alienigenis
606 3575 733 3640 gentibus

190 3651 274 3702 maris
286 3649 404 3700 fructum
414 3646 589 3710 coloniasque
600 3643 735 3696 condendi

191 3719 363 3772 occasionem
392 3717 589 3783 permittentes.
636 3713 735 3780 Itaque

191 3795 290 3856 postea
307 3793 450 3853 utramque
469 3786 607 3837 nationem
626 3783 735 3835 foedere

191 3861 313 3911 iunctam
341 3858 493 3908 invenimus
524 3853 597 3922 apud
622 3853 734 3905 Pindar.

192 3929 273 3994 Ppth.
288 3927 311 3990 1,
326 3925 376 3978 139
388 3943 463 3996 seqq.
496 3927 553 3976 Nec
565 3939 629 3974 vero
643 3938 734 3974 omnes

193 4001 298 4050 Tuscos
322 3997 368 4048 hic
390 3996 508 4062 intelligi
533 3993 593 4044 vult
616 3992 735 4044 Niebuh-

192 4069 250 4119 rius
280 4067 373 4133 (cuius
400 4065 489 4117 locum
517 4063 665 4128 adscripsit
689 4064 732 4114 Cr.

193 4139 272 4190 Rom.
285 4135 385 4188 (iesch.
397 4135 420 4187 1.
431 4151 457 4202 p.
471 4135 521 4188 130
531 4149 589 4200 seq.
601 4132 644 4183 ed.
655 4131 734 4198 sec),

193 4222 286 4258 veram
299 4221 345 4257 sos
358 4209 474 4268 mutum,
491 4205 536 4270 qui
548 4201 675 4268 Agyllam
688 4201 736 4252 he-

194 4277 321 4338 bitariut‚
342 4275 479 4338 Caerites,
505 4288 573 4340 quos
592 4272 674 4324 etiam
693 4287 735 4322 so-

193 4345 235 4396 los
256 4345 345 4398 scelus
367 4345 396 4396 in
420 4344 538 4412 captivis
563 4341 735 4392 commissum

754 1479 858 1534 'luisse
880 1481 953 1532 iufra
974 1477 1090 1547 legimus
1113 1479 1143 1545 1,
1162 1479 1222 1532 167.
1264 1481 1318 1534 Vix

774 1554 845 1604 enim
863 1567 913 1618 par
926 1555 1064 1615 erat,‘eos
1077 1566 1193 1616 poenam
1206 1549 1317 1604 sceleris

775 1623 854 1685 dare,
871 1621 907 1672 ad
925 1637 993 1688 quos
1011 1621 1087 1672 istud
1101 1621 1189 1688 ipsum
1207 1623 1317 1674 minime

773 1692 948 1759 pertinuerit,
964 1691 1011 1757 qui
1030 1690 1132 1742 nullam
1146 1691 1241 1758 culpae
1257 1709 1318 1758 par-

773 1769 828 1814 tem
846 1763 874 1811 iu
892 1777 922 1812 se
940 1759 1108 1812 admiserint.
1142 1763 1184 1812 De
1203 1761 1317 1813 foederi-

773 1834 825 1884 bus
847 1833 918 1882 inter
936 1832 1041 1882 Tuscos
1066 1835 1094 1881 et
1112 1830 1318 1897 Carthaginien-

776 1919 820 1954 ses
844 1903 887 1953 er.
913 1900 1019 1952 consuli
1042 1900 1101 1950 vult
1122 1901 1235 1952 eundem
1256 1902 1319 1954 blie-

775 1973 854 2024 buhr.
873 1971 895 2023 1.
922 1987 949 2036 p.
970 1971 1030 2023 132.
1064 1969 1134 2020 Nam
1152 1971 1197 2022 vel
1214 1971 1319 2022 Aristo-

775 2043 838 2094 telis
856 2045 949 2092 aetate
967 2040 1016 2091 illa
1028 2041 1168 2092 exstitisse
1180 2041 1318 2094 dicuutur.

811 2108 941 2175 Καδμείη
964 2126 1007 2168 τις
1034 2109 1100 2174 νίκη
1118 2113 1192 2160 τοῖσι
1210 2109 1319 2162 Φωκαι-

776 2179 851 2248 εῦσι]
874 2181 986 2234 Retinui
1008 2176 1150 2245 Καδμείη,
1176 2180 1211 2232 ab
1236 2182 1320 2232 omni·

776 2253 827 2303 bus
851 2250 930 2302 libris
954 2249 1081 2312 allatum,
1104 2266 1122 2300 a
1136 2250 1272 2302 Bredovio
1291 2268 1319 2316 p.

778 2320 829 2374 179
840 2321 869 2372 in
882 2315 1017 2385 Καδμηΐη
1028 2323 1175 2384 mutatum,
1194 2321 1267 2386 quod
1280 2337 1320 2372 re·

777 2391 851 2457 cepit
868 2389 991 2442 Dietsch.
1024 2389 1133 2440 cauma
1149 2391 1266 2442 victorie
1281 2391 1321 2441 di-

777 2461 849 2512 citur
866 2460 910 2526 (ut
923 2459 1172 2525 Schweighaeuseri
1188 2464 1250 2512 utar
1262 2477 1321 2512 ver·

777 2531 847 2596 bis),
872 2546 951 2594 „cum
976 2528 1036 2595 plus
1058 2530 1222 2581 incommodi
1245 2547 1321 2584 acee-

778 2602 820 2668 pit
841 2599 945 2663 victor‚
973 2615 1052 2666 quam
1074 2599 1201 2661 intulit;“
1227 2600 1268 2651 ita
1290 2603 1322 2650 ut

777 2671 871 2722 hostes
900 2669 1004 2721 cladem
1034 2668 1142 2734 quidem
1166 2670 1322 2736 acceperint

779 2741 909 2806 priusque
927 2755 960 2790 ax
975 2740 1034 2790 acie
1049 2740 1250 2804 susceperint,
1268 2739 1322 2804 ipsi

779 2815 872 2862 tamen
900 2810 1019 2860 victores
1049 2807 1238 2860 Phocaeenses
1265 2813 1322 2858 tam

781 2879 879 2931 afflicti
897 2895 912 2930 e
930 2894 1022 2944 pugna
1035 2877 1223 2939 discesserint,
1241 2882 1272 2926 ut
1283 2877 1342 2927 vi·

781 2955 842 3002 etos
853 2949 945 3014 potius
959 2963 1040 3012 quam
1055 2946 1175 2998 victores
1188 2946 1323 2996 existima·

779 3019 863 3071 veris.
895 3017 958 3069 Vid.
971 3014 1137 3080 Wesseliug.
1156 3015 1191 3065 ed
1209 3015 1323 3066 Diodor.

781 3089 837 3141 Sic.
856 3087 910 3150 ΚῙ,
923 3087 955 3138 12
974 3089 1001 3136 st
1012 3086 1141 3149 Excerpt.
1155 3083 1219 3134 libri
1232 3085 1323 3136 XXII.

783 3157 828 3224 (Τ.
853 3157 893 3208 11.
917 3172 945 3220 p.
969 3154 1043 3219 405).
1084 3154 1158 3205 Plut.
1183 3155 1266 3206 Mors.
1296 3171 1323 3220 p.

782 3228 834 3280 488
849 3227 881 3278 A.
901 3225 1003 3290 Unger.
1022 3223 1124 3276 Parad.
1137 3223 1223 3276 Theb.
1235 3240 1262 3290 p.
1273 3223 1324 3278 383

783 3315 841 3364 seq.
876 3297 920 3347 Cr.
940 3294 1030 3346 addit:
1055 3293 1136 3356 „Ast
1161 3294 1196 3346 ad
1214 3293 1324 3346 Platon.

784 3370 818 3420 de
832 3367 919 3431 Legg.
936 3365 965 3426 1,
986 3364 1028 3415 ll.
1046 3379 1110 3428 pag.
1129 3363 1162 3414 65
1188 3367 1216 3413 et
1233 3363 1324 3416 Schol.

783 3433 896 3490 Aristid.
926 3450 989 3499 pag.
1013 3431 1064 3485 188
1093 3433 1135 3482 οδ.
1158 3431 1324 3482 Frommel.“

784 3509 857 3559 Bene
883 3509 1020 3555 caeterum
1043 3501 1196 3552 Larcherus
1226 3505 1326 3565 monet,

783 3579 855 3628 hanc
873 3573 1016 3626 victoriam
1035 3587 1089 3622 nou
1109 3569 1327 3621 confundendam

785 3662 845 3699 esse
873 3660 934 3696 cum
959 3657 1006 3706 ea,
1035 3655 1117 3705 quam
1138 3639 1327 3691 Phocaeenses

784 3715 936 3768 Massiliam
960 3709 1107 3770 condentes
1130 3707 1163 3759 de
1186 3708 1328 3775 Carthagi-

785 3785 926 3838 niensibus
968 3785 1123 3848 reportasse
1155 3777 1328 3843 Thucydides

786 3855 888 3907 scribat
901 3853 924 3917 1,
939 3851 981 3904 13.
1015 3849 1087 3899 Nam
1100 3847 1251 3898 Massiliam
1267 3865 1330 3900 cou-

787 3926 872 3976 dilem
891 3937 951 3974 esso
970 3924 1034 3971 ante
1051 3918 1118 3970 haec
1141 3923 1264 3984 tempora
1281 3917 1329 3986 (de

787 3993 885 4062 quibus
904 3992 949 4042 hic
967 3989 1071 4055 agitur)
1087 3989 1255 4056 sexagesimo
1273 3989 1330 4040 sere

786 4080 868 4116 anuo.
911 4059 990 4124 Quod
1015 4058 1039 4108 si
1065 4073 1158 4109 verum
1184 4061 1240 4122 est,
1274 4075 1329 4110 uon

785 4135 896 4195 mirum,
922 4129 967 4181 hic
984 4127 1038 4180 loci
1055 4127 1157 4179 nullam
1174 4126 1232 4179 fieri
1256 4144 1329 4178 ruen-

785 4205 888 4254 tionem
918 4198 1041 4252 coloniae
1068 4214 1085 4249 a
1108 4197 1327 4250 Phocaeensibus

785 4269 938 4323 Massiliam
956 4267 1099 4332 deductae,
1116 4283 1167 4320 nec
1185 4265 1252 4318 illud
1270 4265 1328 4317 iure

785 4342 905 4404 mireris,
923 4339 1112 4392 Phocaeenses
1126 4339 1217 4405 patria
1233 4333 1330 4388 relicta

1333 4484 1379 4491 —h
