3058 4928
551 272 799 335 EUTERPE.
826 273 869 334 11.
892 277 936 334 77.

1254 271 1316 334 599

181 444 213 518 δ’
235 452 272 518 ἐκ
290 447 442 538 κριθέων
460 449 674 540 πεποιημένῳ
695 449 932 536 διαχρέωνται·
960 443 1002 516 οὐ
1024 446 1088 537 γάρ
1110 455 1176 535 σφί
1194 455 1259 520 εἰσι
1279 453 1316 522 έν
1369 455 1385 484 ’

181 557 221 640 τῇ
238 550 330 642 χαίρῃ
350 549 502 640 ἄμπελοι.
537 550 668 639 ἰχθύων
687 551 724 620 δέ
737 548 816 631 τοὺς
830 551 893 640 μὲν
914 548 997 640 πρὸς
1014 547 1110 641 ἥλιον
1129 549 1316 643 αὐήναντες

218 716 288 788 οένςο
307 709 334 768 δ’
354 709 383 768 ἐκ
401 715 527 784 κριθέων
542 716 722 787 πεποιημένῳ

181 785 378 855 διαχρέωνται]
396 789 473 839 Haec
491 805 597 854 quoque
620 805 652 840 ex
669 789 723 839 Ho-

183 863 279 910 cataeo
295 857 404 912 Milesio
421 857 480 924 (qni
495 863 566 910 teate
583 859 723 910 Athenaeo

182 929 199 980 l.
224 927 243 980 l.
265 929 414 994 Aegyptios
439 929 542 980 hordea
568 930 604 980 ad
629 933 723 994 potum

182 999 308 1063 frangere
338 999 529 1065 enarraverat)
566 999 724 1066 deprompta

182 1084 243 1120 asae
260 1067 346 1118 videri
363 1073 486 1132 possunt.
515 1068 594 1134 Apud
605 1069 693 1124 Aesch
714 1098 724 1107 -

182 1139 237 1189 lum
255 1137 349 1203 Suppl.
368 1135 421 1190 990
440 1139 579 1190 invenitur
600 1137 676 1202 με’θυ
694 1085 723 1188 ds

183 1203 307 1270 κριθῶν.
344 1207 398 1259 Sed
422 1210 509 1274 magis
530 1208 583 1259 huc
606 1209 726 1273 pertinet

181 1277 295 1330 Diodori
312 1275 388 1328 locus
406 1280 429 1343 I,
452 1281 487 1330 29
502 1283 529 1329 et
549 1278 583 1330 34
602 1278 659 1342 liu,
677 1279 725 1328 ubi
736 1299 749 1316 ··

182 1349 250 1399 haee
267 1346 408 1412 leguntur:
432 1339 670 1408 κατασκευάζουσι
692 1339 724 1396 δὲ

182 1414 230 1468 καὶ
243 1408 273 1467 ἐκ
287 1414 344 1466 τοῖν
353 1415 466 1480 κριθῶν
475 1410 625 1482 Αἰγύπτιοι
636 1409 724 1482 πόμα,

182 1478 350 1550 λειπόμενον
370 1477 405 1535 οὐ
424 1479 497 1537 πολὺ
522 1485 573 1551 τῆς
589 1483 654 1550 περὶ
673 1477 724 1536 τὸν

182 1550 265 1607 οἶνον
288 1547 419 1616 εὐωδίας,
450 1545 466 1605 ὃ
486 1555 603 1606 καλοῦσι
624 1555 723 1616 ζῦθος.

181 1627 252 1678 Add.
270 1625 361 1676 Strab.
377 1626 466 1676 XVII.
486 1643 512 1690 p.
531 1625 646 1676 11799.
666 1627 725 1678 eive

182 1713 210 1762 p.
229 1696 278 1745 821
300 1699 417 1760 atquae
441 1696 496 1746 alia
520 1695 599 1745 affert
618 1696 725 1746 Wesse-

182 1765 250 1829 ling.
263 1765 298 1814 ad
311 1764 425 1814 Diodori
440 1765 536 1815 locum.
565 1764 724 1830 „Aegyptus

183 1849 289 1901 qnoque
312 1849 326 1882 e
345 1835 424 1898 fruge
448 1834 500 1885 sibi
519 1839 599 1899 potus
622 1834 724 1892 similes

184 1903 380 1969 excogitavit“,
399 1905 439 1953 eit
451 1903 555 1954 Plinius
571 1904 644 1954 Hist.
659 1905 724 1954 Nat.

182 1973 257 2034 XIV,
276 1971 310 2022 29
329 1973 390 2023 coll.
409 1974 498 2036 XXII,
517 1975 560 2026 82.
591 1973 725 2024 Admonet

184 2045 229 2095 Or.
251 2042 335 2094 Iesai.
347 2043 422 2104 xlx,
433 2043 476 2105 19,
493 2043 540 2093 ubi
558 2043 668 2093 inerunt
679 2043 725 2109 qui

183 2112 296 2163 eundem
314 2117 451 2164 cerevisiae
470 2113 509 2180 (si
532 2114 571 2164 ita
591 2111 665 2178 loqui
683 2113 725 2164 ias

183 2181 235 2248 est)
249 2185 342 2246 potum
360 2182 553 2249 intelligerent,
572 2183 668 2234 merito
686 2199 725 2248 re,-

183 2253 317 2318 prohante
336 2252 452 2303 Geseuio
466 2253 639 2314 (Commentt.
660 2269 723 2318 pag.

184 2321 256 2388 615),
285 2321 331 2386 qni
354 2321 412 2386 ipse
435 2323 633 2372 Hartmannum
656 2323 725 2374 citat

183 2394 225 2442 in:
243 2391 409 2444 Erdbeschr.
425 2407 479 2442 von
497 2393 615 2458 Aegypt.
631 2409 658 2457 p.
676 2393 725 2443 177

183 2463 329 2514 etiamnum
347 2462 496 2512 cerevisiae
522 2463 657 2528 quoddam
682 2477 727 2527 ge-

182 2548 234 2584 nus
259 2547 292 2582 ex
321 2531 410 2597 spelta
431 2533 459 2580 in
486 2532 612 2598 Aegypto
635 2531 727 2597 parari

182 2603 334 2654 docentem.
375 2603 412 2652 Et
437 2601 625 2667 pervulgatum
654 2601 726 2666 apud

182 2673 252 2724 alias
271 2675 366 2737 gentes
386 2671 558 2736 antiquitatis
570 2669 643 2721 haud
661 2686 726 2736 pau-

183 2758 229 2794 cas
259 2741 310 2792 hoo
334 2741 454 2805 potionis
479 2757 577 2806 genam
605 2740 638 2790 de
662 2755 726 2805 quo,

182 2815 309 2862 monente
327 2809 421 2860 eodem
440 2809 494 2873 Cr,
512 2810 629 2875 plurima
645 2809 726 2860 colle-

183 2884 224 2946 git
241 2879 426 2943 Lindenhrog.
446 2879 481 2928 ad
498 2879 633 2930 Ammiau.
653 2880 725 2929 Mar-

183 2948 244 3000 cell.
263 2949 362 3008 XXVI,
381 2948 406 2998 8.
423 2947 447 3008 ἐ.
471 2949 495 2998 2.
512 2965 538 3014 p.
560 2949 609 2999 158
628 2963 684 3013 seq.
702 2953 723 2998 t.

183 3019 227 3069 111
249 3015 292 3068 ed.
315 3017 416 3083 Wagn.
440 3016 502 3068 coll.
527 3017 590 3068 Chr.
611 3017 724 3069 Gruuer.

183 3089 219 3138 ad
236 3085 372 3137 zosimum
386 3087 520 3152 Panopol.
540 3087 573 3137 de
584 3087 725 3152 nythorum

183 3155 356 3208 coniectione
373 3171 400 3220 p.
420 3154 463 3206 30.
500 3155 571 3208 Add.
594 3158 725 3222 iuterpre-

183 3231 224 3277 tes
248 3225 283 3276 ad
301 3225 393 3276 Taciti
411 3225 537 3277 German.
561 3225 594 3278 23
612 3233 726 3292 atquae

183 3295 300 3361 plurima
311 3293 406 3345 attulit
412 3295 500 3360 Pauly
511 3314 517 3346 :
534 3295 725 3362 Realeneyelo-

183 3365 264 3431 paed.
283 3365 321 3416 11.
340 3381 403 3430 pag.
423 3365 475 3416 279
493 3381 549 3432 seq.
569 3383 592 3418 s.
611 3383 638 3419 v.
654 3383 725 3418 cere-

183 3436 264 3486 visia.
307 3436 349 3486 Ex
376 3435 557 3487 Burohhardt.
585 3438 724 3487 itinerario

183 3509 276 3556 monet
293 3505 317 3556 I.
339 3504 372 3555 de
392 3505 530 3556 Hammer.
557 3505 596 3570 (in
614 3507 723 3557 Annall.

182 3577 344 3627 Viennenss.
364 3574 418 3624 vol.
434 3575 517 3626 XLV.
536 3593 599 3641 pag.
617 3575 661 3642 97)
677 3576 724 3625 ho-

183 3645 436 3712 diequeAegyptios
448 3645 643 3708 taliiermcntO,
651 3643 723 3710 quod

71 3747 77 3754 -
183 3717 255 3767 Busa
270 3714 380 3780 (Boura)
392 3715 537 3781 appellent,
551 3716 667 3766 maxime
680 3713 724 3764 de-

183 3785 294 3847 lectari,
323 3787 449 3850 quamvis
470 3791 565 3836 nostra
590 3784 724 3835 cerevisia

183 3853 263 3921 louge
282 3855 394 3904 inierins
404 3854 431 3904 id
441 3855 488 3916 sit,
507 3855 595 3905 iudice
609 3853 724 3903 Wilhin-

185 3941 242 3977 son.
262 3925 392 3974 Manners
411 3929 464 3975 eto.
487 3923 525 3974 11.
548 3940 574 3989 p.
597 3923 644 3973 171
665 3938 721 3987 seq.

184 3994 254 4044 Add.
268 3995 357 4044 Lana:
372 3993 534 4044 Accountoi
542 3993 588 4043 the
599 4008 724 4044 manners

185 4063 238 4113 aud
257 4067 374 4114 custome
394 4063 424 4113 oi
439 4063 483 4112 the
494 4063 605 4112 modern
621 4065 722 4126 Egypt.

185 4133 208 4183 1.
227 4149 254 4198 p.
273 4133 324 4184 112
339 4137 366 4182 et
378 4133 504 4194 Literary
515 4131 631 4183 Gazette
648 4131 724 4182 1837.

184 4218 212 4266 p.
235 4201 295 4253 545.
337 4202 413 4252 Idem
438 4201 595 4252 Wilhinson
624 4201 727 4266 (Topo-

185 4270 289 4336 grsphy
312 4271 342 4320 ol
363 4271 470 4321 Thebes
489 4287 515 4336 p.
540 4268 605 4333 294)
623 4271 725 4320 cerevi-

185 4340 253 4389 siam
272 4337 335 4390 olim
354 4339 389 4388 ad
407 4339 482 4404 vulgi
500 4355 579 4390 usum
601 4344 726 4404 paratam

774 734 835 768 esse
853 721 946 784 putat,
970 718 1034 768 vino
1058 719 1170 770 ditiores
1193 721 1314 774 homines

773 803 838 840 usos
854 788 949 839 videri.

809 849 844 908 ori
862 850 914 922 γάρ
934 855 989 922 σφέ
1002 852 1056 906 εἰσι
1076 847 1106 906 έν
1119 855 1155 923 τῇ
1170 851 1247 926 χαίρῃ
1266 851 1315 927 ἅμ.

774 926 864 994 salos]
875 929 917 978 De
927 931 1086 992 argumento
1101 927 1173 979 coni.
1192 934 1262 981 nott.
1280 933 1316 983 ad

774 998 812 1061 ΙΙ,
832 997 875 1050 37.
913 997 991 1058 Quod
1003 1012 1067 1047 vero
1077 997 1233 1049 Herodotus
1246 1001 1316 1052 vites

774 1084 823 1133 por
840 1069 994 1132 Aegyptum
1012 1081 1071 1118 asse
1088 1073 1185 1134 negat,
1210 1077 1317 1122 contra-

775 1138 844 1187 rium
872 1143 997 1188 asserunt
1019 1136 1117 1186 Strabo
1141 1137 1228 1187 xv11.
1252 1155 1316 1205 pag.

776 1206 827 1256 799
850 1205 880 1257 C.
900 1222 923 1256 s.
941 1222 1005 1272 pag.
1027 1205 1315 1273 11500.1)iod0r.1‚

775 1277 818 1338 36,
838 1276 1076 1328 ahiRomanorum
1094 1275 1250 1339 scriptores,
1270 1282 1316 1344 qui

775 1347 852 1396 varia
870 1345 938 1396 adeo
954 1345 1011 1396 vini
1029 1359 1129 1409 genera
1146 1345 1174 1394 in
1191 1346 1316 1413 Aegypto

775 1419 927 1466 recensent.
954 1415 1026 1478 Quin
1037 1414 1104 1480 ipsis
1120 1415 1148 1464 in
1160 1431 1317 1468 monumen-

776 1486 812 1535 tis
843 1485 986 1550 Aegyptiis
1015 1488 1043 1536 et
1069 1485 1139 1535 vites
1165 1485 1317 1538 invenimus

776 1559 995 1620 repraesentatas
1020 1559 1047 1606 et
1071 1569 1153 1616 uvas,
1181 1571 1195 1604 e
1220 1559 1317 1622 quibus

775 1626 868 1675 sinum
887 1629 1007 1689 paratur.
1044 1624 1122 1675 Ooul.
1138 1625 1245 1678 Gestar.
1263 1629 1317 1678 De·

776 1696 870 1759 script.
891 1695 924 1744 de
940 1685 1010 1762 l'Eg.
1030 1692 1110 1745 mdm.
1129 1695 1267 1764 (Antiqq.)
1290 1699 1315 1749 I.

775 1781 802 1828 p.
820 1765 863 1815 91.
884 1764 918 1816 62
936 1769 963 1814 et
981 1779 1051 1830 qnae
1070 1763 1104 1813 ad
1129 1763 1217 1815 locum
1235 1783 1317 1831 supra

774 1835 916 1886 laudatum
940 1834 977 1896 Il,
1002 1833 1035 1885 37
1064 1834 1215 1884 attulimus.
1257 1837 1317 1888 Hoc
1386 1827 1390 1835 ¹

775 1905 846 1956 euim
871 1903 945 1966 loco,
974 1904 1094 1968 itemque
1116 1905 1155 1966 ΙΙ,
1181 1906 1239 1956 121.
1268 1895 1321 1960 133

776 1975 834 2039 ipse
852 1973 1008 2024 Herodotus
1026 1973 1117 2023 vinum
1128 1990 1160 2024 cx
1174 1976 1235 2024 uvis
1253 1991 1317 2026 oon-

775 2045 891 2106 iectum,
919 2042 990 2107 quod
1008 2046 1083 2093 certo
1100 2043 1210 2095 modulo
1229 2061 1319 2096 sacer-

776 2113 885 2164 dotibus
911 2113 1082 2174 exhibeatur,
1107 2113 1194 2164 novit.
1239 2115 1317 2167 Coei.

776 2185 893 2233 Heereu.
907 2181 991 2232 Ideen
1009 2182 1046 2245 11,
1064 2183 1090 2232 2.
1109 2197 1172 2248 pag.
1185 2183 1247 2247 362,
1265 2186 1317 2234 Mi·

775 2252 875 2303 nutoli:
890 2251 1046 2317 Nachtritge
1057 2257 1108 2302 eto.
1119 2269 1146 2317 p.
1160 2256 1221 2306 242.
1241 2255 1318 2316 Quae

775 2323 816 2374 ita
828 2322 967 2372 conciliari
982 2337 1064 2385 posse
1077 2323 1175 2372 statuit
1187 2322 1319 2374 Schlicht·

776 2393 861 2442 horst.
884 2391 902 2441 l.
932 2391 950 2442 1.
976 2407 1038 2455 pag.
1064 2391 1129 2455 115,
1157 2397 1188 2442 ut
1211 2392 1317 2444 demum

775 2466 839 2527 post
847 2461 981 2511 Herodoti
998 2465 1116 2511 aetatem
1126 2462 1195 2512 vites
1207 2479 1254 2527 per
1266 2463 1318 2514 Ao·

775 2529 1316 2654 titisedutti*illuditis

776 2671 886 2736 gyptius
898 2685 948 2720 nee
967 2671 1038 2720 vites
1051 2671 1193 2735 ignorasse
1209 2688 1259 2722 neo
1276 2674 1318 2722 vi·

776 2756 839 2790 num
850 2755 883 2790 ex
899 2741 960 2789 uvis
977 2745 1101 2803 paratum
1114 2742 1165 2804 (ci.
1179 2742 1317 2792 Letronrie

776 2811 817 2860 in:
845 2809 961 2861 Journal
981 2809 1007 2860 d.
1031 2810 1095 2860 Sav.
1121 2810 1198 2862 1839.
1218 2827 1245 2874 p.
1265 2812 1317 2863 249

775 2877 848 2944 seq.)
872 2879 1011 2943 ipsiusque
1034 2879 1091 2928 vini
1113 2879 1191 2942 plura
1216 2895 1317 2943 genera

776 2950 804 3000 in
828 2948 1039 3013 hieroglyphicis
1061 2949 1134 2998 notis
1158 2963 1317 2999 commemo-

775 3020 843 3082 rari,
863 3019 910 3068 ubi
922 3019 1014 3068 vinnm
1029 3033 1127 3067 sonare
1143 3017 1252 3068 videtur
1259 3017 1316 3080 Erp

776 3087 825 3152 (ci.
846 3088 965 3152 Parthey
983 3089 1017 3138 ad
1034 3087 1175 3137 Plutarch.
1200 3087 1233 3137 de
1248 3087 1315 3136 Isid.

776 3164 803 3209 et
814 3158 915 3208 Osirid.
928 3174 955 3222 p.
974 3156 1023 3208 193
1038 3154 1119 3220 seq),
1137 3156 1228 3206 malim
1243 3157 1318 3221 equi-

777 3230 836 3278 dem
856 3232 989 3288 statuere,
1011 3226 1195 3288 Herodotum,
1214 3227 1261 3278 ubi
1279 3227 1317 3276 vi-

777 3303 817 3348 tes
835 3299 864 3346 in
881 3298 1006 3362 Aegypto
1022 3296 1098 3360 gigni
1117 3301 1214 3362 negat,
1233 3297 1317 3361 potis-

777 3369 873 3418 simum
891 3367 1037 3430 superioris
1055 3367 1175 3431 Aegypti
1192 3369 1316 3432 regiones

776 3439 834 3487 sive
847 3427 899 3499 τὴν
917 3433 1105 3499 σπειρομένην
1115 3434 1268 3498 Αἴγυπτον,
1286 3441 1318 3485 nt

775 3507 854 3556 initio
863 3505 943 3554 huius
953 3504 1051 3569 eapitis
1064 3503 1140 3568 dixit,
1155 3505 1314 3569 respexisse,

774 3591 825 3627 uec
843 3589 908 3625 saue
921 3574 1012 3639 magni
1027 3575 1155 3624 momenti
1169 3579 1234 3624 tuuc
1251 3579 1317 3624 tem-

775 3645 849 3710 poris
867 3645 895 3693 iu
913 3644 1038 3708 Aegypto
1055 3643 1141 3693 inisse
1153 3645 1249 3694 vitium
1263 3643 1317 3693 cnl-

775 3720 877 3775 turam,
908 3729 978 3778 quae
1002 3717 1066 3778 post
1092 3713 1198 3764 demum
1227 3712 1317 3763 Ptole-

774 3798 911 3836 maeorum
929 3787 1010 3848 atque
1027 3783 1209 3833 Romanorum
1226 3787 1317 3834 aetate

773 3855 939 3903 incrementa
949 3853 1060 3916 ceperit.
1084 3852 1162 3903 Coni.
1176 3851 1316 3903 Iahlonslr.

775 3923 840 3973 diss.
859 3921 892 3972 de
908 3929 982 3972 terra
997 3919 1087 3972 Gos'en
1105 3937 1168 3988 pag.
1184 3921 1217 3972 28
1227 3927 1254 3972 et
1266 3922 1317 3974 Mi-

775 3990 864 4042 nutoli
881 3991 900 4041 l.
913 3990 943 4054 l.,
958 3989 1113 4041 Maltebrun
1130 3993 1157 4042 in
1176 3989 1316 4058 Mdlanges

777 4062 876 4123 (Paris.
897 4059 978 4126 1828)
997 4065 1018 4112 t.
1038 4061 1061 4110 1.
1080 4077 1143 4127 pag.
1162 4059 1211 4112 431
1229 4077 1315 4126 seqq„

776 4130 894 4182 Bohlen:
911 4132 969 4181 Das
988 4130 1043 4180 alta
1056 4131 1151 4180 Indien
1169 4132 1193 4182 1.
1212 4147 1238 4196 p.
1255 4131 1314 4181 144.

776 4203 875 4252 Exstat
900 4200 1012 4264 scriptio
1041 4199 1218 4265 scholastica,
1247 4216 1315 4266 quae

776 4271 878 4336 prodiit
889 4269 1050 4334 Altenburg.
1062 4270 1137 4332 1826,
1148 4273 1176 4322 iu
1188 4286 1316 4336 quanon-

776 4339 911 4391 nullorum
930 4340 1070 4391 Ciceronis
1087 4345 1168 4407 atqua
1183 4340 1317 4392 Herodoti
