3086 4952
220 267 281 332 284
635 266 916 332 HERODOTI

220 471 263 534 ρα
284 442 321 514 di
340 469 377 513 το
365 438 542 531 ὀφείλειν
561 444 673 532 χρέος,
695 448 830 514 πολλῶν
847 443 910 568 μὲν
930 443 987 514 sul
1008 439 1266 527 sittacenen,
1285 439 1393 530 χαὶ-69

220 558 316 618 λιστα
336 542 411 616 ‹ll'
393 551 581 671 αναμκαίην
602 546 737 640 φασὶ
706 575 808 632 ιιναι,
829 544 888 616 τὸν
908 545 1088 637 ὀφείλοντα
1102 553 1162 616 καί
1180 573 1212 616 τι
1225 551 1350 631 ψεῦδος

221 654 342 739 λέγειν.
368 645 465 729 Ος
445 645 488 719 ιἰν
504 649 541 720 dl
561 654 629 720 τῶν
642 647 754 720 ἀστῶν
769 649 935 740 λίπρην’“
914 681 934 740 q
955 650 1087 739 λεύκην
1101 656 1177 740 ἔχῃ,
1197 653 1230 731 ἐς
1251 650 1351 722 πόλιν

221 743 318 834 οὗτος
331 749 372 823 οὐ
387 757 596 844 κατέρχεται,
610 750 689 824 οὐδὲ
702 761 923 844 συμμίσγεται
936 770 1022 824 τοῖσι
1037 751 1167 824 ἄλλοισι
1182 756 1349 844 Πέρσῃσι·

222 860 304 947 φασὶ
323 859 363 926 δέ
374 887 432 946 μιν
446 860 478 938 ίς
491 855 550 928 τὸν
568 853 662 946 ἥλιον
676 851 866 946 ἁμαρτόντα
881 884 912 928 τι
931 863 1035 928 ταῦτα
1056 863 1154 946 ἔχειν.
1187 861 1297 940 ξεινον
1313 857 1351 926 δὲ

221 961 346 1047 πάντα,
360 959 420 1030 τὸν
436 959 692 1050 λαμβανόμενον
705 957 772 1030 ὑπὸ
784 959 929 1048 τούτων,
952 962 1069 1032 πολλοὶ
1083 959 1300 1043 ἐξελαύνουσι
1313 963 1351 1028 ἐκ

221 1071 279 1155 τῆς
290 1065 415 1156 χώρης,
436 1066 493 1133 καὶ
512 1061 569 1144 τὰς
583 1063 705 1144 λευκὰς
722 1063 933 1155 περιστερὰς,
957 1064 1019 1155 τὴν
1033 1061 1139 1152 αὐτὴν
1153 1069 1264 1153 αἰτίην
1278 1066 1350 1134 ἐπι-

223 1271 350 1333 recteque
377 1265 454 1316 addit
478 1267 520 1316 vir
543 1267 639 1318 doetus
664 1283 696 1316 ex
720 1267 761 1316 his
814 1271 982 1330 arcerentur,
1008 1266 1130 1332 adquae
1148 1265 1275 1330 contagio
1295 1280 1353 1330 per-

223 1342 306 1403 atque
335 1335 468 1388 similibus
498 1337 606 1386 omnino
634 1335 763 1402 cognosci
813 1337 905 1387 venire
927 1305 1029 1420 podest.
1066 1335 1137 1398 Quin
1159 1350 1252 1400 preces
1277 1349 1352 1398 repe-

222 1421 303 1472 posse
320 1407 375 1455 vim
394 1411 477 1470 atque
494 1407 641 1487 puritatem
665 1406 763 1456 doctri·
813 1407 943 1457 fiuntur*
936 1422 964 1456 ιιι
981 1405 1066 1456 sacris
1080 1407 1224 1455 Persarum
1236 1403 1332 1456 libris·
1326 1419 1353 1453 ιιι

222 1491 274 1528 nee
292 1476 489 1526 Zoroastricae.
526 1476 579 1526 Pro
602 1467 763 1553 ἀναγκαίην
814 1481 963 1541 conspectu
980 1474 1083 1540 leprosi
1100 1474 1245 1524 faciundae
1268 1478 1353 1524 recte·

222 1545 331 1595 minime
357 1559 423 1609 opus
453 1545 572 1594 scribere
595 1535 761 1609 ἄναχκαιον,
815 1545 940 1612 quamde
957 1545 1160 1596 staturtRhode
1176 1543 1239 1610 (Die
1253 1541 1354 1608 heiliga

224 1615 335 1665 utbene
349 1614 512 1664 monstravit
528 1612 691 1679 Wesseling.
719 1613 762 1664 Ol.
815 1615 925 1681 Saged.
938 1616 1015 1666 Pers.
1028 1631 1054 1680 p.
1068 1612 1210 1678 503seq.),
1223 1628 1265 1674 ea,
1284 1628 1378 1678 quse,

166 1733 175 1750 ‚
221 1684 323 1735 Herod.
343 1684 387 1744 11,
410 1684 468 1735 182.
490 1684 539 1764 IV,
561 1683 618 1735 180.
815 1685 971 1736 Herodotus
987 1684 1094 1746 tradat,
1114 1699 1174 1734 eum
1192 1681 1269 1733 libris
1288 1684 1354 1732 Zen-

259 1742 291 1812 ὃς
308 1768 345 1803 αν
364 1720 396 1802 di
418 1750 476 1802 reis
498 1745 592 1802 ἀστῶν
616 1739 765 1817 λέπρηνῆ
815 1755 884 1804 dicis
906 1771 1015 1838 prorsus
1042 1753 1201 1816 convenire,
1233 1752 1354 1817 exceptis

222 1814 327 1888 λεύκην
346 1817 395 1890 ἔχῃ
418 1839 444 1872 ιι.
463 1838 487 1872 τ
507 1821 542 1889 λ]
578 1824 617 1873 Et
638 1822 712 1887 lepra
737 1827 764 1871 et
815 1825 961 1886 unieeiis‚
986 1823 1107 1890 quaeda
1127 1821 1258 1873 columbis
1280 1821 1355 1872 addi·

225 1893 303 1946 leuce
320 1893 355 1943 ad
373 1909 455 1944 unum
475 1892 600 1957 idemque
617 1892 702 1942 morbi
720 1907 765 1958 ge·
815 1895 894 1945 derit.
920 1895 1029 1944 Nostris
1042 1892 1208 1958 temporibus
1222 1891 1295 1942 haud
1308 1891 1356 1941 cli·

222 1979 273 2014 nus
292 1964 428 2028 pertinere
445 1963 567 2024 videtur,
592 1961 665 2027 quod
682 1962 764 2028 vulgo
817 1969 857 2014 ter
876 1969 1017 2029 separatos
1036 1963 1158 2028 adeoque
1171 1961 1290 2012 inclusos
1308 1977 1355 2026 per

223 2033 357 2084 communi
380 2032 472 2097 leprae
495 1999 677 2097 appellatione
696 2032 765 2082 indi·
815 2031 1355 2084 orienteminvenirihomineshocmorbo

223 2107 310 2154 eatur.
347 2103 436 2152 Huius
461 2102 531 2151 enirn
556 2103 661 2184 species
685 2116 765 2180 quae·
816 2108 968 2168 correptos,
995 2107 1103 2168 praeter
1131 2101 1199 2152 alios
1228 2102 1356 2152 observat

224 2173 286 2222 dem
305 2186 365 2221 esse
383 2170 489 2220 videtur
507 2175 617 2221 leucas.
637 2157 764 2236 ἡλειῖιιη,
815 2173 972 2224 Niebuhr.
965 2172 1086 2222 rnArab.
1099 2172 1235 2236 Descript.
1255 2187 1281 2236 p
1297 2171 1355 2222 120.

224 2256 304 2323 quam
323 2241 394 2290 cutis
414 2229 565 2304 ἔξιτ’νθημα
583 2238 613 2304 (i.
630 2257 653 2292 e.
672 2246 765 2306 pastu·
817 2243 895 2306 Quod
922 2242 979 2294 Seli
1003 2245 1050 2292 ant
1073 2241 1224 2306 peccatis
1216 2257 1244 2291 ιιι
1267 2241 1356 2292 Solem

223 2311 295 2362 las'
288 2327 317 2360 ιιι
336 2315 416 2372 ’,οιιιε
446 2309 620 2376 vitiliginem)
644 2309 766 2360 declaret
816 2313 966 2363 commissis
990 2312 1111 2362 morbum
1139 2311 1285 2375 adscripsit
1312 2327 1357 2360 ve·

223 2379 394 2440 Aristoteles,
408 2379 589 2444 appellatione
600 2379 661 2430 inde
673 2381 763 2442 dueta,
816 2391 903 2432 terum
914 2381 1083 2448 quorundam
1092 2381 1259 2446 superstitio,
1274 2380 1356 2430 Grac·

128 2483 130 2488 -
224 2449 310 2514 qnod,
331 2449 377 2514 qui
396 2449 447 2499 hoc
465 2449 558 2500 morbo
576 2448 710 2510 laborant,
730 2450 764 2500 iis
817 2467 907 2502 corum
930 2451 982 2502 hoe
1004 2465 1053 2500 nes
1080 2450 1220 2509 admonet,
1248 2449 1294 2512 qui
1318 2448 1353 2497 ab

224 2519 317 2583 capilli
335 2517 492 2580 albescant,
510 2519 584 2568 Hist.
602 2519 691 2570 Anim.
711 2519 764 2581 111,
816 2520 941 2586 Apolline
962 2519 992 2584 (i.
1010 2537 1035 2576 e.
1053 2520 1126 2572 Solis
1145 2517 1263 2582 numine)
1282 2519 1354 2568 irato

227 2589 268 2638 ll.
288 2605 315 2653 p.
330 2587 425 2640 8050.
462 2588 517 2638 Ubi
533 2587 706 2638 orientalium
719 2588 766 2638 ho·
816 2589 971 2642 istiusmodi
997 2589 1106 2640 morbos
1132 2588 1241 2638 immitti
1265 2588 1356 2637 existi

224 2659 325 2708 minum
343 2657 414 2707 ratio
431 2655 557 2707 habenda
577 2662 632 2720 cst,
652 2673 765 2722 quorum
816 2661 936 2711 mebant.
957 2660 1068 2724 Insigne
1080 2658 1194 2724 praebet
1207 2657 1354 2722 exemplum

225 2727 317 2792 capilli
328 2727 484 2808 plerumque
496 2731 559 2778 sunt
570 2727 651 2792 nigri.
676 2728 765 2793 Atque
815 2730 967 2791 Aeschinis,
981 2744 1051 2794 quae
1062 2728 1227 2793 perhibetur,
1240 2725 1356 2792 epistole

225 2797 333 2847 omnine
356 2789 478 2861 ἡλεύιιη
500 2797 612 2848 Graecis
630 2795 675 2846 ille
699 2797 765 2847 diei·
816 2801 912 2866 prima.
948 2797 1042 2849 Delios
1066 2797 1161 2847 scribit
1183 2796 1230 2847 ille
1247 2801 1356 2862 propter

224 2871 268 2916 tur
286 2866 410 2930 morbus,
429 2867 458 2916 in
473 2882 526 2931 quo
545 2867 615 2916 cutis
632 2867 765 2932 quaedam
816 2868 977 2934 Apollinis
970 2883 1038 2918 arem
1054 2867 1167 2946 allectos
1186 2881 1245 2917 esse
1262 2865 1355 2916 morbo

224 2936 255 2986 lit
278 2937 393 2986 mutatio
418 2936 454 2986 ad
478 2934 609 3000 albidius,
638 2951 707 3001 quae
732 2953 764 2988 ex
816 2939 968 3005 pestilenti,
987 2938 1016 2987 in
1034 2951 1123 3004 qno„
1125 2929 1159 2985 cd
1177 2929 1228 3002 pls
1246 2927 1356 3016 πρόσω-

223 3007 333 3057 viscosa
363 3005 555 3072 glutinesaque
578 2975 679 3070 pituita
702 3023 765 3057 con-
816 3024 858 3059 πα
875 2975 1049 3071 ἐπίμπλαντο
1063 2973 1164 3069 lsriiqe
1175 2997 1265 3056 ιιαλ
1236 3019 1286 3061 τας
1298 3001 1355 3068 τρί-

223 3075 341 3126 trahitur
355 3081 382 3126 et
393 3075 572 3140 plerumque
564 3091 593 3124 m
609 3076 765 3127 interiorem
816 3093 868 3144 χαι
885 3072 981 3156 λιομολ
998 3066 1147 3156 ίχίνοντο,ι
1141 3075 1159 3102 “

225 3145 345 3209 eorporis
359 3149 464 3210 partem
481 3161 535 3196 non
554 3150 686 3209 penetrat.
714 3146 766 3196 Le·
850 3139 940 3197 καί
911 3162 961 3204 τας
973 3138 1073 3202 lentie
1085 3135 1261 3208 περιστερὰς]
1280 3143 1356 3193 Haec

224 3229 289 3279 prae
307 3213 422 3264 hebetur
439 3230 524 3278 genus
543 3221 645 3264 etcum
660 3215 766 3280 eaipsa
817 3217 898 3282 vulgo
923 3217 956 3266 de
973 3215 1039 3266 albis
1056 3214 1213 3279 intelligunt
1230 3212 1355 3274 enimvobis,

224 3283 298 3333 haud
326 3298 388 3334 rere
418 3283 594 3334 confunditur
622 3297 671 3334 nec
696 3285 764 3334 satis
816 3301 884 3352 quas
905 3289 1015 3352 propter
1038 3283 1094 3335 albi
1116 3283 1214 3334 coloris
1233 3281 1356 3331 similitu-

225 3357 353 3404 accurate
383 3352 417 3402 ab
445 3369 478 3402 ea
506 3353 677 3404 discernitur.
720 3355 763 3406 Cr.
816 3355 906 3406 dinem
925 3371 985 3405 cum
1003 3353 1140 3419 vitiligine
1158 3351 1354 3412 laborantibus,

225 3408 330 3474 consuli
352 3423 428 3472 iubet
445 3422 571 3474 Hensler.
597 3422 695 3474 Gesch.
717 3423 764 3474 des
817 3441 929 3492 querum
948 3424 1051 3489 pallida
1074 3423 1159 3473 facies
1182 3425 1262 3485 atquc
1283 3420 1356 3469 albe-

225 3491 385 3544 abendliind.
401 3493 549 3543 Aussataes
564 3492 700 3557 (lump.
716 3492 763 3544 191
817 3511 909 3558 scens,
933 3494 1070 3544 eiecerint.
1106 3491 1202 3542 Album
1224 3491 1293 3540 enim
1312 3505 1357 3540 eo-

225 3569 252 3614 et
269 3562 409 3628 Sprengel.
428 3563 456 3612 in
469 3561 585 3628 Apolog.
603 3562 763 3626 Hippocret.
815 3564 899 3615 loram
917 3565 1009 3614 Persis
1028 3563 1145 3612 invisum
1165 3560 1303 3610 dictitant.
1322 3586 1356 3594 -

225 3634 248 3684 1.
267 3648 294 3697 p.
308 3633 359 3684 259
378 3647 454 3698 seqq.
491 3631 553 3682 Alia
571 3632 628 3695 ipse
647 3630 711 3681 olim
725 3636 765 3681 at·
816 3633 871 3685 Sed
894 3633 1011 3683 omnium
1035 3630 1238 3682 sanctissimum
1264 3628 1356 3678 Persis

224 3701 275 3752 tuli
309 3703 344 3752 ad
373 3701 483 3752 Ctesias
510 3702 632 3766 lregmm.
663 3716 689 3765 p.
715 3701 763 3752 181
817 3703 911 3754 baberi
928 3702 1000 3753 hunc
1016 3701 1145 3761 colorem,
1165 3700 1210 3764 qui
1230 3699 1357 3748 innoeen-

225 3771 355 3836 (Persiee.
382 3775 407 3834 5.
427 3770 482 3836 tr).
518 3770 558 3820 Ac
581 3770 649 3819 eatis
672 3775 765 3820 notum
816 3774 886 3834 tiae,
909 3771 1076 3836 integritatis
1102 3770 1224 3834 adeoque
1246 3767 1356 3833 pietatis

225 3844 280 3902 est,
307 3857 361 3891 non
385 3839 471 3890 solnm
496 3840 650 3900 Hebraeos,
674 3855 765 3890 verum
817 3842 946 3892 indicium
970 3841 1021 3903 sit,
1046 3841 1146 3904 optime
1164 3843 1357 3888 commonstra-

226 3923 317 3960 emnes
341 3909 422 3958 etiam
446 3908 563 3974 reliques
588 3909 700 3960 orientis
718 3925 765 3974 po·
816 3911 1005 3962 vitHammer.
1017 3911 1046 3959 in
1054 3911 1164 3959 Wiener
1176 3907 1290 3958 Jahrbb.
1305 3907 1355 3956 IX.

224 3976 303 4042 pulos
320 3977 424 4042 lepram
442 3977 522 4028 valde
540 3983 681 4028 aversatos
694 3993 763 4028 esse.
815 3997 842 4045 p.
862 3981 903 4031 17.
926 3978 968 4030 18.
1010 3978 1090 4030 Unde
1113 3991 1280 4043 consequens
1304 3980 1356 4038 est,

225 4047 324 4097 Persas
347 4045 463 4111 legimus
482 4048 600 4096 maxima
622 4061 687 4096 cura
711 4047 765 4098 eri·
815 4049 923 4100 hicnon
937 4048 971 4099 de
985 4049 1049 4100 albis
1061 4047 1193 4098 columbis
1208 4061 1357 4096 sermenem

225 4119 301 4166 tasse
318 4115 454 4180 leprosos,
479 4116 621 4182 ipsumque
644 4117 765 4167 morbum
815 4119 936 4182 institui,
955 4118 1003 4168 scd
1020 4118 1054 4168 de
1069 4117 1186 4168 columbis
1204 4123 1228 4166 et
1244 4116 1309 4178 ipsis
1322 4117 1358 4164 te-

226 4185 261 4236 ab
284 4185 445 4245 Abrimano,
476 4185 521 4249 qui
544 4185 630 4235 melus
654 4189 696 4235 est
721 4201 766 4251 ge·
815 4191 908 4252 μνοεα,
928 4203 995 4252 quas
1013 4187 1116 4252 pariter
1135 4191 1218 4250 atque
1235 4184 1358 4235 hemines

225 4255 303 4316 nius,
320 4253 407 4318 indigi
426 4257 551 4317 putasse,
574 4259 606 4304 ut
626 4253 673 4305 illo
691 4254 766 4305 labo·
815 4257 936 4322 leproses
950 4272 1006 4306 ase
1017 4261 1134 4306 remotae
1149 4253 1285 4304 voluerint
1296 4255 1359 4304 Per·

226 4329 318 4377 rantes
337 4323 371 4375 ab
383 4322 455 4374 omni
471 4323 609 4375 hominnm
627 4325 765 4376 consortie
816 4341 872 4377 sae.
909 4324 1131 4378 Plurallammer
1148 4323 1167 4375 l.
1186 4323 1205 4377 l.
1224 4323 1320 4376 Rhode
1337 4323 1357 4375 1.
1375 4391 1381 4402 .

351 4586 402 4598 A
