<?xml version="1.0" encoding="UTF-8"?>
<!DOCTYPE html PUBLIC "-//W3C//DTD XHTML 1.0 Transitional//EN"
    "http://www.w3.org/TR/xhtml1/DTD/xhtml1-transitional.dtd">
<html xmlns="http://www.w3.org/1999/xhtml" xml:lang="en" lang="en">
 <head>
  <title>
</title>
<meta http-equiv="Content-Type" content="text/html;charset=utf-8" />
  <meta name='ocr-system' content='tesseract 3.04.00' />
  <meta name='ocr-capabilities' content='ocr_page ocr_carea ocr_par ocr_line ocrx_word'/>
</head>
<body>
  <div class='ocr_page' id='page_1' title='image "./herodotihalicar00bhgoog_0536.png"; bbox 0 0 3088 4922; ppageno 0'>
   <div class='ocr_carea' id='block_1_1' title="bbox 570 238 1435 347">
    <p class='ocr_par' dir='ltr' id='par_1_1' title="bbox 570 238 1435 347">
     <span class='ocr_line' id='line_1_1' title="bbox 570 238 1435 347; baseline -0.001 -8"><span class='ocrx_word' id='word_1_1' title='bbox 570 280 818 343; x_wconf 72' lang='lat' dir='ltr'><strong>eumenen.</strong></span> <span class='ocrx_word' id='word_1_2' title='bbox 842 283 885 344; x_wconf 91' lang='lat'><strong>11.</strong></span> <span class='ocrx_word' id='word_1_3' title='bbox 906 289 951 347; x_wconf 81' lang='lat' dir='ltr'><strong>er.</strong></span> <span class='ocrx_word' id='word_1_4' title='bbox 1268 275 1329 340; x_wconf 76' lang='grc' dir='ltr'><strong>ιω</strong></span> <span class='ocrx_word' id='word_1_5' title='bbox 1431 238 1435 245; x_wconf 70' lang='grc'><strong>’</strong></span> 
     </span>
    </p>
   </div>
   <div class='ocr_carea' id='block_1_2' title="bbox 192 450 1375 861">
    <p class='ocr_par' dir='ltr' id='par_1_2' title="bbox 192 450 1375 861">
     <span class='ocr_line' id='line_1_2' title="bbox 266 450 1375 548; baseline -0.002 -24"><span class='ocrx_word' id='word_1_6' title='bbox 266 455 447 542; x_wconf 77' lang='grc' dir='ltr'><strong><em>Θεοσεβέες</em></strong></span> <span class='ocrx_word' id='word_1_7' title='bbox 466 452 505 522; x_wconf 75' lang='grc' dir='ltr'><strong>δέ</strong></span> <span class='ocrx_word' id='word_1_8' title='bbox 528 458 694 543; x_wconf 73' lang='grc' dir='ltr'><strong><em>περισσῶς</em></strong></span> <span class='ocrx_word' id='word_1_9' title='bbox 719 453 830 538; x_wconf 77' lang='grc' dir='ltr'><strong><em>ἐόντες</em></strong></span> <span class='ocrx_word' id='word_1_10' title='bbox 857 457 1000 548; x_wconf 79' lang='grc' dir='ltr'><strong><em>μάλιστα</em></strong></span> <span class='ocrx_word' id='word_1_11' title='bbox 1031 455 1167 528; x_wconf 83' lang='grc' dir='ltr'><strong><em>πάντων</em></strong></span> <span class='ocrx_word' id='word_1_12' title='bbox 1188 450 1323 544; x_wconf 77' lang='grc' dir='ltr'><strong><em>ἇνθριέ-</em></strong></span> <span class='ocrx_word' id='word_1_13' title='bbox 1335 462 1375 523; x_wconf 85' lang='grc'><strong>37</strong></span> 
     </span>
     <span class='ocr_line' id='line_1_3' title="bbox 192 555 1330 650; baseline 0.001 -24"><span class='ocrx_word' id='word_1_14' title='bbox 192 583 266 627; x_wconf 89' lang='grc' dir='ltr'><strong>πων</strong></span> <span class='ocrx_word' id='word_1_15' title='bbox 299 555 432 645; x_wconf 83' lang='grc' dir='ltr'>νόμοισι</span> <span class='ocrx_word' id='word_1_16' title='bbox 467 563 627 628; x_wconf 80' lang='grc' dir='ltr'><strong><em>τοιοισίὸε</em></strong></span> <span class='ocrx_word' id='word_1_17' title='bbox 661 561 831 647; x_wconf 80' lang='grc' dir='ltr'><strong><em>χρέωνται.</em></strong></span> <span class='ocrx_word' id='word_1_18' title='bbox 888 560 941 632; x_wconf 82' lang='grc' dir='ltr'><strong>Ἐκ</strong></span> <span class='ocrx_word' id='word_1_19' title='bbox 973 564 1125 650; x_wconf 78' lang='grc' dir='ltr'><strong><em>χαλκέων</em></strong></span> <span class='ocrx_word' id='word_1_20' title='bbox 1160 564 1330 648; x_wconf 79' lang='grc' dir='ltr'><strong><em>ποτηρίων</em></strong></span> 
     </span>
     <span class='ocr_line' id='line_1_4' title="bbox 192 658 1326 758; baseline 0 -28"><span class='ocrx_word' id='word_1_21' title='bbox 192 667 346 746; x_wconf 85' lang='grc' dir='ltr'><strong><em>πίνουσι,</em></strong></span> <span class='ocrx_word' id='word_1_22' title='bbox 381 667 588 750; x_wconf 75' lang='grc' dir='ltr'><strong><em>διασμῶντες</em></strong></span> <span class='ocrx_word' id='word_1_23' title='bbox 617 658 681 731; x_wconf 78' lang='grc' dir='ltr'><strong>ἀνὰ</strong></span> <span class='ocrx_word' id='word_1_24' title='bbox 709 669 820 734; x_wconf 84' lang='grc' dir='ltr'><strong><em>πᾶσαν</em></strong></span> <span class='ocrx_word' id='word_1_25' title='bbox 848 661 991 758; x_wconf 79' lang='grc' dir='ltr'><strong><em>ἡμέρην,</em></strong></span> <span class='ocrx_word' id='word_1_26' title='bbox 1018 661 1119 736; x_wconf 76' lang='lat' dir='ltr'><strong>odai&gt;</strong></span> <span class='ocrx_word' id='word_1_27' title='bbox 1146 664 1224 754; x_wconf 76' lang='lat' dir='ltr'><strong>ple,</strong></span> <span class='ocrx_word' id='word_1_28' title='bbox 1252 658 1326 732; x_wconf 79' lang='grc' dir='ltr'><strong>ὁδ’</strong></span> 
     </span>
     <span class='ocr_line' id='line_1_5' title="bbox 193 759 1328 861; baseline 0.002 -27"><span class='ocrx_word' id='word_1_29' title='bbox 193 759 252 850; x_wconf 79' lang='grc' dir='ltr'><strong>οὗ,</strong></span> <span class='ocrx_word' id='word_1_30' title='bbox 279 761 363 834; x_wconf 76' lang='grc' dir='ltr'><strong><em>ἀλλὰ</em></strong></span> <span class='ocrx_word' id='word_1_31' title='bbox 387 764 519 846; x_wconf 80' lang='grc' dir='ltr'><strong><em>πάντες.</em></strong></span> <span class='ocrx_word' id='word_1_32' title='bbox 564 769 681 854; x_wconf 77' lang='grc' dir='ltr'><strong><em>εἵματα</em></strong></span> <span class='ocrx_word' id='word_1_33' title='bbox 704 766 741 835; x_wconf 80' lang='lat' dir='ltr'><strong>dl</strong></span> <span class='ocrx_word' id='word_1_34' title='bbox 754 761 857 838; x_wconf 74' lang='grc' dir='ltr'><strong><em>’λίνεα</em></strong></span> <span class='ocrx_word' id='word_1_35' title='bbox 878 773 1040 861; x_wconf 79' lang='grc' dir='ltr'><strong><em>φορέουσι</em></strong></span> <span class='ocrx_word' id='word_1_36' title='bbox 1061 771 1127 840; x_wconf 83' lang='grc' dir='ltr'><strong><em>αἰεὶ</em></strong></span> <span class='ocrx_word' id='word_1_37' title='bbox 1149 768 1328 852; x_wconf 80' lang='grc' dir='ltr'><strong><em>νεόπλυτα,</em></strong></span> 
     </span>
    </p>
   </div>
   <div class='ocr_carea' id='block_1_3' title="bbox 190 931 1332 1494">
    <p class='ocr_par' dir='ltr' id='par_1_3' title="bbox 190 931 1332 1494">
     <span class='ocr_line' id='line_1_6' title="bbox 190 931 1330 1004; baseline -0.007 -12"><span class='ocrx_word' id='word_1_38' title='bbox 190 932 345 998; x_wconf 56' lang='lat' dir='ltr'><strong>oleumcum,</strong></span> <span class='ocrx_word' id='word_1_39' title='bbox 362 934 485 984; x_wconf 65' lang='lat' dir='ltr'><strong>mittam</strong></span> <span class='ocrx_word' id='word_1_40' title='bbox 505 931 738 998; x_wconf 61' lang='lat' dir='ltr'><strong>(letirefleourtlb</strong></span> <span class='ocrx_word' id='word_1_41' title='bbox 788 953 886 1004; x_wconf 76' lang='lat' dir='ltr'><strong>genere</strong></span> <span class='ocrx_word' id='word_1_42' title='bbox 903 937 1024 988; x_wconf 86' lang='lat' dir='ltr'><strong>locutum</strong></span> <span class='ocrx_word' id='word_1_43' title='bbox 1042 953 1102 988; x_wconf 86' lang='lat' dir='ltr'><strong>esse</strong></span> <span class='ocrx_word' id='word_1_44' title='bbox 1121 937 1193 1000; x_wconf 84' lang='lat' dir='ltr'><strong>vult,</strong></span> <span class='ocrx_word' id='word_1_45' title='bbox 1212 935 1330 987; x_wconf 75' lang='lat' dir='ltr'><strong>exclusis</strong></span> 
     </span>
     <span class='ocr_line' id='line_1_7' title="bbox 193 1002 1330 1073; baseline 0.001 -18"><span class='ocrx_word' id='word_1_46' title='bbox 193 1005 247 1069; x_wconf 78' lang='lat' dir='ltr'><strong>ies)</strong></span> <span class='ocrx_word' id='word_1_47' title='bbox 264 1003 389 1053; x_wconf 69' lang='lat' dir='ltr'><strong>alteram·</strong></span> <span class='ocrx_word' id='word_1_48' title='bbox 426 1003 585 1069; x_wconf 73' lang='lat' dir='ltr'><strong>Idempsg.</strong></span> <span class='ocrx_word' id='word_1_49' title='bbox 605 1002 737 1054; x_wconf 78' lang='lat' dir='ltr'><strong>359hi11⁰</strong></span> <span class='ocrx_word' id='word_1_50' title='bbox 788 1009 861 1058; x_wconf 85' lang='lat' dir='ltr'><strong>notis</strong></span> <span class='ocrx_word' id='word_1_51' title='bbox 878 1007 1102 1073; x_wconf 79' lang='lat' dir='ltr'><strong>hieroglyphicis,</strong></span> <span class='ocrx_word' id='word_1_52' title='bbox 1124 1005 1330 1072; x_wconf 84' lang='lat' dir='ltr'><strong>qussipsusin·</strong></span> 
     </span>
     <span class='ocr_line' id='line_1_8' title="bbox 193 1069 1331 1141; baseline 0 -19"><span class='ocrx_word' id='word_1_53' title='bbox 193 1073 235 1122; x_wconf 85' lang='lat' dir='ltr'><strong>ita</strong></span> <span class='ocrx_word' id='word_1_54' title='bbox 247 1073 419 1138; x_wconf 73' lang='lat' dir='ltr'><strong>pronuntiat:</strong></span> <span class='ocrx_word' id='word_1_55' title='bbox 443 1072 487 1136; x_wconf 93' lang='lat' dir='ltr'><strong>„ll</strong></span> <span class='ocrx_word' id='word_1_56' title='bbox 505 1078 548 1124; x_wconf 82' lang='lat' dir='ltr'><strong>est</strong></span> <span class='ocrx_word' id='word_1_57' title='bbox 566 1074 637 1124; x_wconf 90' lang='lat' dir='ltr'><strong>donc</strong></span> <span class='ocrx_word' id='word_1_58' title='bbox 655 1087 736 1138; x_wconf 77' lang='lat' dir='ltr'><strong>gran·</strong></span> <span class='ocrx_word' id='word_1_59' title='bbox 787 1078 830 1127; x_wconf 83' lang='lat' dir='ltr'><strong>irs</strong></span> <span class='ocrx_word' id='word_1_60' title='bbox 848 1077 885 1141; x_wconf 91' lang='lat' dir='ltr'><strong>II,</strong></span> <span class='ocrx_word' id='word_1_61' title='bbox 907 1077 958 1128; x_wconf 82' lang='lat' dir='ltr'><strong>tou</strong></span> <span class='ocrx_word' id='word_1_62' title='bbox 980 1078 1091 1127; x_wconf 79' lang='lat' dir='ltr'><strong>vocavit</strong></span> <span class='ocrx_word' id='word_1_63' title='bbox 1114 1069 1162 1140; x_wconf 86' lang='grc' dir='ltr'><strong>1ρά</strong></span> <span class='ocrx_word' id='word_1_64' title='bbox 1184 1069 1331 1141; x_wconf 73' lang='grc' dir='ltr'><strong><em>γράμματα</em></strong></span> 
     </span>
     <span class='ocr_line' id='line_1_9' title="bbox 193 1139 1330 1212; baseline -0.007 -20"><span class='ocrx_word' id='word_1_65' title='bbox 193 1142 301 1194; x_wconf 90' lang='lat' dir='ltr'><strong>dement</strong></span> <span class='ocrx_word' id='word_1_66' title='bbox 321 1142 464 1208; x_wconf 83' lang='lat' dir='ltr'><strong>probabis,</strong></span> <span class='ocrx_word' id='word_1_67' title='bbox 490 1158 541 1208; x_wconf 89' lang='lat' dir='ltr'><strong>que</strong></span> <span class='ocrx_word' id='word_1_68' title='bbox 566 1143 595 1193; x_wconf 85' lang='lat' dir='ltr'><strong>la</strong></span> <span class='ocrx_word' id='word_1_69' title='bbox 613 1143 736 1194; x_wconf 88' lang='lat' dir='ltr'><strong>cennois-</strong></span> <span class='ocrx_word' id='word_1_70' title='bbox 787 1139 937 1212; x_wconf 74' lang='grc' dir='ltr'><strong><em>Αἰγύπτια.</em></strong></span> <span class='ocrx_word' id='word_1_71' title='bbox 973 1145 1145 1197; x_wconf 80' lang='lat' dir='ltr'><strong>Willrineono</strong></span> <span class='ocrx_word' id='word_1_72' title='bbox 1180 1143 1330 1210; x_wconf 70' lang='lat' dir='ltr'><strong>adstipula.</strong></span> 
     </span>
     <span class='ocr_line' id='line_1_10' title="bbox 196 1210 1331 1282; baseline 0.001 -20"><span class='ocrx_word' id='word_1_73' title='bbox 196 1227 278 1264; x_wconf 82' lang='lat' dir='ltr'><strong>sance</strong></span> <span class='ocrx_word' id='word_1_74' title='bbox 291 1213 328 1264; x_wconf 92' lang='lat' dir='ltr'><strong>du</strong></span> <span class='ocrx_word' id='word_1_75' title='bbox 340 1212 459 1279; x_wconf 81' lang='lat' dir='ltr'><strong>lsngsge</strong></span> <span class='ocrx_word' id='word_1_76' title='bbox 471 1211 664 1278; x_wconf 75' lang='lat' dir='ltr'><strong>alphabetique</strong></span> <span class='ocrx_word' id='word_1_77' title='bbox 675 1210 736 1262; x_wconf 74' lang='lat' dir='ltr'><strong>vul-</strong></span> <span class='ocrx_word' id='word_1_78' title='bbox 786 1222 831 1268; x_wconf 84' lang='lat' dir='ltr'><strong>tur</strong></span> <span class='ocrx_word' id='word_1_79' title='bbox 853 1215 978 1267; x_wconf 89' lang='lat' dir='ltr'><strong>Wheeler</strong></span> <span class='ocrx_word' id='word_1_80' title='bbox 1002 1215 1166 1282; x_wconf 75' lang='lat' dir='ltr'><strong>Geogrephp</strong></span> <span class='ocrx_word' id='word_1_81' title='bbox 1194 1215 1225 1265; x_wconf 89' lang='lat' dir='ltr'><strong>oi</strong></span> <span class='ocrx_word' id='word_1_82' title='bbox 1245 1215 1331 1264; x_wconf 89' lang='lat' dir='ltr'><strong>Hero-</strong></span> 
     </span>
     <span class='ocr_line' id='line_1_11' title="bbox 194 1281 1332 1353; baseline 0.001 -21"><span class='ocrx_word' id='word_1_83' title='bbox 194 1283 270 1348; x_wconf 79' lang='lat' dir='ltr'><strong>gsire</strong></span> <span class='ocrx_word' id='word_1_84' title='bbox 288 1282 419 1334; x_wconf 88' lang='lat' dir='ltr'><strong>condnirs</strong></span> <span class='ocrx_word' id='word_1_85' title='bbox 435 1282 551 1349; x_wconf 78' lang='lat' dir='ltr'>quelque</span> <span class='ocrx_word' id='word_1_86' title='bbox 565 1282 630 1347; x_wconf 87' lang='lat' dir='ltr'><strong>jour</strong></span> <span class='ocrx_word' id='word_1_87' title='bbox 647 1281 736 1332; x_wconf 82' lang='lat' dir='ltr'><strong>hl&#39;in·</strong></span> <span class='ocrx_word' id='word_1_88' title='bbox 787 1288 844 1340; x_wconf 90' lang='lat' dir='ltr'><strong>dot.</strong></span> <span class='ocrx_word' id='word_1_89' title='bbox 868 1302 932 1353; x_wconf 81' lang='lat' dir='ltr'><strong>pag.</strong></span> <span class='ocrx_word' id='word_1_90' title='bbox 959 1285 1021 1338; x_wconf 85' lang='grc'><strong>499.</strong></span> <span class='ocrx_word' id='word_1_91' title='bbox 1062 1285 1192 1337; x_wconf 80' lang='lat' dir='ltr'><strong>Rectiora</strong></span> <span class='ocrx_word' id='word_1_92' title='bbox 1218 1282 1332 1350; x_wconf 86' lang='lat' dir='ltr'><strong>protulit</strong></span> 
     </span>
     <span class='ocr_line' id='line_1_12' title="bbox 193 1350 1329 1420; baseline -0.001 -18"><span class='ocrx_word' id='word_1_93' title='bbox 193 1350 373 1418; x_wconf 75' lang='lat' dir='ltr'><strong>terpretation</strong></span> <span class='ocrx_word' id='word_1_94' title='bbox 384 1352 524 1418; x_wconf 86' lang='lat' dir='ltr'><strong>partielle‚</strong></span> <span class='ocrx_word' id='word_1_95' title='bbox 542 1354 566 1404; x_wconf 88' lang='lat' dir='ltr'><strong>si</strong></span> <span class='ocrx_word' id='word_1_96' title='bbox 580 1369 636 1406; x_wconf 87' lang='lat' dir='ltr'><strong>non</strong></span> <span class='ocrx_word' id='word_1_97' title='bbox 651 1350 737 1403; x_wconf 76' lang='lat' dir='ltr'><strong>totale</strong></span> <span class='ocrx_word' id='word_1_98' title='bbox 789 1358 912 1409; x_wconf 60' lang='lat' dir='ltr'><strong>oubam:</strong></span> <span class='ocrx_word' id='word_1_99' title='bbox 928 1357 1096 1408; x_wconf 78' lang='lat' dir='ltr'><strong>Monument.</strong></span> <span class='ocrx_word' id='word_1_100' title='bbox 1111 1355 1176 1406; x_wconf 80' lang='lat' dir='ltr'><strong>hist.</strong></span> <span class='ocrx_word' id='word_1_101' title='bbox 1188 1355 1219 1404; x_wconf 89' lang='lat' dir='ltr'><strong>oi&#39;</strong></span> <span class='ocrx_word' id='word_1_102' title='bbox 1227 1355 1329 1420; x_wconf 79' lang='lat' dir='ltr'><strong>Egypt.</strong></span> 
     </span>
     <span class='ocr_line' id='line_1_13' title="bbox 194 1421 1005 1494; baseline 0.002 -22"><span class='ocrx_word' id='word_1_103' title='bbox 194 1423 227 1473; x_wconf 89' lang='lat' dir='ltr'><strong>de</strong></span> <span class='ocrx_word' id='word_1_104' title='bbox 244 1423 344 1488; x_wconf 72' lang='lat' dir='ltr'><strong>langue</strong></span> <span class='ocrx_word' id='word_1_105' title='bbox 355 1423 608 1490; x_wconf 77' lang='lat' dir='ltr'><strong>hieroglyphiqqe.“</strong></span> <span class='ocrx_word' id='word_1_106' title='bbox 639 1421 737 1474; x_wconf 80' lang='lat' dir='ltr'><strong>Crena.</strong></span> <span class='ocrx_word' id='word_1_107' title='bbox 788 1429 813 1482; x_wconf 84' lang='grc' dir='ltr'><strong>Ι.</strong></span> <span class='ocrx_word' id='word_1_108' title='bbox 832 1444 857 1494; x_wconf 88' lang='lat' dir='ltr'><strong>p.</strong></span> <span class='ocrx_word' id='word_1_109' title='bbox 877 1427 912 1480; x_wconf 79' lang='lat'><strong>23</strong></span> <span class='ocrx_word' id='word_1_110' title='bbox 929 1441 1005 1494; x_wconf 88' lang='lat' dir='ltr'><strong>seqq.</strong></span> 
     </span>
    </p>
   </div>
   <div class='ocr_carea' id='block_1_4' title="bbox 97 1493 737 1558">
    <p class='ocr_par' dir='ltr' id='par_1_4' title="bbox 97 1493 737 1558">
     <span class='ocr_line' id='line_1_14' title="bbox 97 1493 737 1558; baseline 0.005 -17"><span class='ocrx_word' id='word_1_111' title='bbox 97 1517 99 1522; x_wconf 41' lang='lat' dir='ltr'>v</span> <span class='ocrx_word' id='word_1_112' title='bbox 195 1494 237 1558; x_wconf 84' lang='lat' dir='ltr'><strong>(in</strong></span> <span class='ocrx_word' id='word_1_113' title='bbox 264 1493 426 1544; x_wconf 75' lang='lat' dir='ltr'><strong>commenti.</strong></span> <span class='ocrx_word' id='word_1_114' title='bbox 450 1493 574 1545; x_wconf 88' lang='lat' dir='ltr'><strong>Herodd.</strong></span> <span class='ocrx_word' id='word_1_115' title='bbox 599 1509 626 1558; x_wconf 92' lang='lat' dir='ltr'><strong>p.</strong></span> <span class='ocrx_word' id='word_1_116' title='bbox 649 1493 737 1544; x_wconf 80' lang='lat'><strong>375-</strong></span> 
     </span>
    </p>
   </div>
   <div class='ocr_carea' id='block_1_5' title="bbox 195 1561 739 1699">
    <p class='ocr_par' dir='ltr' id='par_1_5' title="bbox 195 1561 739 1699">
     <span class='ocr_line' id='line_1_15' title="bbox 195 1561 739 1630; baseline -0.004 -16"><span class='ocrx_word' id='word_1_117' title='bbox 195 1563 267 1629; x_wconf 76' lang='grc'><strong>318),</strong></span> <span class='ocrx_word' id='word_1_118' title='bbox 290 1563 393 1614; x_wconf 85' lang='lat' dir='ltr'><strong>sddens</strong></span> <span class='ocrx_word' id='word_1_119' title='bbox 417 1564 552 1630; x_wconf 75' lang='lat' dir='ltr'>Insignem</span> <span class='ocrx_word' id='word_1_120' title='bbox 575 1563 676 1614; x_wconf 87' lang='lat' dir='ltr'><strong>Plotini</strong></span> <span class='ocrx_word' id='word_1_121' title='bbox 699 1561 739 1612; x_wconf 92' lang='lat' dir='ltr'><strong>lo-</strong></span> 
     </span>
     <span class='ocr_line' id='line_1_16' title="bbox 195 1632 738 1699; baseline -0.004 -16"><span class='ocrx_word' id='word_1_122' title='bbox 195 1648 256 1684; x_wconf 91' lang='lat' dir='ltr'><strong>cum</strong></span> <span class='ocrx_word' id='word_1_123' title='bbox 274 1633 397 1684; x_wconf 81' lang='lat' dir='ltr'><strong>Ennesd.</strong></span> <span class='ocrx_word' id='word_1_124' title='bbox 416 1633 450 1697; x_wconf 86' lang='lat' dir='ltr'><strong>V,</strong></span> <span class='ocrx_word' id='word_1_125' title='bbox 474 1635 500 1684; x_wconf 83' lang='lat' dir='ltr'><strong>d.</strong></span> <span class='ocrx_word' id='word_1_126' title='bbox 523 1650 551 1699; x_wconf 93' lang='lat' dir='ltr'><strong>p.</strong></span> <span class='ocrx_word' id='word_1_127' title='bbox 570 1635 631 1685; x_wconf 81' lang='grc'><strong>547.</strong></span> <span class='ocrx_word' id='word_1_128' title='bbox 661 1632 738 1682; x_wconf 89' lang='lat' dir='ltr'><strong>Idem</strong></span> 
     </span>
    </p>
   </div>
   <div class='ocr_carea' id='block_1_6' title="bbox 195 1702 739 1835">
    <p class='ocr_par' dir='ltr' id='par_1_6' title="bbox 195 1702 739 1835">
     <span class='ocr_line' id='line_1_17' title="bbox 195 1702 739 1768; baseline 0.002 -16"><span class='ocrx_word' id='word_1_129' title='bbox 195 1717 266 1753; x_wconf 88' lang='lat' dir='ltr'><strong>nuuc</strong></span> <span class='ocrx_word' id='word_1_130' title='bbox 276 1708 418 1768; x_wconf 84' lang='lat' dir='ltr'><strong>prceteres</strong></span> <span class='ocrx_word' id='word_1_131' title='bbox 435 1703 552 1754; x_wconf 78' lang='lat' dir='ltr'><strong>conferri</strong></span> <span class='ocrx_word' id='word_1_132' title='bbox 564 1702 636 1754; x_wconf 85' lang='lat' dir='ltr'><strong>vult:</strong></span> <span class='ocrx_word' id='word_1_133' title='bbox 657 1702 739 1766; x_wconf 79' lang='lat' dir='ltr'><strong>„Am-</strong></span> 
     </span>
     <span class='ocr_line' id='line_1_18' title="bbox 195 1771 737 1835; baseline 0 -13"><span class='ocrx_word' id='word_1_134' title='bbox 195 1773 278 1822; x_wconf 82' lang='lat' dir='ltr'><strong>mien.</strong></span> <span class='ocrx_word' id='word_1_135' title='bbox 297 1771 420 1822; x_wconf 73' lang='lat' dir='ltr'><strong>Marcell.</strong></span> <span class='ocrx_word' id='word_1_136' title='bbox 443 1773 531 1835; x_wconf 85' lang='lat' dir='ltr'>XVII,</span> <span class='ocrx_word' id='word_1_137' title='bbox 548 1774 574 1823; x_wconf 90' lang='grc'><strong>4.</strong></span> <span class='ocrx_word' id='word_1_138' title='bbox 594 1775 620 1835; x_wconf 71' lang='lat'><strong>§-</strong></span> <span class='ocrx_word' id='word_1_139' title='bbox 641 1771 658 1822; x_wconf 88' lang='grc'>8</span> <span class='ocrx_word' id='word_1_140' title='bbox 676 1787 737 1823; x_wconf 86' lang='lat' dir='ltr'><strong>cum</strong></span> 
     </span>
    </p>
   </div>
   <div class='ocr_carea' id='block_1_7' title="bbox 945 1652 1169 1704">
    <p class='ocr_par' dir='ltr' id='par_1_7' title="bbox 945 1652 1169 1704">
     <span class='ocr_line' id='line_1_19' title="bbox 945 1652 1169 1704; baseline 0 -1"><span class='ocrx_word' id='word_1_141' title='bbox 945 1652 1011 1703; x_wconf 80' lang='lat' dir='ltr'><strong>Otr.</strong></span> <span class='ocrx_word' id='word_1_142' title='bbox 1029 1652 1169 1704; x_wconf 85' lang='lat' dir='ltr'><strong>XXXVII.</strong></span> 
     </span>
    </p>
   </div>
   <div class='ocr_carea' id='block_1_8' title="bbox 185 1762 1332 2259">
    <p class='ocr_par' dir='ltr' id='par_1_8' title="bbox 185 1762 1332 2259">
     <span class='ocr_line' id='line_1_20' title="bbox 822 1762 1330 1838; baseline -0.002 -16"><span class='ocrx_word' id='word_1_143' title='bbox 822 1762 853 1822; x_wconf 89' lang='grc' dir='ltr'><strong>έιι</strong></span> <span class='ocrx_word' id='word_1_144' title='bbox 876 1769 1001 1838; x_wconf 75' lang='grc' dir='ltr'><strong><em>χαλκέων</em></strong></span> <span class='ocrx_word' id='word_1_145' title='bbox 1027 1771 1174 1838; x_wconf 82' lang='grc' dir='ltr'><strong><em>ποτηρίων</em></strong></span> <span class='ocrx_word' id='word_1_146' title='bbox 1201 1769 1330 1837; x_wconf 85' lang='grc' dir='ltr'><strong><em>πίνουσι]</em></strong></span> 
     </span>
     <span class='ocr_line' id='line_1_21' title="bbox 196 1841 1332 1908; baseline -0.001 -16"><span class='ocrx_word' id='word_1_147' title='bbox 196 1842 392 1907; x_wconf 83' lang='lat' dir='ltr'><strong>Lindenbrogii</strong></span> <span class='ocrx_word' id='word_1_148' title='bbox 414 1847 472 1892; x_wconf 84' lang='lat' dir='ltr'><strong>not.</strong></span> <span class='ocrx_word' id='word_1_149' title='bbox 494 1859 520 1908; x_wconf 87' lang='lat' dir='ltr'><strong>p.</strong></span> <span class='ocrx_word' id='word_1_150' title='bbox 546 1843 597 1893; x_wconf 87' lang='grc'><strong>254</strong></span> <span class='ocrx_word' id='word_1_151' title='bbox 617 1856 675 1906; x_wconf 87' lang='lat' dir='ltr'><strong>seq.</strong></span> <span class='ocrx_word' id='word_1_152' title='bbox 693 1841 735 1891; x_wconf 92' lang='lat' dir='ltr'><strong>ed.</strong></span> <span class='ocrx_word' id='word_1_153' title='bbox 788 1845 830 1895; x_wconf 89' lang='lat' dir='ltr'><strong>De</strong></span> <span class='ocrx_word' id='word_1_154' title='bbox 842 1842 946 1908; x_wconf 87' lang='lat' dir='ltr'><strong>poculis</strong></span> <span class='ocrx_word' id='word_1_155' title='bbox 962 1844 1055 1895; x_wconf 87' lang='lat' dir='ltr'><strong>aeneis</strong></span> <span class='ocrx_word' id='word_1_156' title='bbox 1069 1843 1265 1908; x_wconf 76' lang='lat' dir='ltr'><strong>Aegyptiorum</strong></span> <span class='ocrx_word' id='word_1_157' title='bbox 1277 1843 1332 1892; x_wconf 82' lang='lat' dir='ltr'><strong>ism</strong></span> 
     </span>
     <span class='ocr_line' id='line_1_22' title="bbox 196 1911 1332 1993; baseline -0.001 -31"><span class='ocrx_word' id='word_1_158' title='bbox 196 1913 326 1977; x_wconf 81' lang='lat' dir='ltr'><strong>Wagner.</strong></span> <span class='ocrx_word' id='word_1_159' title='bbox 342 1917 381 1962; x_wconf 78' lang='grc' dir='ltr'><strong>ὀλ</strong></span> <span class='ocrx_word' id='word_1_160' title='bbox 402 1911 498 1993; x_wconf 57' lang='grc' dir='ltr'><strong><em>ΒοΗσγ</em></strong></span> <span class='ocrx_word' id='word_1_161' title='bbox 525 1911 737 1993; x_wconf 78' lang='lat' dir='ltr'><strong>hieroglyphice.</strong></span> <span class='ocrx_word' id='word_1_162' title='bbox 789 1918 853 1964; x_wconf 83' lang='lat' dir='ltr'><strong>ente</strong></span> <span class='ocrx_word' id='word_1_163' title='bbox 870 1913 1038 1964; x_wconf 81' lang='lat' dir='ltr'><strong>Herodotum</strong></span> <span class='ocrx_word' id='word_1_164' title='bbox 1061 1913 1191 1964; x_wconf 74' lang='lat' dir='ltr'><strong>retulerat</strong></span> <span class='ocrx_word' id='word_1_165' title='bbox 1208 1913 1332 1964; x_wconf 83' lang='lat' dir='ltr'><strong>Hellani-</strong></span> 
     </span>
     <span class='ocr_line' id='line_1_23' title="bbox 185 1979 1332 2117; baseline 0.001 -15"><span class='ocrx_word' id='word_1_166' title='bbox 185 1982 285 2102; x_wconf 64' lang='lat' dir='ltr'><strong>iiii·</strong></span> <span class='ocrx_word' id='word_1_167' title='bbox 311 1980 586 2116; x_wconf 70' lang='lat' dir='ltr'><strong>iii‘“¹.}i¹.⁸·³1¹s⁸¹l.</strong></span> <span class='ocrx_word' id='word_1_168' title='bbox 609 1979 739 2117; x_wconf 55' lang='lat' dir='ltr'><strong>(liiii</strong></span> <span class='ocrx_word' id='word_1_169' title='bbox 789 1999 857 2105; x_wconf 67' lang='lat' dir='ltr'><strong>“ili</strong></span> <span class='ocrx_word' id='word_1_170' title='bbox 872 1983 1215 2106; x_wconf 58' lang='lat' dir='ltr'><strong>tltdltuffiiel.</strong></span> <span class='ocrx_word' id='word_1_171' title='bbox 1226 1983 1277 2104; x_wconf 67' lang='lat'>⁴12⁷?</span> <span class='ocrx_word' id='word_1_172' title='bbox 1287 1984 1332 2103; x_wconf 68' lang='grc' dir='ltr'><strong>.ἳί</strong></span> 
     </span>
     <span class='ocr_line' id='line_1_24' title="bbox 196 2067 1332 2189; baseline 0.001 -18"><span class='ocrx_word' id='word_1_173' title='bbox 196 2120 261 2171; x_wconf 91' lang='lat' dir='ltr'><strong>mihi</strong></span> <span class='ocrx_word' id='word_1_174' title='bbox 284 2088 391 2186; x_wconf 77' lang='lat' dir='ltr'><strong>quidem</strong></span> <span class='ocrx_word' id='word_1_175' title='bbox 412 2088 469 2172; x_wconf 36' lang='lat' dir='ltr'><strong>vix,</strong></span> <span class='ocrx_word' id='word_1_176' title='bbox 479 2067 678 2172; x_wconf 72' lang='lat' dir='ltr'><strong>dubiumqqesse</strong></span> <span class='ocrx_word' id='word_1_177' title='bbox 701 2121 740 2170; x_wconf 86' lang='lat' dir='ltr'><strong>vi·</strong></span> <span class='ocrx_word' id='word_1_178' title='bbox 791 2070 876 2174; x_wconf 69' lang='lat' dir='ltr'><strong>tustill</strong></span> <span class='ocrx_word' id='word_1_179' title='bbox 891 2069 1026 2174; x_wconf 78' lang='lat' dir='ltr'><strong>cernimlls</strong></span> <span class='ocrx_word' id='word_1_180' title='bbox 1039 2069 1191 2189; x_wconf 49' lang='lat' dir='ltr'><strong>Aeglptios</strong></span> <span class='ocrx_word' id='word_1_181' title='bbox 1201 2070 1271 2173; x_wconf 78' lang='lat' dir='ltr'><strong>vllrii</strong></span> <span class='ocrx_word' id='word_1_182' title='bbox 1288 2139 1332 2189; x_wconf 78' lang='lat' dir='ltr'><strong>ge-</strong></span> 
     </span>
     <span class='ocr_line' id='line_1_25' title="bbox 197 2191 1332 2259; baseline 0.002 -17"><span class='ocrx_word' id='word_1_183' title='bbox 197 2191 289 2254; x_wconf 82' lang='lat' dir='ltr'><strong>detnr,</strong></span> <span class='ocrx_word' id='word_1_184' title='bbox 308 2193 373 2256; x_wconf 90' lang='lat' dir='ltr'><strong>quin</strong></span> <span class='ocrx_word' id='word_1_185' title='bbox 391 2207 424 2242; x_wconf 86' lang='lat' dir='ltr'><strong>ex</strong></span> <span class='ocrx_word' id='word_1_186' title='bbox 441 2191 528 2242; x_wconf 80' lang='lat' dir='ltr'><strong>tribus</strong></span> <span class='ocrx_word' id='word_1_187' title='bbox 541 2191 678 2242; x_wconf 85' lang='lat' dir='ltr'><strong>scribendi</strong></span> <span class='ocrx_word' id='word_1_188' title='bbox 693 2206 738 2257; x_wconf 80' lang='lat' dir='ltr'><strong>ge·</strong></span> <span class='ocrx_word' id='word_1_189' title='bbox 789 2194 861 2244; x_wconf 89' lang='lat' dir='ltr'><strong>neris</strong></span> <span class='ocrx_word' id='word_1_190' title='bbox 889 2197 917 2243; x_wconf 88' lang='lat' dir='ltr'><strong>et</strong></span> <span class='ocrx_word' id='word_1_191' title='bbox 944 2194 1046 2244; x_wconf 80' lang='lat' dir='ltr'><strong>formae</strong></span> <span class='ocrx_word' id='word_1_192' title='bbox 1073 2192 1179 2259; x_wconf 87' lang='lat' dir='ltr'><strong>poculis</strong></span> <span class='ocrx_word' id='word_1_193' title='bbox 1205 2194 1332 2258; x_wconf 71' lang='lat' dir='ltr'><strong>vasisque</strong></span> 
     </span>
    </p>
   </div>
   <div class='ocr_carea' id='block_1_9' title="bbox 196 2261 739 2394">
    <p class='ocr_par' dir='ltr' id='par_1_9' title="bbox 196 2261 739 2394">
     <span class='ocr_line' id='line_1_26' title="bbox 197 2261 739 2326; baseline 0.002 -16"><span class='ocrx_word' id='word_1_194' title='bbox 197 2261 322 2323; x_wconf 87' lang='lat' dir='ltr'><strong>neribus,</strong></span> <span class='ocrx_word' id='word_1_195' title='bbox 346 2277 416 2326; x_wconf 85' lang='lat' dir='ltr'><strong>quse</strong></span> <span class='ocrx_word' id='word_1_196' title='bbox 440 2261 518 2326; x_wconf 91' lang='lat' dir='ltr'><strong>ponit</strong></span> <span class='ocrx_word' id='word_1_197' title='bbox 537 2261 660 2312; x_wconf 78' lang='lat' dir='ltr'><strong>Clemens</strong></span> <span class='ocrx_word' id='word_1_198' title='bbox 678 2261 739 2312; x_wconf 81' lang='lat' dir='ltr'><strong>Ale·</strong></span> 
     </span>
     <span class='ocr_line' id='line_1_27' title="bbox 196 2329 739 2394; baseline 0 -13"><span class='ocrx_word' id='word_1_199' title='bbox 196 2330 344 2382; x_wconf 86' lang='lat' dir='ltr'><strong>xaudriuus</strong></span> <span class='ocrx_word' id='word_1_200' title='bbox 362 2329 380 2380; x_wconf 95' lang='lat' dir='ltr'><strong>l.</strong></span> <span class='ocrx_word' id='word_1_201' title='bbox 398 2331 590 2394; x_wconf 80' lang='lat' dir='ltr'><strong>l.,hierotr&#39;c1mr</strong></span> <span class='ocrx_word' id='word_1_202' title='bbox 612 2337 639 2382; x_wconf 87' lang='lat' dir='ltr'><strong>et</strong></span> <span class='ocrx_word' id='word_1_203' title='bbox 656 2333 739 2382; x_wconf 82' lang='lat' dir='ltr'><strong>llere-</strong></span> 
     </span>
    </p>
   </div>
   <div class='ocr_carea' id='block_1_10' title="bbox 91 2401 739 2468">
    <p class='ocr_par' dir='ltr' id='par_1_10' title="bbox 91 2401 739 2468">
     <span class='ocr_line' id='line_1_28' title="bbox 91 2401 739 2468; baseline 0.002 -18"><span class='ocrx_word' id='word_1_204' title='bbox 91 2419 93 2426; x_wconf 58' lang='lat'><strong><em>⁴</em></strong></span> <span class='ocrx_word' id='word_1_205' title='bbox 194 2401 334 2468; x_wconf 75' lang='lat' dir='ltr'><strong>plyplu&#39;cwa</strong></span> <span class='ocrx_word' id='word_1_206' title='bbox 343 2401 500 2452; x_wconf 82' lang='lat' dir='ltr'><strong>Herodotus</strong></span> <span class='ocrx_word' id='word_1_207' title='bbox 509 2417 563 2452; x_wconf 88' lang='lat' dir='ltr'><strong>una</strong></span> <span class='ocrx_word' id='word_1_208' title='bbox 573 2417 658 2468; x_wconf 89' lang='lat' dir='ltr'><strong>eaque</strong></span> <span class='ocrx_word' id='word_1_209' title='bbox 669 2416 739 2453; x_wconf 91' lang='lat' dir='ltr'><strong>com·</strong></span> 
     </span>
    </p>
   </div>
   <div class='ocr_carea' id='block_1_11' title="bbox 155 2471 743 4421">
    <p class='ocr_par' dir='ltr' id='par_1_11' title="bbox 155 2471 743 4421">
     <span class='ocr_line' id='line_1_29' title="bbox 197 2471 740 2539; baseline 0.002 -19"><span class='ocrx_word' id='word_1_210' title='bbox 197 2471 411 2522; x_wconf 83' lang='lat' dir='ltr'><strong>munisucruram</strong></span> <span class='ocrx_word' id='word_1_211' title='bbox 420 2474 549 2524; x_wconf 75' lang='lat' dir='ltr'><strong>literarium</strong></span> <span class='ocrx_word' id='word_1_212' title='bbox 557 2472 740 2539; x_wconf 84' lang='lat' dir='ltr'><strong>appellatione</strong></span> 
     </span>
     <span class='ocr_line' id='line_1_30' title="bbox 197 2540 739 2609; baseline 0.002 -18"><span class='ocrx_word' id='word_1_213' title='bbox 197 2540 405 2606; x_wconf 62' lang='lat' dir='ltr'><strong>complantatum</strong></span> <span class='ocrx_word' id='word_1_214' title='bbox 430 2542 572 2594; x_wconf 72' lang='lat' dir='ltr'><strong>demolietur</strong></span> <span class='ocrx_word' id='word_1_215' title='bbox 596 2544 669 2609; x_wconf 85' lang='lat' dir='ltr'><strong>quod</strong></span> <span class='ocrx_word' id='word_1_216' title='bbox 691 2558 739 2593; x_wconf 82' lang='lat' dir='ltr'><strong>vo-</strong></span> 
     </span>
     <span class='ocr_line' id='line_1_31' title="bbox 197 2611 738 2677; baseline -0.002 -15"><span class='ocrx_word' id='word_1_217' title='bbox 197 2615 257 2673; x_wconf 84' lang='lat' dir='ltr'><strong>cat,</strong></span> <span class='ocrx_word' id='word_1_218' title='bbox 279 2611 352 2662; x_wconf 88' lang='lat' dir='ltr'><strong>haud</strong></span> <span class='ocrx_word' id='word_1_219' title='bbox 377 2611 466 2662; x_wconf 82' lang='lat' dir='ltr'><strong>differt</strong></span> <span class='ocrx_word' id='word_1_220' title='bbox 484 2613 518 2664; x_wconf 84' lang='lat' dir='ltr'><strong>eh</strong></span> <span class='ocrx_word' id='word_1_221' title='bbox 540 2616 682 2677; x_wconf 78' lang='lat' dir='ltr'><strong>epistolica,</strong></span> <span class='ocrx_word' id='word_1_222' title='bbox 706 2616 738 2662; x_wconf 84' lang='lat' dir='ltr'><strong>nt</strong></span> 
     </span>
     <span class='ocr_line' id='line_1_32' title="bbox 196 2681 738 2749; baseline 0 -18"><span class='ocrx_word' id='word_1_223' title='bbox 196 2684 278 2731; x_wconf 81' lang='lat' dir='ltr'><strong>vocet</strong></span> <span class='ocrx_word' id='word_1_224' title='bbox 295 2681 432 2745; x_wconf 79' lang='lat' dir='ltr'><strong>Clemens,</strong></span> <span class='ocrx_word' id='word_1_225' title='bbox 458 2687 541 2749; x_wconf 81' lang='lat' dir='ltr'><strong>atque</strong></span> <span class='ocrx_word' id='word_1_226' title='bbox 563 2685 604 2734; x_wconf 84' lang='lat' dir='ltr'><strong>ita</strong></span> <span class='ocrx_word' id='word_1_227' title='bbox 626 2682 669 2734; x_wconf 82' lang='lat' dir='ltr'><strong>vel</strong></span> <span class='ocrx_word' id='word_1_228' title='bbox 687 2697 738 2732; x_wconf 90' lang='lat' dir='ltr'><strong>usn</strong></span> 
     </span>
     <span class='ocr_line' id='line_1_33' title="bbox 198 2751 738 2818; baseline 0.002 -17"><span class='ocrx_word' id='word_1_229' title='bbox 198 2766 246 2801; x_wconf 90' lang='lat' dir='ltr'><strong>suo</strong></span> <span class='ocrx_word' id='word_1_230' title='bbox 265 2751 429 2802; x_wconf 78' lang='lat' dir='ltr'><strong>discernitur</strong></span> <span class='ocrx_word' id='word_1_231' title='bbox 446 2767 463 2802; x_wconf 87' lang='lat' dir='ltr'><strong>a</strong></span> <span class='ocrx_word' id='word_1_232' title='bbox 480 2755 579 2818; x_wconf 84' lang='lat' dir='ltr'><strong>priori,</strong></span> <span class='ocrx_word' id='word_1_233' title='bbox 604 2753 676 2817; x_wconf 92' lang='lat' dir='ltr'><strong>quod</strong></span> <span class='ocrx_word' id='word_1_234' title='bbox 692 2767 738 2818; x_wconf 89' lang='lat' dir='ltr'><strong>pe-</strong></span> 
     </span>
     <span class='ocr_line' id='line_1_34' title="bbox 197 2821 738 2873; baseline 0 -3"><span class='ocrx_word' id='word_1_235' title='bbox 197 2835 245 2870; x_wconf 93' lang='lat' dir='ltr'><strong>nes</strong></span> <span class='ocrx_word' id='word_1_236' title='bbox 262 2835 330 2871; x_wconf 88' lang='lat' dir='ltr'><strong>unos</strong></span> <span class='ocrx_word' id='word_1_237' title='bbox 354 2821 512 2872; x_wconf 80' lang='lat' dir='ltr'><strong>secerdotes</strong></span> <span class='ocrx_word' id='word_1_238' title='bbox 536 2827 578 2873; x_wconf 83' lang='lat' dir='ltr'><strong>est</strong></span> <span class='ocrx_word' id='word_1_239' title='bbox 601 2827 627 2872; x_wconf 89' lang='lat' dir='ltr'><strong>et</strong></span> <span class='ocrx_word' id='word_1_240' title='bbox 651 2822 738 2872; x_wconf 92' lang='lat' dir='ltr'><strong>abiis</strong></span> 
     </span>
     <span class='ocr_line' id='line_1_35' title="bbox 198 2889 739 2943; baseline -0.002 -3"><span class='ocrx_word' id='word_1_241' title='bbox 198 2889 264 2940; x_wconf 92' lang='lat' dir='ltr'><strong>solis</strong></span> <span class='ocrx_word' id='word_1_242' title='bbox 292 2891 444 2942; x_wconf 74' lang='lat' dir='ltr'><strong>adhibetur.</strong></span> <span class='ocrx_word' id='word_1_243' title='bbox 486 2891 548 2941; x_wconf 89' lang='lat' dir='ltr'><strong>Vid.</strong></span> <span class='ocrx_word' id='word_1_244' title='bbox 576 2890 739 2943; x_wconf 81' lang='lat' dir='ltr'><strong>Uebersicht</strong></span> 
     </span>
     <span class='ocr_line' id='line_1_36' title="bbox 198 2959 740 3026; baseline 0.002 -17"><span class='ocrx_word' id='word_1_245' title='bbox 198 2959 225 3009; x_wconf 93' lang='lat' dir='ltr'><strong>d.</strong></span> <span class='ocrx_word' id='word_1_246' title='bbox 244 2959 382 3010; x_wconf 86' lang='lat' dir='ltr'><strong>Versnche</strong></span> <span class='ocrx_word' id='word_1_247' title='bbox 394 2977 418 3010; x_wconf 86' lang='grc' dir='ltr'><strong>τ.</strong></span> <span class='ocrx_word' id='word_1_248' title='bbox 432 2961 619 3026; x_wconf 77' lang='lat' dir='ltr'><strong>Entzifferung</strong></span> <span class='ocrx_word' id='word_1_249' title='bbox 635 2961 661 3012; x_wconf 93' lang='lat' dir='ltr'><strong>d.</strong></span> <span class='ocrx_word' id='word_1_250' title='bbox 674 2961 740 3010; x_wconf 87' lang='lat' dir='ltr'><strong>Hie·</strong></span> 
     </span>
     <span class='ocr_line' id='line_1_37' title="bbox 198 3027 738 3094; baseline 0.004 -16"><span class='ocrx_word' id='word_1_251' title='bbox 198 3027 322 3094; x_wconf 72' lang='lat' dir='ltr'><strong>roglyph.</strong></span> <span class='ocrx_word' id='word_1_252' title='bbox 330 3029 504 3080; x_wconf 83' lang='lat' dir='ltr'><strong>nechBrown</strong></span> <span class='ocrx_word' id='word_1_253' title='bbox 517 3029 738 3082; x_wconf 81' lang='lat' dir='ltr'><strong>vonM.Fritseh.</strong></span> 
     </span>
     <span class='ocr_line' id='line_1_38' title="bbox 198 3097 738 3164; baseline 0.004 -16"><span class='ocrx_word' id='word_1_254' title='bbox 198 3114 225 3164; x_wconf 93' lang='lat' dir='ltr'><strong>p.</strong></span> <span class='ocrx_word' id='word_1_255' title='bbox 253 3097 279 3148; x_wconf 88' lang='grc'><strong>8.</strong></span> <span class='ocrx_word' id='word_1_256' title='bbox 304 3099 345 3160; x_wconf 90' lang='grc'><strong>11,</strong></span> <span class='ocrx_word' id='word_1_257' title='bbox 370 3099 507 3150; x_wconf 85' lang='lat' dir='ltr'><strong>Letronne</strong></span> <span class='ocrx_word' id='word_1_258' title='bbox 531 3104 559 3150; x_wconf 85' lang='lat' dir='ltr'><strong>et</strong></span> <span class='ocrx_word' id='word_1_259' title='bbox 583 3099 738 3151; x_wconf 82' lang='lat' dir='ltr'><strong>Gonlianoi.</strong></span> 
     </span>
     <span class='ocr_line' id='line_1_39' title="bbox 199 3165 740 3234; baseline 0.004 -16"><span class='ocrx_word' id='word_1_260' title='bbox 199 3170 240 3218; x_wconf 90' lang='lat' dir='ltr'><strong>in:</strong></span> <span class='ocrx_word' id='word_1_261' title='bbox 259 3165 439 3234; x_wconf 79' lang='lat' dir='ltr'><strong>Archdolcgie</strong></span> <span class='ocrx_word' id='word_1_262' title='bbox 453 3169 624 3234; x_wconf 80' lang='lat' dir='ltr'><strong>Egyptienne</strong></span> <span class='ocrx_word' id='word_1_263' title='bbox 642 3185 677 3220; x_wconf 92' lang='lat' dir='ltr'><strong>ou</strong></span> <span class='ocrx_word' id='word_1_264' title='bbox 689 3170 740 3220; x_wconf 86' lang='lat' dir='ltr'><strong>Re·</strong></span> 
     </span>
     <span class='ocr_line' id='line_1_40' title="bbox 198 3237 740 3304; baseline 0.004 -16"><span class='ocrx_word' id='word_1_265' title='bbox 198 3237 327 3289; x_wconf 88' lang='lat' dir='ltr'><strong>cherchee</strong></span> <span class='ocrx_word' id='word_1_266' title='bbox 347 3243 399 3288; x_wconf 88' lang='lat' dir='ltr'><strong>etc.</strong></span> <span class='ocrx_word' id='word_1_267' title='bbox 419 3253 468 3304; x_wconf 84' lang='lat' dir='ltr'><strong>per</strong></span> <span class='ocrx_word' id='word_1_268' title='bbox 486 3238 510 3290; x_wconf 90' lang='lat' dir='ltr'><strong>I.</strong></span> <span class='ocrx_word' id='word_1_269' title='bbox 528 3239 562 3290; x_wconf 79' lang='lat' dir='ltr'><strong>A.</strong></span> <span class='ocrx_word' id='word_1_270' title='bbox 580 3239 612 3290; x_wconf 88' lang='lat' dir='ltr'><strong>de</strong></span> <span class='ocrx_word' id='word_1_271' title='bbox 631 3238 740 3290; x_wconf 84' lang='lat' dir='ltr'><strong>Goulie·</strong></span> 
     </span>
     <span class='ocr_line' id='line_1_41' title="bbox 198 3307 741 3374; baseline 0 -16"><span class='ocrx_word' id='word_1_272' title='bbox 198 3309 256 3360; x_wconf 88' lang='lat' dir='ltr'><strong>noi.</strong></span> <span class='ocrx_word' id='word_1_273' title='bbox 274 3324 301 3373; x_wconf 92' lang='lat' dir='ltr'><strong>p.</strong></span> <span class='ocrx_word' id='word_1_274' title='bbox 326 3307 439 3371; x_wconf 82' lang='lat'><strong>33-39,</strong></span> <span class='ocrx_word' id='word_1_275' title='bbox 464 3307 546 3372; x_wconf 86' lang='lat' dir='ltr'><strong>alios,</strong></span> <span class='ocrx_word' id='word_1_276' title='bbox 573 3325 686 3374; x_wconf 88' lang='lat' dir='ltr'><strong>quorum</strong></span> <span class='ocrx_word' id='word_1_277' title='bbox 709 3309 741 3359; x_wconf 91' lang='lat' dir='ltr'><strong>li·</strong></span> 
     </span>
     <span class='ocr_line' id='line_1_42' title="bbox 198 3378 739 3444; baseline 0.006 -17"><span class='ocrx_word' id='word_1_278' title='bbox 198 3378 262 3428; x_wconf 91' lang='lat' dir='ltr'><strong>bros</strong></span> <span class='ocrx_word' id='word_1_279' title='bbox 282 3379 414 3428; x_wconf 83' lang='lat' dir='ltr'><strong>excitavit</strong></span> <span class='ocrx_word' id='word_1_280' title='bbox 428 3378 576 3444; x_wconf 76' lang='lat' dir='ltr'><strong>Seyfferth:</strong></span> <span class='ocrx_word' id='word_1_281' title='bbox 594 3378 705 3430; x_wconf 89' lang='lat' dir='ltr'><strong>Iahrbb.</strong></span> <span class='ocrx_word' id='word_1_282' title='bbox 718 3379 739 3430; x_wconf 84' lang='lat' dir='ltr'><strong>f.</strong></span> 
     </span>
     <span class='ocr_line' id='line_1_43' title="bbox 199 3447 738 3514; baseline 0 -16"><span class='ocrx_word' id='word_1_283' title='bbox 199 3447 271 3499; x_wconf 87' lang='lat' dir='ltr'><strong>Phil.</strong></span> <span class='ocrx_word' id='word_1_284' title='bbox 296 3463 323 3498; x_wconf 92' lang='lat' dir='ltr'><strong>u.</strong></span> <span class='ocrx_word' id='word_1_285' title='bbox 348 3448 432 3499; x_wconf 85' lang='lat' dir='ltr'><strong>Paed.</strong></span> <span class='ocrx_word' id='word_1_286' title='bbox 457 3449 492 3499; x_wconf 84' lang='lat' dir='ltr'><strong>X.</strong></span> <span class='ocrx_word' id='word_1_287' title='bbox 510 3463 574 3513; x_wconf 80' lang='lat' dir='ltr'><strong>pag.</strong></span> <span class='ocrx_word' id='word_1_288' title='bbox 596 3450 645 3500; x_wconf 84' lang='lat'><strong>182</strong></span> <span class='ocrx_word' id='word_1_289' title='bbox 664 3457 738 3514; x_wconf 84' lang='lat' dir='ltr'><strong>seqq.</strong></span> 
     </span>
     <span class='ocr_line' id='line_1_44' title="bbox 201 3518 740 3583; baseline 0.002 -16"><span class='ocrx_word' id='word_1_290' title='bbox 201 3518 292 3579; x_wconf 75' lang='lat' dir='ltr'><strong>Quare</strong></span> <span class='ocrx_word' id='word_1_291' title='bbox 303 3533 390 3583; x_wconf 88' lang='lat' dir='ltr'><strong>neque</strong></span> <span class='ocrx_word' id='word_1_292' title='bbox 400 3518 498 3568; x_wconf 87' lang='lat' dir='ltr'><strong>Ideleri</strong></span> <span class='ocrx_word' id='word_1_293' title='bbox 507 3519 669 3568; x_wconf 75' lang='lat' dir='ltr'><strong>sententiam</strong></span> <span class='ocrx_word' id='word_1_294' title='bbox 681 3534 740 3583; x_wconf 93' lang='lat' dir='ltr'><strong>pro-</strong></span> 
     </span>
     <span class='ocr_line' id='line_1_45' title="bbox 199 3585 741 3654; baseline 0.002 -17"><span class='ocrx_word' id='word_1_295' title='bbox 199 3586 389 3652; x_wconf 87' lang='lat' dir='ltr'><strong>barepossnm‚</strong></span> <span class='ocrx_word' id='word_1_296' title='bbox 401 3589 448 3654; x_wconf 92' lang='lat' dir='ltr'><strong>qui</strong></span> <span class='ocrx_word' id='word_1_297' title='bbox 457 3585 741 3653; x_wconf 65' lang='lat' dir='ltr'><strong>hieraticamwlemen·</strong></span> 
     </span>
     <span class='ocr_line' id='line_1_46' title="bbox 199 3655 742 3722; baseline 0 -15"><span class='ocrx_word' id='word_1_298' title='bbox 199 3655 250 3720; x_wconf 85' lang='lat' dir='ltr'><strong>iis)</strong></span> <span class='ocrx_word' id='word_1_299' title='bbox 267 3657 430 3722; x_wconf 85' lang='lat' dir='ltr'><strong>scripturam</strong></span> <span class='ocrx_word' id='word_1_300' title='bbox 453 3657 497 3708; x_wconf 83' lang='lat' dir='ltr'><strong>vel</strong></span> <span class='ocrx_word' id='word_1_301' title='bbox 519 3658 643 3710; x_wconf 87' lang='lat' dir='ltr'><strong>consulto</strong></span> <span class='ocrx_word' id='word_1_302' title='bbox 662 3658 742 3708; x_wconf 88' lang='lat' dir='ltr'><strong>omis-</strong></span> 
     </span>
     <span class='ocr_line' id='line_1_47' title="bbox 200 3727 741 3793; baseline 0 -17"><span class='ocrx_word' id='word_1_303' title='bbox 200 3742 258 3777; x_wconf 86' lang='lat' dir='ltr'><strong>earn</strong></span> <span class='ocrx_word' id='word_1_304' title='bbox 282 3731 362 3791; x_wconf 86' lang='lat' dir='ltr'><strong>putat</strong></span> <span class='ocrx_word' id='word_1_305' title='bbox 385 3744 402 3778; x_wconf 87' lang='lat' dir='ltr'><strong>a</strong></span> <span class='ocrx_word' id='word_1_306' title='bbox 423 3733 501 3793; x_wconf 81' lang='lat' dir='ltr'><strong>putre</strong></span> <span class='ocrx_word' id='word_1_307' title='bbox 526 3727 670 3791; x_wconf 77' lang='lat' dir='ltr'><strong>historiae,</strong></span> <span class='ocrx_word' id='word_1_308' title='bbox 695 3727 741 3793; x_wconf 93' lang='lat' dir='ltr'><strong>qni</strong></span> 
     </span>
     <span class='ocr_line' id='line_1_48' title="bbox 155 3797 742 3864; baseline 0.002 -19"><span class='ocrx_word' id='word_1_309' title='bbox 155 3835 160 3844; x_wconf 94' lang='lat'><strong>.</strong></span> <span class='ocrx_word' id='word_1_310' title='bbox 199 3797 388 3862; x_wconf 74' lang='lat' dir='ltr'><strong>compendium</strong></span> <span class='ocrx_word' id='word_1_311' title='bbox 403 3797 661 3864; x_wconf 81' lang='lat' dir='ltr'><strong>s.techygraphiem</strong></span> <span class='ocrx_word' id='word_1_312' title='bbox 677 3798 742 3848; x_wconf 87' lang='lat' dir='ltr'><strong>scri-</strong></span> 
     </span>
     <span class='ocr_line' id='line_1_49' title="bbox 199 3867 742 3934; baseline 0.002 -18"><span class='ocrx_word' id='word_1_313' title='bbox 199 3873 295 3932; x_wconf 82' lang='lat' dir='ltr'><strong>pturae</strong></span> <span class='ocrx_word' id='word_1_314' title='bbox 312 3867 530 3934; x_wconf 76' lang='lat' dir='ltr'><strong>hieroglyphicae</strong></span> <span class='ocrx_word' id='word_1_315' title='bbox 541 3868 666 3919; x_wconf 81' lang='lat' dir='ltr'><strong>hahuerit</strong></span> <span class='ocrx_word' id='word_1_316' title='bbox 680 3883 742 3918; x_wconf 90' lang='lat' dir='ltr'><strong>ean·</strong></span> 
     </span>
     <span class='ocr_line' id='line_1_50' title="bbox 200 3935 743 4003; baseline 0.004 -17"><span class='ocrx_word' id='word_1_317' title='bbox 200 3935 269 4000; x_wconf 88' lang='lat' dir='ltr'><strong>dem,</strong></span> <span class='ocrx_word' id='word_1_318' title='bbox 289 3937 333 3988; x_wconf 85' lang='lat' dir='ltr'><strong>vel</strong></span> <span class='ocrx_word' id='word_1_319' title='bbox 350 3937 430 4002; x_wconf 84' lang='lat' dir='ltr'><strong>plene</strong></span> <span class='ocrx_word' id='word_1_320' title='bbox 453 3938 621 4003; x_wconf 79' lang='lat' dir='ltr'><strong>incognitum</strong></span> <span class='ocrx_word' id='word_1_321' title='bbox 643 3937 684 3988; x_wconf 90' lang='lat' dir='ltr'><strong>illi</strong></span> <span class='ocrx_word' id='word_1_322' title='bbox 701 3937 743 3988; x_wconf 87' lang='lat' dir='ltr'><strong>iu·</strong></span> 
     </span>
     <span class='ocr_line' id='line_1_51' title="bbox 201 4005 743 4070; baseline 0.004 -16"><span class='ocrx_word' id='word_1_323' title='bbox 201 4006 256 4057; x_wconf 89' lang='lat' dir='ltr'><strong>isse</strong></span> <span class='ocrx_word' id='word_1_324' title='bbox 275 4005 321 4070; x_wconf 84' lang='lat' dir='ltr'><strong>(cl.</strong></span> <span class='ocrx_word' id='word_1_325' title='bbox 342 4006 433 4058; x_wconf 84' lang='lat' dir='ltr'><strong>Iahrb.</strong></span> <span class='ocrx_word' id='word_1_326' title='bbox 457 4006 475 4055; x_wconf 86' lang='lat' dir='ltr'><strong>i.</strong></span> <span class='ocrx_word' id='word_1_327' title='bbox 501 4007 659 4059; x_wconf 81' lang='lat' dir='ltr'><strong>wissensch.</strong></span> <span class='ocrx_word' id='word_1_328' title='bbox 683 4008 743 4057; x_wconf 90' lang='lat' dir='ltr'><strong>Kri-</strong></span> 
     </span>
     <span class='ocr_line' id='line_1_52' title="bbox 201 4076 741 4142; baseline 0.007 -18"><span class='ocrx_word' id='word_1_329' title='bbox 201 4076 243 4126; x_wconf 84' lang='lat' dir='ltr'><strong>tik</strong></span> <span class='ocrx_word' id='word_1_330' title='bbox 261 4076 338 4129; x_wconf 86' lang='grc'><strong>1835.</strong></span> <span class='ocrx_word' id='word_1_331' title='bbox 364 4092 448 4126; x_wconf 89' lang='lat' dir='ltr'><strong>mens.</strong></span> <span class='ocrx_word' id='word_1_332' title='bbox 474 4077 556 4128; x_wconf 84' lang='lat' dir='ltr'><strong>Mart.</strong></span> <span class='ocrx_word' id='word_1_333' title='bbox 581 4093 622 4128; x_wconf 92' lang='lat' dir='ltr'><strong>nr.</strong></span> <span class='ocrx_word' id='word_1_334' title='bbox 645 4077 689 4128; x_wconf 91' lang='grc'><strong>41.</strong></span> <span class='ocrx_word' id='word_1_335' title='bbox 713 4093 741 4142; x_wconf 92' lang='lat' dir='ltr'><strong>p.</strong></span> 
     </span>
     <span class='ocr_line' id='line_1_53' title="bbox 201 4143 741 4212; baseline 0.002 -17"><span class='ocrx_word' id='word_1_336' title='bbox 201 4143 272 4212; x_wconf 84' lang='grc'>344),</span> <span class='ocrx_word' id='word_1_337' title='bbox 287 4161 373 4211; x_wconf 87' lang='lat' dir='ltr'><strong>neque</strong></span> <span class='ocrx_word' id='word_1_338' title='bbox 386 4145 587 4196; x_wconf 84' lang='lat' dir='ltr'><strong>Wilkinsonum</strong></span> <span class='ocrx_word' id='word_1_339' title='bbox 603 4146 741 4210; x_wconf 86' lang='lat' dir='ltr'><strong>(Menners</strong></span> 
     </span>
     <span class='ocr_line' id='line_1_54' title="bbox 201 4213 742 4281; baseline 0.004 -17"><span class='ocrx_word' id='word_1_340' title='bbox 201 4219 252 4266; x_wconf 84' lang='lat' dir='ltr'><strong>stc.</strong></span> <span class='ocrx_word' id='word_1_341' title='bbox 278 4215 300 4266; x_wconf 92' lang='lat'><strong>1.</strong></span> <span class='ocrx_word' id='word_1_342' title='bbox 326 4230 388 4280; x_wconf 80' lang='lat' dir='ltr'><strong>pag.</strong></span> <span class='ocrx_word' id='word_1_343' title='bbox 412 4213 530 4266; x_wconf 79' lang='grc'><strong>26811.</strong></span> <span class='ocrx_word' id='word_1_344' title='bbox 550 4232 577 4280; x_wconf 93' lang='lat' dir='ltr'><strong>p.</strong></span> <span class='ocrx_word' id='word_1_345' title='bbox 599 4215 641 4281; x_wconf 88' lang='grc'><strong>14)</strong></span> <span class='ocrx_word' id='word_1_346' title='bbox 670 4221 742 4266; x_wconf 85' lang='lat' dir='ltr'><strong>recte</strong></span> 
     </span>
     <span class='ocr_line' id='line_1_55' title="bbox 201 4285 742 4350; baseline 0.007 -18"><span class='ocrx_word' id='word_1_347' title='bbox 201 4287 331 4336; x_wconf 77' lang='lat' dir='ltr'><strong>statuisse</strong></span> <span class='ocrx_word' id='word_1_348' title='bbox 351 4285 490 4348; x_wconf 85' lang='lat' dir='ltr'><strong>existimo,</strong></span> <span class='ocrx_word' id='word_1_349' title='bbox 509 4287 556 4350; x_wconf 91' lang='lat' dir='ltr'><strong>qui</strong></span> <span class='ocrx_word' id='word_1_350' title='bbox 573 4285 742 4336; x_wconf 87' lang='lat' dir='ltr'><strong>Herodotum</strong></span> 
     </span>
     <span class='ocr_line' id='line_1_56' title="bbox 201 4354 742 4421; baseline 0.004 -17"><span class='ocrx_word' id='word_1_351' title='bbox 201 4354 234 4404; x_wconf 87' lang='lat' dir='ltr'><strong>de</strong></span> <span class='ocrx_word' id='word_1_352' title='bbox 253 4355 383 4406; x_wconf 82' lang='lat' dir='ltr'><strong>lrieratico</strong></span> <span class='ocrx_word' id='word_1_353' title='bbox 403 4359 430 4406; x_wconf 84' lang='lat' dir='ltr'><strong>et</strong></span> <span class='ocrx_word' id='word_1_354' title='bbox 443 4355 579 4406; x_wconf 86' lang='lat' dir='ltr'><strong>demotico</strong></span> <span class='ocrx_word' id='word_1_355' title='bbox 591 4356 742 4421; x_wconf 80' lang='lat' dir='ltr'><strong>scripturae</strong></span> 
     </span>
    </p>
   </div>
   <div class='ocr_carea' id='block_1_12' title="bbox 788 2264 1337 4420">
    <p class='ocr_par' dir='ltr' id='par_1_12' title="bbox 788 2264 1337 4420">
     <span class='ocr_line' id='line_1_57' title="bbox 791 2264 1333 2329; baseline 0 -15"><span class='ocrx_word' id='word_1_356' title='bbox 791 2279 851 2314; x_wconf 90' lang='lat' dir='ltr'><strong>esse</strong></span> <span class='ocrx_word' id='word_1_357' title='bbox 874 2278 938 2314; x_wconf 88' lang='lat' dir='ltr'><strong>usos</strong></span> <span class='ocrx_word' id='word_1_358' title='bbox 955 2267 1011 2314; x_wconf 84' lang='lat' dir='ltr'><strong>tum</strong></span> <span class='ocrx_word' id='word_1_359' title='bbox 1029 2264 1120 2314; x_wconf 79' lang='lat' dir='ltr'><strong>tureis</strong></span> <span class='ocrx_word' id='word_1_360' title='bbox 1138 2279 1219 2329; x_wconf 87' lang='lat' dir='ltr'><strong>quam</strong></span> <span class='ocrx_word' id='word_1_361' title='bbox 1237 2279 1333 2329; x_wconf 77' lang='lat' dir='ltr'><strong>argen-</strong></span> 
     </span>
     <span class='ocr_line' id='line_1_58' title="bbox 790 2331 1333 2399; baseline -0.002 -14"><span class='ocrx_word' id='word_1_362' title='bbox 790 2334 857 2399; x_wconf 82' lang='lat' dir='ltr'><strong>teis,</strong></span> <span class='ocrx_word' id='word_1_363' title='bbox 881 2339 962 2399; x_wconf 84' lang='lat' dir='ltr'><strong>etque</strong></span> <span class='ocrx_word' id='word_1_364' title='bbox 985 2334 1076 2385; x_wconf 82' lang='lat' dir='ltr'><strong>aeneis</strong></span> <span class='ocrx_word' id='word_1_365' title='bbox 1098 2331 1221 2399; x_wconf 86' lang='lat' dir='ltr'><strong>adeoque</strong></span> <span class='ocrx_word' id='word_1_366' title='bbox 1237 2333 1333 2384; x_wconf 83' lang='lat' dir='ltr'><strong>vitreis</strong></span> 
     </span>
     <span class='ocr_line' id='line_1_59' title="bbox 791 2402 1337 2468; baseline 0 -14"><span class='ocrx_word' id='word_1_367' title='bbox 791 2405 850 2454; x_wconf 81' lang='lat' dir='ltr'><strong>sive</strong></span> <span class='ocrx_word' id='word_1_368' title='bbox 876 2402 1083 2468; x_wconf 83' lang='lat' dir='ltr'><strong>porcellsnicis,</strong></span> <span class='ocrx_word' id='word_1_369' title='bbox 1107 2408 1138 2454; x_wconf 82' lang='lat' dir='ltr'><strong>ut</strong></span> <span class='ocrx_word' id='word_1_370' title='bbox 1158 2404 1266 2465; x_wconf 85' lang='lat' dir='ltr'><strong>dicunt;</strong></span> <span class='ocrx_word' id='word_1_371' title='bbox 1295 2403 1337 2466; x_wconf 76' lang='lat' dir='ltr'><strong>ci,</strong></span> 
     </span>
     <span class='ocr_line' id='line_1_60' title="bbox 791 2472 1332 2540; baseline -0.002 -16"><span class='ocrx_word' id='word_1_372' title='bbox 791 2472 954 2525; x_wconf 81' lang='lat' dir='ltr'><strong>Willrinson.</strong></span> <span class='ocrx_word' id='word_1_373' title='bbox 979 2473 1163 2540; x_wconf 70' lang='lat' dir='ltr'><strong>Topography</strong></span> <span class='ocrx_word' id='word_1_374' title='bbox 1189 2473 1219 2524; x_wconf 85' lang='lat' dir='ltr'><strong>oi</strong></span> <span class='ocrx_word' id='word_1_375' title='bbox 1245 2473 1332 2524; x_wconf 86' lang='lat' dir='ltr'><strong>Theb.</strong></span> 
     </span>
     <span class='ocr_line' id='line_1_61' title="bbox 791 2543 1332 2612; baseline -0.002 -17"><span class='ocrx_word' id='word_1_376' title='bbox 791 2561 820 2612; x_wconf 91' lang='lat' dir='ltr'><strong>p.</strong></span> <span class='ocrx_word' id='word_1_377' title='bbox 840 2544 898 2595; x_wconf 86' lang='grc'><strong>147.</strong></span> <span class='ocrx_word' id='word_1_378' title='bbox 935 2545 1063 2594; x_wconf 84' lang='lat' dir='ltr'><strong>Manners</strong></span> <span class='ocrx_word' id='word_1_379' title='bbox 1087 2549 1139 2594; x_wconf 83' lang='lat' dir='ltr'><strong>etc.</strong></span> <span class='ocrx_word' id='word_1_380' title='bbox 1164 2543 1204 2594; x_wconf 92' lang='lat'><strong>11.</strong></span> <span class='ocrx_word' id='word_1_381' title='bbox 1228 2560 1255 2609; x_wconf 90' lang='lat' dir='ltr'><strong>p.</strong></span> <span class='ocrx_word' id='word_1_382' title='bbox 1283 2544 1332 2594; x_wconf 78' lang='lat'><strong>157</strong></span> 
     </span>
     <span class='ocr_line' id='line_1_62' title="bbox 788 2611 1332 2680; baseline -0.004 -15"><span class='ocrx_word' id='word_1_383' title='bbox 788 2630 845 2680; x_wconf 92' lang='lat' dir='ltr'><strong>seq.</strong></span> <span class='ocrx_word' id='word_1_384' title='bbox 866 2613 917 2664; x_wconf 88' lang='grc'><strong>220</strong></span> <span class='ocrx_word' id='word_1_385' title='bbox 934 2629 991 2679; x_wconf 85' lang='lat' dir='ltr'><strong>seq.</strong></span> <span class='ocrx_word' id='word_1_386' title='bbox 1009 2614 1061 2665; x_wconf 79' lang='lat'><strong>343</strong></span> <span class='ocrx_word' id='word_1_387' title='bbox 1075 2629 1132 2679; x_wconf 91' lang='lat' dir='ltr'><strong>seq.</strong></span> <span class='ocrx_word' id='word_1_388' title='bbox 1150 2611 1211 2665; x_wconf 86' lang='grc'><strong>398.</strong></span> <span class='ocrx_word' id='word_1_389' title='bbox 1230 2614 1285 2663; x_wconf 91' lang='grc' dir='ltr'><strong>ΙΙΙ.</strong></span> <span class='ocrx_word' id='word_1_390' title='bbox 1304 2629 1332 2678; x_wconf 93' lang='lat' dir='ltr'><strong>p.</strong></span> 
     </span>
     <span class='ocr_line' id='line_1_63' title="bbox 790 2683 1332 2748; baseline -0.004 -12"><span class='ocrx_word' id='word_1_391' title='bbox 790 2686 850 2736; x_wconf 78' lang='lat'><strong>106.</strong></span> <span class='ocrx_word' id='word_1_392' title='bbox 887 2684 965 2734; x_wconf 89' lang='lat' dir='ltr'><strong>Nunc</strong></span> <span class='ocrx_word' id='word_1_393' title='bbox 984 2684 1091 2748; x_wconf 90' lang='lat' dir='ltr'><strong>quidem</strong></span> <span class='ocrx_word' id='word_1_394' title='bbox 1106 2683 1236 2734; x_wconf 89' lang='lat' dir='ltr'><strong>fictilibus</strong></span> <span class='ocrx_word' id='word_1_395' title='bbox 1251 2699 1265 2733; x_wconf 90' lang='lat' dir='ltr'><strong>e</strong></span> <span class='ocrx_word' id='word_1_396' title='bbox 1283 2699 1332 2734; x_wconf 82' lang='lat' dir='ltr'><strong>va-</strong></span> 
     </span>
     <span class='ocr_line' id='line_1_64' title="bbox 789 2752 1333 2818; baseline -0.002 -15"><span class='ocrx_word' id='word_1_397' title='bbox 789 2755 826 2804; x_wconf 89' lang='lat' dir='ltr'><strong>sis</strong></span> <span class='ocrx_word' id='word_1_398' title='bbox 843 2753 992 2818; x_wconf 74' lang='lat' dir='ltr'><strong>Aegyptios</strong></span> <span class='ocrx_word' id='word_1_399' title='bbox 1011 2754 1104 2804; x_wconf 90' lang='lat' dir='ltr'><strong>bibere</strong></span> <span class='ocrx_word' id='word_1_400' title='bbox 1125 2752 1224 2804; x_wconf 91' lang='lat' dir='ltr'><strong>solitos</strong></span> <span class='ocrx_word' id='word_1_401' title='bbox 1241 2758 1333 2804; x_wconf 90' lang='lat' dir='ltr'><strong>monet</strong></span> 
     </span>
     <span class='ocr_line' id='line_1_65' title="bbox 789 2821 1332 2874; baseline -0.004 0"><span class='ocrx_word' id='word_1_402' title='bbox 789 2825 881 2874; x_wconf 87' lang='lat' dir='ltr'><strong>Lane:</strong></span> <span class='ocrx_word' id='word_1_403' title='bbox 898 2824 1023 2873; x_wconf 84' lang='lat' dir='ltr'><strong>Account</strong></span> <span class='ocrx_word' id='word_1_404' title='bbox 1034 2823 1065 2874; x_wconf 89' lang='lat' dir='ltr'><strong>oi</strong></span> <span class='ocrx_word' id='word_1_405' title='bbox 1077 2821 1123 2872; x_wconf 92' lang='lat' dir='ltr'><strong>the</strong></span> <span class='ocrx_word' id='word_1_406' title='bbox 1138 2838 1264 2874; x_wconf 79' lang='lat' dir='ltr'><strong>munnere</strong></span> <span class='ocrx_word' id='word_1_407' title='bbox 1279 2823 1332 2872; x_wconf 87' lang='lat' dir='ltr'><strong>and</strong></span> 
     </span>
     <span class='ocr_line' id='line_1_66' title="bbox 790 2891 1331 2957; baseline -0.006 -12"><span class='ocrx_word' id='word_1_408' title='bbox 790 2897 909 2945; x_wconf 83' lang='lat' dir='ltr'><strong>custcms</strong></span> <span class='ocrx_word' id='word_1_409' title='bbox 929 2891 959 2942; x_wconf 82' lang='lat' dir='ltr'><strong>oi</strong></span> <span class='ocrx_word' id='word_1_410' title='bbox 978 2891 1023 2943; x_wconf 90' lang='lat' dir='ltr'><strong>the</strong></span> <span class='ocrx_word' id='word_1_411' title='bbox 1045 2891 1157 2943; x_wconf 85' lang='lat' dir='ltr'><strong>medem</strong></span> <span class='ocrx_word' id='word_1_412' title='bbox 1180 2893 1282 2957; x_wconf 79' lang='lat' dir='ltr'><strong>Egypt.</strong></span> <span class='ocrx_word' id='word_1_413' title='bbox 1307 2891 1331 2942; x_wconf 92' lang='lat'><strong>1.</strong></span> 
     </span>
     <span class='ocr_line' id='line_1_67' title="bbox 790 2958 1332 3029; baseline -0.004 -17"><span class='ocrx_word' id='word_1_414' title='bbox 790 2979 817 3029; x_wconf 92' lang='lat' dir='ltr'><strong>p.</strong></span> <span class='ocrx_word' id='word_1_415' title='bbox 845 2961 904 3012; x_wconf 88' lang='grc'><strong>182.</strong></span> <span class='ocrx_word' id='word_1_416' title='bbox 922 2991 958 3001; x_wconf 88' lang='grc'><strong>-</strong></span> <span class='ocrx_word' id='word_1_417' title='bbox 976 2958 1163 3026; x_wconf 74' lang='grc' dir='ltr'><strong><em>διασμῶντες,</em></strong></span> <span class='ocrx_word' id='word_1_418' title='bbox 1189 2965 1220 3010; x_wconf 86' lang='lat' dir='ltr'><strong>ut</strong></span> <span class='ocrx_word' id='word_1_419' title='bbox 1247 2960 1332 3010; x_wconf 85' lang='lat' dir='ltr'><strong>Medi-</strong></span> 
     </span>
     <span class='ocr_line' id='line_1_68' title="bbox 791 3030 1332 3098; baseline -0.007 -14"><span class='ocrx_word' id='word_1_420' title='bbox 791 3047 854 3084; x_wconf 87' lang='lat' dir='ltr'><strong>ceus</strong></span> <span class='ocrx_word' id='word_1_421' title='bbox 872 3031 999 3095; x_wconf 84' lang='lat' dir='ltr'><strong>prsebei,</strong></span> <span class='ocrx_word' id='word_1_422' title='bbox 1021 3031 1112 3096; x_wconf 88' lang='lat' dir='ltr'><strong>recepi</strong></span> <span class='ocrx_word' id='word_1_423' title='bbox 1136 3045 1196 3080; x_wconf 90' lang='lat' dir='ltr'><strong>cnm</strong></span> <span class='ocrx_word' id='word_1_424' title='bbox 1214 3030 1332 3098; x_wconf 86' lang='lat' dir='ltr'><strong>Dindor-</strong></span> 
     </span>
     <span class='ocr_line' id='line_1_69' title="bbox 790 3099 1331 3166; baseline -0.006 -13"><span class='ocrx_word' id='word_1_425' title='bbox 790 3102 825 3154; x_wconf 89' lang='lat' dir='ltr'><strong>fio</strong></span> <span class='ocrx_word' id='word_1_426' title='bbox 841 3101 974 3165; x_wconf 85' lang='lat' dir='ltr'><strong>(Preeiat.</strong></span> <span class='ocrx_word' id='word_1_427' title='bbox 1000 3117 1026 3165; x_wconf 96' lang='lat' dir='ltr'><strong>p.</strong></span> <span class='ocrx_word' id='word_1_428' title='bbox 1047 3099 1159 3166; x_wconf 82' lang='lat' dir='ltr'><strong>XXIX),</strong></span> <span class='ocrx_word' id='word_1_429' title='bbox 1179 3101 1226 3164; x_wconf 91' lang='lat' dir='ltr'><strong>qni</strong></span> <span class='ocrx_word' id='word_1_430' title='bbox 1250 3101 1331 3150; x_wconf 83' lang='lat' dir='ltr'><strong>etiem</strong></span> 
     </span>
     <span class='ocr_line' id='line_1_70' title="bbox 789 3166 1332 3236; baseline -0.006 -15"><span class='ocrx_word' id='word_1_431' title='bbox 789 3171 826 3222; x_wconf 88' lang='lat' dir='ltr'><strong>ad</strong></span> <span class='ocrx_word' id='word_1_432' title='bbox 843 3170 896 3232; x_wconf 87' lang='lat'><strong>111,</strong></span> <span class='ocrx_word' id='word_1_433' title='bbox 917 3170 965 3221; x_wconf 83' lang='lat'><strong>148</strong></span> <span class='ocrx_word' id='word_1_434' title='bbox 984 3170 1121 3221; x_wconf 83' lang='lat' dir='ltr'><strong>amandat.</strong></span> <span class='ocrx_word' id='word_1_435' title='bbox 1159 3169 1247 3236; x_wconf 87' lang='lat' dir='ltr'><strong>Vulgo</strong></span> <span class='ocrx_word' id='word_1_436' title='bbox 1270 3166 1332 3219; x_wconf 77' lang='lat' dir='ltr'><strong>dsu-</strong></span> 
     </span>
     <span class='ocr_line' id='line_1_71' title="bbox 791 3232 1331 3306; baseline -0.004 -14"><span class='ocrx_word' id='word_1_437' title='bbox 791 3232 941 3304; x_wconf 79' lang='grc' dir='ltr'><strong><em>σμεωντες,</em></strong></span> <span class='ocrx_word' id='word_1_438' title='bbox 960 3240 1031 3292; x_wconf 88' lang='lat' dir='ltr'><strong>unde</strong></span> <span class='ocrx_word' id='word_1_439' title='bbox 1053 3239 1204 3292; x_wconf 86' lang='lat' dir='ltr'><strong>Bredoviue</strong></span> <span class='ocrx_word' id='word_1_440' title='bbox 1224 3256 1251 3306; x_wconf 91' lang='lat' dir='ltr'><strong>p.</strong></span> <span class='ocrx_word' id='word_1_441' title='bbox 1270 3239 1331 3302; x_wconf 85' lang='grc'><strong>387,</strong></span> 
     </span>
     <span class='ocr_line' id='line_1_72' title="bbox 791 3309 1332 3445; baseline -0.002 -14"><span class='ocrx_word' id='word_1_442' title='bbox 791 3309 1332 3445; x_wconf 60' lang='lat' dir='ltr'><strong>tttttttll.¹.³¹”tituiliit</strong></span> 
     </span>
     <span class='ocr_line' id='line_1_73' title="bbox 792 3419 1332 3516; baseline 0 -18"><span class='ocrx_word' id='word_1_443' title='bbox 792 3445 921 3516; x_wconf 71' lang='grc' dir='ltr'><strong><em>χρέονται</em></strong></span> <span class='ocrx_word' id='word_1_444' title='bbox 941 3455 968 3500; x_wconf 82' lang='lat' dir='ltr'><strong>et</strong></span> <span class='ocrx_word' id='word_1_445' title='bbox 985 3419 1066 3515; x_wconf 71' lang='lat' dir='ltr'><strong>pauld</strong></span> <span class='ocrx_word' id='word_1_446' title='bbox 1085 3454 1148 3516; x_wconf 87' lang='lat' dir='ltr'><strong>poet</strong></span> <span class='ocrx_word' id='word_1_447' title='bbox 1165 3445 1332 3514; x_wconf 80' lang='grc' dir='ltr'><strong><em>προτιμέων-</em></strong></span> 
     </span>
     <span class='ocr_line' id='line_1_74' title="bbox 792 3519 1330 3586; baseline 0.004 -18"><span class='ocrx_word' id='word_1_448' title='bbox 792 3533 845 3580; x_wconf 79' lang='grc' dir='ltr'><strong><em>τες,</em></strong></span> <span class='ocrx_word' id='word_1_449' title='bbox 864 3519 911 3569; x_wconf 91' lang='lat' dir='ltr'><strong>nbi</strong></span> <span class='ocrx_word' id='word_1_450' title='bbox 929 3536 979 3570; x_wconf 89' lang='lat' dir='ltr'><strong>nos</strong></span> <span class='ocrx_word' id='word_1_451' title='bbox 997 3519 1136 3586; x_wconf 81' lang='lat' dir='ltr'><strong>vulgatam</strong></span> <span class='ocrx_word' id='word_1_452' title='bbox 1159 3520 1330 3570; x_wconf 87' lang='lat' dir='ltr'><strong>retinuimus.</strong></span> 
     </span>
     <span class='ocr_line' id='line_1_75' title="bbox 791 3587 1331 3656; baseline -0.004 -16"><span class='ocrx_word' id='word_1_453' title='bbox 791 3587 872 3640; x_wconf 83' lang='lat' dir='ltr'><strong>Valet</strong></span> <span class='ocrx_word' id='word_1_454' title='bbox 890 3595 980 3641; x_wconf 85' lang='lat' dir='ltr'><strong>autem</strong></span> <span class='ocrx_word' id='word_1_455' title='bbox 1001 3587 1187 3656; x_wconf 75' lang='grc' dir='ltr'><strong><em>διασμῶντεςε</em></strong></span> <span class='ocrx_word' id='word_1_456' title='bbox 1212 3592 1331 3646; x_wconf 80' lang='lat' dir='ltr'><strong>eluentes,</strong></span> 
     </span>
     <span class='ocr_line' id='line_1_76' title="bbox 793 3657 1332 3725; baseline -0.006 -16"><span class='ocrx_word' id='word_1_457' title='bbox 793 3659 951 3724; x_wconf 77' lang='lat' dir='ltr'><strong>deterpeutes</strong></span> <span class='ocrx_word' id='word_1_458' title='bbox 981 3675 1066 3725; x_wconf 89' lang='lat' dir='ltr'><strong>eoque</strong></span> <span class='ocrx_word' id='word_1_459' title='bbox 1091 3667 1241 3723; x_wconf 71' lang='lat' dir='ltr'><strong>purpureres.</strong></span> <span class='ocrx_word' id='word_1_460' title='bbox 1288 3657 1332 3708; x_wconf 78' lang='lat' dir='ltr'><strong>Ad</strong></span> 
     </span>
     <span class='ocr_line' id='line_1_77' title="bbox 793 3717 1331 3794; baseline -0.004 -16"><span class='ocrx_word' id='word_1_461' title='bbox 793 3727 935 3780; x_wconf 89' lang='lat' dir='ltr'><strong>iormnlsm</strong></span> <span class='ocrx_word' id='word_1_462' title='bbox 955 3722 1009 3778; x_wconf 77' lang='grc' dir='ltr'><strong>οὖν</strong></span> <span class='ocrx_word' id='word_1_463' title='bbox 1027 3721 1043 3780; x_wconf 87' lang='grc' dir='ltr'><strong>ὁ</strong></span> <span class='ocrx_word' id='word_1_464' title='bbox 1061 3723 1121 3794; x_wconf 75' lang='grc' dir='ltr'><strong><em>μὲν,</em></strong></span> <span class='ocrx_word' id='word_1_465' title='bbox 1139 3719 1195 3778; x_wconf 79' lang='grc' dir='ltr'><strong>ὁδ’</strong></span> <span class='ocrx_word' id='word_1_466' title='bbox 1209 3717 1245 3778; x_wconf 73' lang='lat' dir='ltr'><strong>orl</strong></span> <span class='ocrx_word' id='word_1_467' title='bbox 1256 3726 1331 3778; x_wconf 84' lang='lat' dir='ltr'><strong>conf.</strong></span> 
     </span>
     <span class='ocr_line' id='line_1_78' title="bbox 793 3796 1332 3865; baseline -0.004 -17"><span class='ocrx_word' id='word_1_468' title='bbox 793 3799 816 3860; x_wconf 91' lang='lat'><strong>1,</strong></span> <span class='ocrx_word' id='word_1_469' title='bbox 837 3797 887 3850; x_wconf 81' lang='lat'><strong>139</strong></span> <span class='ocrx_word' id='word_1_470' title='bbox 905 3803 932 3848; x_wconf 81' lang='lat' dir='ltr'><strong>et</strong></span> <span class='ocrx_word' id='word_1_471' title='bbox 950 3814 1020 3865; x_wconf 85' lang='lat' dir='ltr'><strong>quse</strong></span> <span class='ocrx_word' id='word_1_472' title='bbox 1042 3799 1121 3863; x_wconf 88' lang='lat' dir='ltr'><strong>plura</strong></span> <span class='ocrx_word' id='word_1_473' title='bbox 1144 3797 1223 3849; x_wconf 82' lang='lat' dir='ltr'><strong>alleri</strong></span> <span class='ocrx_word' id='word_1_474' title='bbox 1243 3796 1332 3848; x_wconf 89' lang='lat' dir='ltr'><strong>Blom-</strong></span> 
     </span>
     <span class='ocr_line' id='line_1_79' title="bbox 792 3865 1332 3934; baseline -0.004 -17"><span class='ocrx_word' id='word_1_475' title='bbox 792 3867 864 3920; x_wconf 86' lang='lat' dir='ltr'><strong>field.</strong></span> <span class='ocrx_word' id='word_1_476' title='bbox 890 3869 924 3923; x_wconf 76' lang='lat' dir='ltr'><strong>sd</strong></span> <span class='ocrx_word' id='word_1_477' title='bbox 946 3867 1072 3934; x_wconf 78' lang='lat' dir='ltr'><strong>Aeschyl.</strong></span> <span class='ocrx_word' id='word_1_478' title='bbox 1095 3870 1172 3919; x_wconf 89' lang='lat' dir='ltr'><strong>Pers.</strong></span> <span class='ocrx_word' id='word_1_479' title='bbox 1196 3867 1257 3920; x_wconf 88' lang='grc'><strong>807.</strong></span> <span class='ocrx_word' id='word_1_480' title='bbox 1299 3865 1332 3916; x_wconf 95' lang='lat' dir='ltr'><strong>In</strong></span> 
     </span>
     <span class='ocr_line' id='line_1_80' title="bbox 793 3933 1331 4004; baseline -0.007 -17"><span class='ocrx_word' id='word_1_481' title='bbox 793 3953 868 4003; x_wconf 86' lang='lat' dir='ltr'><strong>seqq.</strong></span> <span class='ocrx_word' id='word_1_482' title='bbox 895 3933 1003 3988; x_wconf 74' lang='lat' dir='ltr'><strong>elaeusa</strong></span> <span class='ocrx_word' id='word_1_483' title='bbox 1030 3937 1089 4004; x_wconf 90' lang='lat' dir='ltr'><strong>(pro</strong></span> <span class='ocrx_word' id='word_1_484' title='bbox 1117 3936 1193 4002; x_wconf 75' lang='lat' dir='ltr'><strong>vulg.</strong></span> <span class='ocrx_word' id='word_1_485' title='bbox 1228 3933 1331 3998; x_wconf 77' lang='grc' dir='ltr'><strong>εἴνειιε)</strong></span> 
     </span>
     <span class='ocr_line' id='line_1_81' title="bbox 793 4006 1332 4072; baseline -0.004 -14"><span class='ocrx_word' id='word_1_486' title='bbox 793 4007 889 4072; x_wconf 84' lang='lat' dir='ltr'><strong>scripsi</strong></span> <span class='ocrx_word' id='word_1_487' title='bbox 912 4023 972 4058; x_wconf 87' lang='lat' dir='ltr'><strong>cnm</strong></span> <span class='ocrx_word' id='word_1_488' title='bbox 993 4007 1054 4059; x_wconf 90' lang='lat' dir='ltr'><strong>edd.</strong></span> <span class='ocrx_word' id='word_1_489' title='bbox 1072 4011 1198 4069; x_wconf 71' lang='lat' dir='ltr'><strong>recenti,</strong></span> <span class='ocrx_word' id='word_1_490' title='bbox 1221 4006 1332 4056; x_wconf 88' lang='lat' dir='ltr'><strong>iubente</strong></span> 
     </span>
     <span class='ocr_line' id='line_1_82' title="bbox 791 4073 1333 4142; baseline -0.007 -14"><span class='ocrx_word' id='word_1_491' title='bbox 791 4077 907 4128; x_wconf 85' lang='lat' dir='ltr'><strong>Bredov.</strong></span> <span class='ocrx_word' id='word_1_492' title='bbox 920 4093 947 4142; x_wconf 90' lang='lat' dir='ltr'><strong>p.</strong></span> <span class='ocrx_word' id='word_1_493' title='bbox 963 4076 1014 4128; x_wconf 74' lang='lat'><strong>109</strong></span> <span class='ocrx_word' id='word_1_494' title='bbox 1031 4083 1058 4127; x_wconf 88' lang='lat' dir='ltr'><strong>et</strong></span> <span class='ocrx_word' id='word_1_495' title='bbox 1076 4077 1139 4137; x_wconf 84' lang='lat'>110;</span> <span class='ocrx_word' id='word_1_496' title='bbox 1158 4075 1206 4126; x_wconf 88' lang='lat' dir='ltr'><strong>sed</strong></span> <span class='ocrx_word' id='word_1_497' title='bbox 1218 4073 1333 4126; x_wconf 89' lang='lat' dir='ltr'><strong>eundern</strong></span> 
     </span>
     <span class='ocr_line' id='line_1_83' title="bbox 792 4136 1331 4212; baseline -0.009 -13"><span class='ocrx_word' id='word_1_498' title='bbox 792 4163 819 4212; x_wconf 92' lang='lat' dir='ltr'><strong>p.</strong></span> <span class='ocrx_word' id='word_1_499' title='bbox 840 4147 1011 4199; x_wconf 73' lang='lat' dir='ltr'><strong>suscribere</strong></span> <span class='ocrx_word' id='word_1_500' title='bbox 1034 4147 1171 4197; x_wconf 89' lang='lat' dir='ltr'><strong>iubentem</strong></span> <span class='ocrx_word' id='word_1_501' title='bbox 1193 4136 1331 4210; x_wconf 77' lang='grc' dir='ltr'><strong><em>καθάριοι</em></strong></span> 
     </span>
     <span class='ocr_line' id='line_1_84' title="bbox 792 4211 1333 4282; baseline -0.007 -16"><span class='ocrx_word' id='word_1_502' title='bbox 792 4232 840 4282; x_wconf 92' lang='lat' dir='ltr'><strong>pro</strong></span> <span class='ocrx_word' id='word_1_503' title='bbox 859 4217 933 4282; x_wconf 85' lang='lat' dir='ltr'><strong>vulg.</strong></span> <span class='ocrx_word' id='word_1_504' title='bbox 958 4211 1100 4280; x_wconf 72' lang='grc' dir='ltr'><strong><em>καθαροὶ,</em></strong></span> <span class='ocrx_word' id='word_1_505' title='bbox 1129 4215 1206 4282; x_wconf 82' lang='lat' dir='ltr'><strong>s&#39;equi</strong></span> <span class='ocrx_word' id='word_1_506' title='bbox 1229 4229 1283 4264; x_wconf 91' lang='lat' dir='ltr'><strong>non</strong></span> <span class='ocrx_word' id='word_1_507' title='bbox 1301 4213 1333 4262; x_wconf 93' lang='lat' dir='ltr'><strong>li-</strong></span> 
     </span>
     <span class='ocr_line' id='line_1_85' title="bbox 791 4284 1333 4350; baseline -0.004 -14"><span class='ocrx_word' id='word_1_508' title='bbox 791 4287 856 4336; x_wconf 84' lang='lat' dir='ltr'><strong>cnit.</strong></span> <span class='ocrx_word' id='word_1_509' title='bbox 893 4287 969 4337; x_wconf 86' lang='lat' dir='ltr'><strong>Unus</strong></span> <span class='ocrx_word' id='word_1_510' title='bbox 979 4285 1111 4348; x_wconf 89' lang='lat' dir='ltr'><strong>Dietsch.,</strong></span> <span class='ocrx_word' id='word_1_511' title='bbox 1124 4289 1253 4350; x_wconf 87' lang='lat' dir='ltr'><strong>quantum</strong></span> <span class='ocrx_word' id='word_1_512' title='bbox 1266 4284 1333 4346; x_wconf 85' lang='lat' dir='ltr'><strong>scio,</strong></span> 
     </span>
     <span class='ocr_line' id='line_1_86' title="bbox 791 4356 904 4420; baseline 0 -14"><span class='ocrx_word' id='word_1_513' title='bbox 791 4356 904 4420; x_wconf 86' lang='lat' dir='ltr'><strong>recepit.</strong></span> 
     </span>
    </p>
   </div>
   <div class='ocr_carea' id='block_1_13' title="bbox 0 0 1558 4922">
    <p class='ocr_par' dir='ltr' id='par_1_13' title="bbox 0 0 1558 4922">
     <span class='ocr_line' id='line_1_87' title="bbox 0 0 1558 4922; baseline 0 0"><span class='ocrx_word' id='word_1_514' title='bbox 0 0 1558 4922; x_wconf 95' lang='lat' dir='ltr'><strong> </strong></span> 
     </span>
    </p>
   </div>
  </div>
 </body>
</html>
