3008 4924
469 329 715 392 EU'PERPE.
738 329 780 390 11.
804 333 864 392 178.
886 335 946 392 179.
1209 323 1271 387 827

143 505 281 578 Φιόκαια
302 505 359 574 καὶ
379 505 604 594 Κλαζομεναὶ,
630 504 794 592 Δωριέων
817 502 854 573 δὲ
868 498 978 583 Ῥόδος
997 503 1053 571 καλ
1070 505 1196 582 Κνίδος
1216 501 1273 570 καὶ

137 606 395 700 Ἁλικαρνησσὸς
408 610 464 678 καὶ
476 607 632 698 Φάσηλις,
648 610 799 678 Αἰολέων
812 607 849 678 δὲ
863 603 884 697 ἡ
895 611 1141 696 Μυτιληναίων
1153 603 1272 694 μούνη.

142 714 271 786 τούτων
284 716 346 804 μέν
362 715 431 783 ἐστι
446 718 544 783 τοῦτο
557 710 594 783 τὸ
607 714 756 802 τέμευος,
771 713 827 781 καὶ
842 709 1026 800 προστάτας
1038 714 1099 780 τοῦ
1110 711 1273 800 ἐμπορίου

143 810 242 890 αὗται
257 822 295 887 oi
307 815 420 898 πόλιές
434 821 498 886 είσι
512 821 550 886 ai
561 818 772 907 παρέχουσαι.
797 813 872 886 ὅσαι
887 814 924 885 δέ
936 812 1034 884 άλλαι
1048 813 1161 894 πόλιες
1171 839 1271 903 μετα-

142 927 334 1006 ποιεῦνται,
352 918 455 991 ούδέν
467 941 528 1010 σφι
547 919 664 1010 μετεὸν
678 925 943 1008 μεταποιεῦνται.
971 920 1073 1008 χωρὶς
1087 919 1271 1006 δλΑίνινῆ-

142 1055 196 1098 ται
221 1024 275 1096 ἐπ’
301 1027 438 1095 ἑωυτῶν
463 1022 642 1112 ἱδρύσαντο
672 1026 807 1114 τέμενος
832 1022 933 1110 Διὸς,
960 1024 1016 1094 καὶ
1045 1019 1127 1092 ἄλλο
1148 1021 1273 1111 Σάμιοι

133 1129 254 1221 Ἥρης,
277 1130 333 1199 καὶ
353 1126 514 1216 Μιλήσιοι
528 1125 745 1209 Ἀπόλλωνος.
773 1119 836 1199 Ἦν
856 1129 896 1212 δὲ
912 1125 950 1197 τὸ
968 1124 1111 1196 παλαιὸν
1130 1126 1239 1215 μούνη
1252 1120 1342 1214 ἡ179

144 1234 337 1324 Ναύκρατις
358 1231 518 1322 ἐμπόριον
539 1233 595 1302 καὶ
616 1230 697 1302 ἄλλο
723 1230 825 1302 οὐδὲν
838 1231 1022 1320 Αἰγύπτου.
1060 1236 1092 1300 εί
1114 1233 1154 1300 δέ
1172 1258 1221 1311 τις
1242 1231 1276 1310 ἐς

144 1344 212 1409 τόν
223 1365 255 1406 τι
270 1334 352 1406 ἄλλο
372 1335 546 1425 στομάτων
564 1341 625 1406 τού
638 1343 766 1406 Νείλου
780 1333 948 1422 όπίκοιτο,
969 1339 1054 1424 χρῆν
1074 1331 1209 1424 όμόσαι,
1230 1331 1275 1423 μὴ

142 1442 206 1532 μὲν
228 1440 346 1511 ἑκόντα
366 1442 498 1510 ἐλθεῖν·
526 1436 739 1530 ἀπομόσαντα
759 1441 796 1510 δδ
817 1445 858 1531 τῇ
879 1445 937 1528 νηῒ
955 1435 1040 1530 αὐτῇ
1061 1439 1175 1508 πλέειυ
1193 1440 1226 1518 ἐς
1238 1434 1276 1506 τὸ

172 1601 278 1660 Ἰάνων
296 1602 348 1673 μὲν
368 1624 394 1660 κ.
419 1625 443 1658 τ.
466 1607 500 1675 λ.]
527 1610 569 1659 De
587 1610 683 1661 Ionum
732 1602 851 1676 μελητδις
863 1605 915 1658 τοῦ
925 1599 1073 1673 ἐμπορίου,
1086 1608 1134 1659 sed
1145 1611 1275 1673 tauquam

143 1680 255 1730 urbibus
273 1679 388 1729 diximus
407 1676 442 1729 ad
460 1679 482 1740 1,
502 1679 561 1740 ltu
582 1680 615 1732 de
629 1681 683 1730 Do·
734 1679 874 1744 consules,
906 1678 941 1728 ad
972 1678 1125 1729 commercii
1155 1678 1274 1728 rationes

144 1749 207 1800 riuis
227 1749 384 1799 civitatibus
405 1748 448 1811 11,
473 1748 538 1809 1443
561 1747 594 1800 de
614 1750 683 1801 Aeo·
733 1749 848 1802 tuendas
874 1749 1052 1811 constitutos,
1082 1748 1277 1808 ,standums-

143 1819 263 1870 leuaibus
280 1819 304 1882 Ι,
324 1818 382 1870 leo.
417 1819 491 1869 Voce
507 1809 608 1869 Ῥόδου
631 1824 684 1870 ter·
733 1824 790 1872 sula
805 1821 852 1885 seir
869 1819 918 1870 den
936 1818 1024 1869 Schrrtz
1046 1817 1092 1868 διε
1106 1817 1277 1883 ρυιίτλίιιλτιι

143 1905 194 1940 uos
218 1888 323 1939 insulae
345 1889 425 1939 urbes
448 1888 563 1939 indicari
588 1891 684 1955 proba·
733 1888 880 1942 Handels.“
916 1889 1006 1954 Atque
1024 1887 1137 1938 Athenis
1162 1887 1214 1952 ipsi
1233 1903 1278 1952 pe·

144 1959 198 2010 bile
219 1963 274 2021 est,
298 1957 430 2023 Ialysum,
453 1958 601 2022 Camirum,
620 1961 683 2011 Lin-
734 1960 836 2026 tegrini
862 1975 884 2010 s.
909 1959 1025 2009 metoeci
1045 1958 1167 2008 Atticum
1190 1957 1277 2007 civem

145 2031 222 2092 dum,
246 2043 306 2079 oum
324 2029 425 2079 Rhodus
441 2030 501 2080 τιτλε
518 2028 602 2079 multo
620 2034 683 2095 post
734 2021 897 2094 προστάτην
928 2030 986 2078 sive
1016 2031 1159 2092 patronum
1188 2041 1276 2077 rerum

145 2100 249 2150 domurn
274 2113 344 2148 auno
367 2098 418 2149 408
443 2113 469 2148 a.
489 2099 550 2151 Chr.
570 2115 596 2150 n.
621 2115 683 2151 con·
734 2116 843 2152 suarum
862 2099 898 2150 ad
917 2099 1007 2150 omnis
1026 2097 1137 2162 negotia
1155 2097 1213 2147 sire
1229 2111 1277 2162 pu-

145 2169 203 2218 dita
222 2168 337 2218 dicotur.
361 2167 424 2217 Vid.
435 2167 598 2219 Larcherum
616 2174 681 2220 torn.
733 2170 806 2222 blica
824 2170 881 2220 sive
898 2169 1007 2234 privata
1024 2167 1124 2231 eligere
1138 2165 1275 2216 solebant:

144 2239 208 2290 VII.
226 2255 290 2304 pag.
307 2237 368 2289 674.
734 2240 789 2291 vid.
817 2239 903 2290 allata
935 2238 971 2288 eb
998 2238 1028 2288 C.
1060 2239 1093 2287 F.
1119 2237 1277 2287 Hermanno

178 2303 226 2357 καλ
243 2300 377 2372 Φάσηλις]
396 2307 468 2358 Urbs
485 2307 512 2356 in
525 2309 626 2373 Lyciae
645 2313 684 2358 at·
735 2309 842 2363 Griech.
853 2307 1059 2362 Staatsalterth.
1070 2310 1096 2370 5.
1111 2307 1168 2358 115.
1181 2311 1238 2357 uot.
1249 2305 1274 2358 3.

144 2394 196 2446 que
207 2377 385 2443 Pamphyliae
395 2375 519 2428 confiniis
530 2379 591 2440 sita,
603 2379 684 2430 Gree—
768 2377 996 2444 μεταποιεῦνται]
1016 2376 1143 2427 Timaeus
1163 2377 1192 2426 in
1210 2377 1275 2428 Lex.

143 2451 182 2501 cis
210 2448 321 2499 urbibus
345 2462 393 2512 per
416 2447 529 2512 Lyciam
555 2447 683 2513 dispersis
733 2449 807 2502 Plat.
822 2465 849 2515 p.
864 2448 926 2500 179:
951 2444 1179 2512 μεταποιεῖσθαι·
1199 2436 1277 2496 όντι-

141 2518 224 2585 vulgo
239 2518 433 2580 κδμοιοετεικ,
450 2518 561 2583 suisque
578 2518 683 2584 legibus
734 2518 883 2570 ποιεῖσθαι
907 2516 936 2582 (i.
961 2533 985 2570 ε.
1009 2515 1059 2567 τιδι’
1074 2517 1215 2578 uindicare,
1239 2524 1278 2566 οι-

141 2595 224 2654 atque
234 2588 368 2638 institutis
379 2592 467 2638 utens.
501 2587 585 2638 Plura
598 2589 683 2639 citavi
736 2591 848 2642 tribuere
871 2587 991 2654 aliqud),
1013 2586 1060 2637 ubi
1081 2585 1159 2650 plura
1177 2585 1278 2636 adscri-

141 2660 176 2710 οδ
188 2659 298 2710 Ctesias
310 2659 434 2724 iragmm.
447 2673 511 2724 pag,
524 2657 585 2708 292.
611 2657 682 2711 add.
734 2660 790 2726 psit
798 2657 952 2718 Ruhnken..
971 2656 1121 2708 Herodotei
1137 2655 1191 2706 loci
1203 2655 1277 2706 haud

140 2729 286 2795 Forbiger:
304 2727 416 2780 Handb.
429 2727 456 2780 δ.
469 2727 681 2795 oltGeograph.
734 2731 882 2781 immemor.
917 2726 960 2777 Ad
982 2719 1082 2790 μετεὸν
1105 2725 1179 2776 coni.
1204 2729 1274 2777 nott.

141 2800 180 2850 ΙΙ.
199 2814 263 2864 pag.
282 2799 343 2850 257.
735 2799 770 2850 ad
784 2800 821 2863 ΙΙ,
843 2797 902 2850 148.
921 2828 956 2838 -
978 2795 1021 2846 λδ
1044 2785 1088 2845 ἐπ’
1112 2789 1224 2846 ἑωυτῶν
1248 2796 1276 2845 iu

178 2857 683 2932 καλπροστάταςτοδέμπορίου]προ·
734 2885 809 2936 eeqq.
830 2867 867 2920 ci.
886 2871 956 2919 nott.
976 2865 1011 2917 ad
1028 2865 1051 2928 Ι,
1069 2867 1128 2916 142.

145 2928 241 2985 οτάται
263 2935 388 2988 videntur
411 2935 509 2996 luisse,
533 2936 579 3001 qui
602 2952 683 3002 nego·
1058 2949 1063 2958 ·

145 3006 273 3056 tiatoruru
296 3007 376 3056 rebus
402 3007 574 3056 attenderent
598 3012 625 3056 et
642 3021 684 3056 ar-
885 2989 951 3040 Cff·
973 2987 1120 3040 CLXXIX·

143 3075 208 3125 bitri
220 3080 310 3126 essent
323 3075 424 3138 litium,
444 3073 538 3140 quales
550 3076 684 3126 recentior
764 3061 817 3126 Ἠν
829 3070 861 3127 δὲ
874 3067 906 3124 τὸ
920 3065 1043 3124 παλαιὸν
1055 3065 1149 3138 μούνη
1164 3063 1276 3138 ἡΝοιύ-

143 3149 221 3195 aetas
237 3145 265 3194 in
283 3145 415 3210 portubus
434 3148 461 3194 et
478 3146 604 3209 emporiis
621 3161 684 3196 con·
733 3161 831 3210 κρατις
853 3136 1002 3211 ἐμπόριον]
1026 3143 1128 3195 Soldan
1149 3143 1169 3195 l.
1191 3141 1211 3193 l.
1230 3157 1277 3192 vo-

144 3214 236 3264 stituit
253 3215 340 3274 viros;
359 3216 474 3264 consules
491 3213 574 3280 vulgo
593 3214 684 3280 appel·
734 3232 792 3266 cem
809 3209 842 3265 τὸ
860 3206 983 3266 παλαιὸν
997 3213 1132 3279 respicere
1150 3213 1186 3264 ad
1198 3212 1277 3262 Ama·

143 3285 243 3334 lautur.
285 3285 383 3334 Utrum
410 3283 491 3334 iidem
517 3284 572 3333 sint
601 3289 684 3350 atque
734 3285 800 3336 aidis
818 3286 903 3352 ipsius
922 3290 1052 3349 temporo,
1073 3299 1143 3349 quae
1158 3282 1276 3348 posteris

143 3351 287 3418 τιμοδχοι,
307 3367 419 3418 quorum
436 3368 507 3402 unus
524 3353 595 3404 iuter
612 3355 685 3406 Nau·
734 3356 861 3407 Persicae
885 3354 1078 3406 dominationis
1102 3352 1275 3418 temporibus,

144 3423 255 3473 cratidis
272 3422 393 3473 civitatis
417 3427 535 3472 rectores
557 3439 685 3474 memora-
735 3426 832 3491 quibus
844 3427 903 3492 ipse
912 3424 1068 3476 Herodotus
1080 3423 1109 3472 in
1122 3424 1276 3488 Aegyptum

143 3499 188 3542 tur
211 3491 284 3558 epod
305 3491 473 3543 Athenaeum
496 3493 544 3554 IV,
565 3493 604 3556 13,
623 3509 685 3544 eon·
734 3496 824 3559 venit,
843 3500 1023 3561 opponantur.
1059 3493 1127 3544 Mihi
1145 3492 1211 3542 nihil
1230 3492 1276 3542 ob·

145 3563 250 3613 iectura
278 3563 323 3612 vix
350 3563 458 3628 assequi
486 3561 594 3624 licebit,
624 3578 684 3613 cum
735 3571 809 3616 stare
826 3566 947 3628 videtur,
973 3563 1221 3630 quominusetiam
1240 3561 1276 3611 ud

144 3633 267 3683 omnibus
293 3647 433 3682 careamus
461 3632 624 3683 testimoniis
651 3632 684 3683 de
735 3639 856 3700 tempora
867 3635 996 3686 Amaside
1014 3634 1107 3698 priora
1121 3634 1222 3684 Noster
1236 3647 1277 3681 re-

143 3703 306 3768 republica
327 3701 559 3754 Naucratitarum.
601 3703 684 3754 Prae-
735 3706 857 3770 spexisse
874 3706 910 3756 sit
927 3702 1074 3771 putandus.
1106 3704 1147 3753 De
1161 3703 1277 3754 Graeco·

139 3775 223 3838 sectos
239 3780 402 3824 nrercotorum
422 3787 455 3822 ex
477 3776 568 3822 vetere
591 3771 684 3822 inseri·
735 3789 794 3825 rum
807 3776 931 3840 emporiis
943 3771 1213 3840 disputaritUlrichs
1224 3770 1242 3821 l.
1256 3770 1274 3820 l.

142 3843 236 3908 ptione
253 3841 326 3909 apud
343 3842 497 3893 Reinesium
515 3841 593 3892 offert
608 3842 684 3892 Wos·
770 3838 797 3893 εί
806 3842 838 3894 δέ
849 3860 891 3902 τις
904 3871 936 3882 -
951 3835 1096 3908 ἀπίκοιτο]
1116 3837 1150 3906 εί,
1169 3841 1192 3891 si
1211 3840 1276 3906 quid

142 3913 273 3980 eelingius
298 3911 353 3976 (cui
375 3913 457 3963 etiam
476 3911 580 3979 reliqua
603 3911 684 3962 debe·
734 3913 828 3976 video,
847 3913 1018 3980 hictempori
1030 3911 1177 3963 indicando
1192 3911 1276 3960 inser-

142 3982 226 4046 mus),
249 3983 397 4063 itidemque
420 3983 513 4034 decem
538 3981 684 4034 Athenien·
734 3984 774 4033 vit
800 3985 878 4050 (cura,
904 3981 1026 4050 quoties),
1057 3983 1172 4048 indeque
1200 3985 1276 4045 opta-

142 4053 212 4104 sium
221 4047 388 4117 ἐπιμελητάς
400 4050 452 4102 τού
464 4043 602 4116 ἐμπορίου
611 4051 683 4118 apud
734 4053 790 4103 tivo
817 4054 951 4118 iungitur,
981 4053 1146 4116 ut1‚too.
1194 4048 1275 4100 Haud

141 4123 304 4189 Harpocrat.
325 4137 347 4172 s.
368 4139 394 4172 v.
433 4123 486 4185 Qui
510 4122 544 4173 de
567 4122 682 4173 Graeco·
734 4123 813 4173 aliter
833 4123 875 4186 11,
900 4122 962 4175 181:
988 4120 1023 4187 τῇ
1045 4112 1121 4171 ἐπεί
1143 4135 1171 4170 ιε
1195 4133 1275 4237 συη-

43 4201 49 4210 ·
143 4207 202 4243 rum
216 4193 342 4258 emporiis
360 4207 445 4257 nuper
458 4192 618 4259 disputavit,
636 4190 684 4242 Ul-
733 4190 891 4242 κλίνοιτο
909 4181 1241 4258 impasto-Adustis
1257 4202 1274 4235 ν

141 4262 214 4314 riche
226 4262 395 4327 (zeitschrift
407 4263 426 4313 f.
441 4262 683 4315 Alterthumswise.
734 4261 793 4328 (pro
810 4253 879 4327 μὴν)
898 4262 970 4312 coni.
986 4275 1068 4326 supra
1079 4261 1116 4324 ΙΙ,
1132 4260 1192 4310 118.
1209 4259 1274 4308 Μοιι

142 4333 220 4384 1814.
238 4349 279 4383 nr.
298 4331 324 4382 3.
344 4348 407 4397 pag.
426 4331 484 4397 24),
502 4333 525 4383 is
541 4335 624 4384 ctiam
642 4336 683 4382 at-
733 4328 828 4381 πλέειν
846 4330 945 4381 retinui
968 4329 1092 4382 omuibus
1114 4329 1191 4379 libris
1214 4342 1274 4393 pro-

140 4402 205 4466 tigit
217 4392 376 4465 προστάτας
390 4403 418 4451 in
427 4402 468 4452 his
478 4403 605 4468 emporiis
619 4416 682 4453 cou·
732 4402 839 4461 hatum3
862 4403 975 4450 receuti.
1002 4397 1063 4449 edd.
1083 4390 1195 4447 πλιόειν.
1231 4395 1272 4446 Ad

139 4472 253 4524 stitutus
271 4486 325 4522 nou
342 4475 471 4537 tanquam
482 4461 575 4538 ἀρχὴν
584 4489 607 4524 s.
622 4464 682 4522 ἐπι·
732 4471 816 4523 verba
834 4461 864 4521 ἐν
881 4461 974 4536 βάρισι
993 4467 1086 4519 conier
1104 4467 1143 4531 11,
1161 4467 1204 4519 oo.
