3096 4930
629 238 757 306 0L10.
781 244 807 304 Ι.
830 253 891 310 19³.
1262 239 1324 306 387

190 413 349 488 ἁπασέων
369 417 485 508 μακρῷ
501 411 637 505 ἀρίστη,
661 421 730 487 τῶν
748 413 843 508 ἡμεῖς
857 423 971 507 ἴδμεν,
994 418 1172 510 Δήμητρος
1194 415 1324 510 καρπὸν

190 617 299 668 Ctesias
322 615 356 666 ad
379 615 545 680 Euphratem
571 616 732 668 collocatam
782 623 919 674 meridiem
941 637 1037 674 versus
1060 623 1123 674 inde
1146 622 1244 684 distat,
1268 637 1321 688 quo

190 703 251 736 esse
269 685 369 736 tradat.
402 687 477 748 Quos
496 691 526 735 ut
545 685 731 751 conciliarent,
783 693 839 742 tere
862 693 922 743 loeo
940 693 997 743 Zeb
1016 693 1101 743 maior
1123 694 1151 741 in
1168 693 1263 758 Tigrin
1281 693 1323 741 in-

191 757 325 822 duplicem
354 754 417 806 olim
444 755 583 806 exstitisse
607 757 733 808 dixerunt
782 763 853 812 fluite
872 763 943 814 unde
955 762 1040 814 multa
1051 763 1149 814 eximia
1161 764 1227 814 artis
1240 777 1324 828 opera

192 827 305 888 Ninum,
329 825 456 888 alteram,
483 841 552 892 quae
575 826 609 876 ad
627 827 731 892 Tigrin,
782 837 810 882 et
821 837 994 882 monumenta
1011 833 1039 882 in
1051 835 1188 898 Europam
1206 833 1323 882 advecta

190 897 321 958 alteram,
345 910 416 960 quae
440 895 475 945 ad
493 895 660 960 Euphratem
678 898 732 946 sita

190 967 283 1018 tuerit.
319 965 388 1016 Vide
406 981 477 1031 quae
495 965 550 1016 dixi
569 966 604 1016 ad
622 966 731 1017 Ctesias

189 1037 314 1102 fragmm.
337 1051 400 1102 pag.
424 1035 473 1086 3111
500 1050 573 1100 seq.,
596 1035 644 1086 nbi
662 1038 732 1088 viro·

188 1123 247 1157 rum
266 1107 407 1156 doctorum
425 1107 576 1156 sententias
598 1108 731 1157 recensui.

189 1176 242 1230 Sed
268 1177 322 1226 iam
341 1175 489 1226 Rennelins
514 1175 541 1226 in
560 1176 658 1242 Geogr.
678 1178 733 1228 He-

189 1246 278 1296 rodot.
306 1261 370 1312 pag.
399 1245 451 1296 498
479 1243 523 1295 ed.
545 1245 661 1296 Bredov.
686 1247 732 1298 Ni-

189 1332 253 1366 num
267 1317 346 1365 sitam
361 1330 421 1365 esse
437 1315 579 1364 contendit
593 1331 607 1364 e
621 1317 732 1380 regione

191 1387 248 1436 eins
267 1386 334 1448 loci,
357 1385 403 1450 qui
425 1400 498 1434 nunc
521 1385 621 1435 dicitur
638 1385 732 1442 Mosei.

190 1456 289 1521 quippe
306 1455 353 1505 ubi
372 1459 399 1504 et
416 1455 533 1504 nominis
550 1455 634 1520 ipdus
651 1457 733 1506 vesti·

191 1529 236 1592 gia
259 1523 497 1589 aedificiorumque
519 1523 617 1574 rudera
645 1525 733 1576 adhuc

192 1595 341 1661 supersint,
365 1599 493 1660 recteque
510 1595 592 1644 etiam
610 1595 732 1660 Breiger.

193 1665 366 1730 (Commentt.
386 1663 420 1714 dc
445 1663 560 1714 difficill.
578 1664 662 1716 Asiae
680 1667 734 1716 He-

192 1735 250 1784 rod.
275 1750 336 1800 pag.
356 1734 474 1799 seseq.)
502 1735 648 1785 orientales
671 1750 733 1801 geo-

193 1803 310 1870 graphos
326 1804 403 1869 sequi
422 1805 538 1866 mavult,
557 1804 604 1868 qui
622 1805 732 1867 Ninum,

193 1889 273 1940 quam
298 1872 485 1924 serr-aevae
511 1873 665 1938 appellent,
696 1874 731 1924 ad

192 1943 351 1994 orientalem
361 1943 481 2009 Tigridis
493 1944 579 2008 ripam
597 1945 678 1994 sitam
690 1959 732 1994 ra·

192 2013 296 2074 ierunt,
320 2028 353 2062 ex
374 2013 488 2063 adverso
507 2013 665 2064 recentioris
687 2029 738 2064 nr—⁴

192 2083 234 2134 his
263 2082 366 2142 Mesua
395 2083 475 2148 idque
505 2084 588 2133 etiam
617 2083 731 2148 posthac

193 2153 262 2204 satis
277 2153 419 2216 probatum
441 2153 603 2203 invenerunt
620 2152 668 2202 alii
686 2167 731 2214 pe-

192 2221 471 2288 regrinarores,a1rgli
480 2220 731 2286 petissimnthin·

193 2294 265 2354 nair,
294 2292 377 2356 Rich,
408 2290 588 2350 Ainsworth)‚
620 2303 732 2352 quorum

193 2362 361 2412 narrationes
373 2361 480 2412 exhibet
489 2361 577 2410 Ititter
586 2357 733 2408 Erdlrnnde

192 2433 241 2484 XI.
265 2449 291 2498 p.
315 2433 364 2482 221
389 2447 445 2495 seq.
476 2427 627 2492 quibusque
650 2427 732 2477 etiam

192 2503 260 2552 hene
280 2517 346 2552 usus
367 2506 409 2550 est
435 2497 512 2548 'luch
535 2497 562 2546 in
585 2497 733 2547 accuratis-

191 2573 260 2623 sima
277 2571 504 2621 commentatione
522 2567 556 2616 de
568 2566 639 2616 Nino
656 2566 731 2628 urbe,

192 2657 260 2710 quae
275 2639 376 2705 prodiit
393 2637 469 2701 Lipa.
491 2635 567 2686 1845.
596 2636 648 2697 Qui
664 2637 733 2686 bene

192 2711 311 2762 ostendit
321 2724 354 2758 ex
370 2707 442 2756 omni
452 2705 625 2770 antiquitatis
638 2711 665 2756 et
680 2721 733 2756 me·

192 2781 229 2830 dii
244 2778 304 2829 aevi
322 2777 483 2840 scriptorum
503 2775 650 2826 traditione
670 2791 733 2826 eon·

192 2848 320 2900 sentienti
342 2847 464 2910 ipsisque
487 2846 571 2896 ruinis
598 2845 733 2896 aedilicio-

192 2935 250 2968 runs
273 2916 403 2982 probata,
436 2915 535 2966 Ninum
559 2915 587 2964 in
607 2915 734 2966 orientali

193 2987 313 3052 Tigridis
323 2987 383 3051 ripa
390 3001 421 3034 ex
430 2986 546 3036 adverso
553 2985 733 3048 urbiahlosnl,

193 3069 246 3122 que
262 3055 322 3108 loco
343 3071 414 3106 nunc
432 3055 510 3106 collis
530 3055 632 3118 etipse
651 3054 734 3104 artili-

194 3127 283 3178 ciosua
302 3126 423 3191 exsurgit
443 3140 504 3176 cum
521 3124 621 3189 templo
641 3125 735 3175 Maho-

194 3195 366 3246 medanorum
386 3200 414 3246 et
431 3195 563 3260 sepulcro,
581 3193 652 3260 quod
671 3193 736 3244 dici-

194 3271 238 3319 tur
253 3263 567 3330 incredularum),
586 3279 682 3314 revera
701 3265 735 3312 ai-

196 3341 250 3386 tam
272 3336 367 3396 luisse3
388 3335 443 3384 vid.
463 3333 635 3400 potissimum
650 3349 676 3397 p.
690 3336 733 3384 ⁶25.

194 3407 227 3458 38
251 3421 326 3470 seqq.
376 3406 455 3454 Nunc
485 3419 550 3454 vero
583 3418 626 3452 res
658 3408 736 3454 extra

782 901 853 951 inter
881 901 999 966 reliquos
1025 904 1111 952 musei
1142 903 1322 953 Londinensis

782 977 810 1020 et
833 971 997 1022 Pariaieusis
1021 972 1164 1022 thesauros
1188 973 1324 1024 asservari

784 1041 852 1092 satis
869 1046 986 1092 constat.
1019 1043 1094 1104 Quae
1108 1057 1172 1092 vere
1185 1043 1241 1092 dixi
1252 1041 1323 1104 loca,

784 1127 817 1161 ea
835 1112 926 1161 omnia
937 1112 1060 1176 quamvis
1079 1111 1183 1176 aliquot
1198 1112 1323 1161 horarum

784 1182 874 1246 spatio
898 1181 1045 1244 distantia,
1077 1181 1112 1232 ad
1136 1182 1237 1230 veteris
1259 1181 1325 1230 Nini

784 1251 915 1302 ambitum
932 1251 1108 1316 pertinuisse,
1132 1251 1179 1300 vix
1199 1250 1325 1300 dubitan-

784 1320 861 1382 dum,
886 1320 1072 1385 Herodotiquc
1097 1320 1259 1381 auctoritas,
1290 1317 1325 1368 ad

784 1390 875 1455 Tigris
893 1390 980 1454 ripam
998 1395 1164 1442 exstructam
1183 1390 1268 1439 inisse
1279 1389 1326 1438 Ni·

783 1475 848 1510 nnm
866 1460 1023 1523 scribentis,
1050 1461 1148 1524 eximie
1167 1459 1325 1524 compreha-

783 1535 836 1579 tur.
874 1529 928 1580 Sed
942 1529 976 1580 de
992 1529 1034 1580 his
1047 1531 1171 1582 omnibus
1187 1530 1232 1594 qni
1245 1527 1325 1593 plura

783 1600 893 1664 cupiat,
932 1599 956 1649 is
985 1601 1068 1650 adeat
1096 1599 1267 1665 splendidum
1297 1601 1325 1646 et

783 1670 886 1734 grande
899 1683 966 1734 opus
979 1669 1117 1720 Gallorum
1130 1684 1196 1720 cura
1208 1668 1324 1718 editum:

782 1739 955 1788 Monuments
979 1739 1012 1789 de
1028 1739 1128 1790 Ninive
1146 1743 1200 1788 etc.
1218 1752 1267 1802 par
1285 1737 1323 1785 Μ.

782 1809 814 1859 P.
833 1810 867 1860 Ε.
885 1809 969 1858 Botta
987 1813 1014 1858 et
1027 1810 1065 1858 M.
1079 1810 1113 1858 E.
1126 1807 1254 1858 Flandin.
1272 1805 1324 1856 Pa·

782 1878 820 1928 ris
845 1877 912 1929 1848
929 1893 1021 1941 seqq.,
1040 1881 1067 1925 et
1086 1891 1132 1937 ea,
1158 1892 1228 1941 qnae
1244 1875 1325 1925 Flan-

782 1947 829 1996 din
846 1947 905 2010 ipse
922 1946 1015 1994 retulit
1031 1946 1072 1994 inr
1091 1946 1184 1996 Revue
1202 1946 1235 1995 de
1254 1945 1324 1994 deux

781 2015 892 2064 mandes
921 2012 1011 2078 (1845)
1042 2015 1074 2064 T.
1102 2015 1137 2066 X.
1166 2031 1229 2080 pag.
1256 2013 1322 2065 10⁸1

781 2097 857 2146 seqq.
900 2082 941 2132 Ac
969 2084 1113 2148 praecipue
1141 2083 1325 2135 consulendus

781 2153 817 2202 Η.
838 2151 960 2216 Layard:
990 2153 1111 2204 Nineveh
1139 2155 1194 2205 and
1220 2155 1257 2204 its
1284 2168 1326 2203 re·

781 2222 868 2270 mains
891 2227 944 2275 etc.
973 2222 1060 2273 Lend.
1085 2223 1163 2276 1848.
1193 2221 1324 2275 11.v011.
1364 2223 1368 2230 ’

782 2291 824 2356 (iu
842 2291 962 2356 liugnam
989 2294 1172 2357 germanicam
1195 2310 1212 2344 a
1229 2294 1325 2344 Meles-

783 2376 848 2410 nerc
867 2376 1026 2412 conversum
1043 2363 1145 2427 prodiit
1162 2379 1229 2429 opus
1245 2363 1323 2428 Lips.

784 2430 862 2494 1850)
891 2435 919 2480 et
947 2433 1090 2482 Diacover.
1118 2433 1146 2483 in
1174 2434 1220 2484 the
1249 2433 1324 2482 ruins
1394 2459 1398 2468 ·

783 2499 813 2550 oi
826 2501 948 2551 Nineveh
970 2503 1024 2552 and
1039 2502 1164 2567 Babylon
1177 2508 1230 2554 etc.
1254 2504 1326 2552 Len·

783 2569 837 2620 den
856 2570 933 2622 1853.
971 2571 1152 2636 Conspectum
1171 2588 1278 2638 qnoque
1296 2573 1325 2621 in

783 2640 891 2689 brevius
910 2646 1093 2703 contractum,
1112 2643 1161 2692 sed
1176 2642 1257 2693 valde
1274 2642 1327 2691 nti·

782 2707 835 2758 lem
845 2709 967 2760 exhibuit
975 2712 1008 2760 Η.
1020 2712 1048 2761 J.
1056 2711 1105 2762 Ch.
1116 2712 1325 2762 Weissenborn:

783 2779 881 2829 Ninive
893 2795 921 2831 u.
935 2781 994 2830 sein
1007 2781 1112 2830 Gabiet.
1130 2782 1234 2831 Erinrt.
1249 2780 1324 2830 1851.

784 2848 853 2899 Add.
882 2847 1061 2912 Quatrembre
1094 2849 1123 2898 in
1148 2848 1263 2900 Journal
1292 2847 1326 2896 de

784 2919 889 2968 Savans
911 2919 994 2982 1850,
1021 2919 1165 2984 praecipue
1190 2934 1254 2984 pag.
1274 2916 1326 2967 353

784 3003 877 3106 ”lgm
901 3050 933 3106 dl
959 3053 1073 3120 zopirus
1099 3040 1171 3119 αὕτη
1194 3045 1327 3104 ἁπασέων

777 3123 882 3192 -μαιιρρί
899 3116 999 3189 ἀρίστη
1017 3140 1043 3174 ιι.
1067 3140 1090 3174 τ.
1110 3122 1147 3190 1.]
1176 3126 1253 3187 Quae
1270 3124 1327 3174 He-

784 3196 897 3246 rodotus
916 3195 960 3245 hic
978 3195 1073 3246 scribit
1086 3194 1119 3245 de
1138 3195 1257 3260 regionis
1275 3194 1326 3244 ier-

785 3265 901 3326 tilitate,
920 3265 953 3315 de
972 3266 1106 3316 frumento
1125 3263 1325 3330 copiosissimo,

786 3336 818 3386 dc
843 3335 968 3384 arborum
993 3335 1101 3398 inopia,
1125 3335 1247 3399 exeeptis
1270 3332 1326 3398 pal·

786 3407 851 3466 mis,
876 3420 909 3454 ea
929 3403 1062 3468 hodieque
1082 3405 1121 3453 sic
1147 3403 1263 3454 inveniri
1287 3407 1328 3451 te·

193 3491 298 3527 omnem
311 3475 509 3524 dubitationem
520 3473 619 3538 posita,
637 3489 669 3523 cx
682 3489 736 3538 quo

193 3547 278 3596 Betta
300 3550 328 3594 et
346 3545 462 3594 Flandin
486 3543 521 3594 ad
543 3542 632 3592 vicum
651 3543 736 3592 Kher-

194 3616 293 3677 sabad,
313 3615 359 3678 qui
376 3614 482 3678 aliquot
497 3612 624 3662 horarum
640 3613 737 3662 itinere

195 3685 281 3738 distat
297 3685 332 3734 ab
352 3699 384 3734 eo
401 3699 480 3748 quem
498 3682 554 3732 dixi
570 3682 644 3745 loeo,
664 3686 736 3732 vete-

786 3479 893 3526 stautur
903 3475 1049 3538 scriptores
1060 3475 1226 3523 recentiores
1239 3487 1271 3521 ac
1283 3487 1328 3534 pe·

786 3545 979 3610 regrinatorea.
1020 3543 1090 3594 Nam
1117 3548 1207 3593 terrae
1235 3539 1327 3590 indole

786 3612 908 3678 coelique
926 3618 954 3664 et
971 3613 1042 3663 airis
1056 3613 1186 3676 temperie
1201 3609 1268 3660 illud
1281 3625 1328 3674 po·

786 3684 920 3734 tissimum
936 3681 1068 3744 allicitur,
1087 3682 1232 3732 accedente
1244 3678 1329 3728 homi-

194 3771 251 3804 rnm
276 3754 407 3818 Assyriae
430 3768 523 3816 regum
546 3751 664 3816 palatia,
696 3767 737 3801 rc·
787 3769 850 3804 num
874 3769 957 3818 opera
977 3757 1060 3817 atque
1082 3752 1227 3802 industrie.
1263 3747 1327 3798 vid.
1415 3787 1419 3795 .

194 3830 269 3874 mota
286 3829 375 3874 terrae
392 3826 420 3872 et
436 3837 535 3872 arenae
554 3821 637 3884 mele,
664 3821 737 3871 clete·
786 3825 904 3874 Haeren.
926 3822 1010 3872 Ideen
1033 3822 1109 3882 1‚2.
1133 3837 1161 3886 p.
1182 3821 1231 3871 144
1250 3833 1327 3882 seqq.

195 3899 300 3954 xerunt,
307 3893 439 3958 pluraque
448 3891 502 3942 alia
511 3896 632 3942 veterum
643 3907 736 3956 regum
787 3894 885 3942 Ritter.
904 3890 1052 3942 Erdknnde
1070 3891 1120 3940 XI.
1138 3907 1165 3956 p.
1182 3889 1233 3940 4114
1251 3903 1328 3952 seqq.

195 3967 278 4029 atqua
295 3963 382 4027 ipsius
394 3962 459 4012 Nini
472 3961 571 4012 veteris
585 3961 690 4026 palatia
705 3976 737 4010 ac
788 3963 829 4012 De
849 3962 984 4012 frumento
998 3960 1121 4024 inprimis
1139 3962 1329 4025 comparentur

196 4037 369 4083 monumenta
387 4032 415 4082 in
433 4031 520 4082 lucem
539 4031 652 4095 protulit
669 4029 737 4080 cele·
788 4032 888 4082 Strabo
899 4031 973 4080 xv1.
990 4045 1017 4094 p.
1032 4030 1141 4080 10771).
1158 4047 1181 4081 s.
1195 4031 1256 4079 742.
1275 4026 1329 4078 Pli-

196 4103 328 4152 harrimns
355 4101 465 4167 Layard
496 4105 551 4150 tam
584 4100 619 4150 ad
648 4101 737 4150 vicum
787 4101 849 4150 nius
866 4101 901 4151 Η.
922 4101 955 4150 N.
981 4098 1154 4162 xvr11,17.
1189 4097 1331 4150 Recentio·

196 4171 358 4238 Kuynuyils,
382 4172 429 4237 qui
446 4185 530 4236 prope
548 4171 632 4220 Ionae
650 4169 739 4234 sepul·
788 4185 847 4220 rum
870 4170 1101 4234 peregrinatorum
1122 4170 1187 4218 bina
1209 4167 1331 4217 testimo·

197 4257 271 4292 crum
290 4240 440 4305 cellamque
451 4240 520 4298 situs
531 4243 591 4300 est,
610 4255 691 4304 quam
703 4238 739 4288 ad
789 4240 836 4290 uia
847 4239 890 4290 his
903 4239 997 4288 adiicit
1010 4239 1175 4300 Lereherus,
1191 4235 1330 4288 Niebuhrii

197 4311 288 4362 vicum
310 4309 439 4374 Nimrud,
467 4307 513 4374 qui
538 4307 642 4374 aliquot
666 4307 739 4358 horis
792 4313 819 4358 et
837 4305 919 4374 Angli
937 4307 1003 4369 viri,
1022 4307 1111 4358 Shaw.

1058 4386 1126 4452 25*
