3088 4922
569 267 820 328 EUTERPE.
844 267 886 326 H.
909 277 953 331 30.
1014 300 1018 308 ·
1269 259 1326 322 491

193 440 276 531 πρός
294 441 492 523 Αἰθιόπων,
514 441 571 508 καὶ
591 442 628 508 ἐν
641 440 802 530 Δάφνῃσι
821 445 896 533 τῇσι
910 447 1121 531 Πηλουσίῃσι
1142 439 1226 531 ἄλλη
1248 441 1331 530 πρὸς

190 544 358 632 Ἀραβίων
384 571 420 613 τε
446 545 503 612 καί
525 542 667 632 Σύρων,
697 545 753 612 καί
776 547 813 613 ἐν
837 548 960 635 Μαρέῃ
982 544 1064 634 πρὸς
1083 544 1211 634 Λιβύης
1233 544 1328 636 ἄλλη.

195 655 242 717 ἔτι
266 647 303 716 di
325 643 380 715 ἐπ’
403 649 484 736 ἐμεῦ
505 648 561 715 καί
581 649 742 735 Περσέων
761 645 843 716 κατὰ
863 645 967 717 ταύτό
981 655 1018 717 αί
1035 651 1184 737 φυλακαί
1205 655 1328 739 ἔχουσι,

195 747 239 831 ὡς
258 752 313 820 καὶ
336 751 390 818 ἐπὶ
410 756 631 839 Ψαμμητίχου
648 740 751 838 ἦσαν·
781 752 837 819 καί
857 749 921 838 γὰρ
944 754 981 820 ἐν
999 749 1218 841 Ἐλεφαντίνῃ
1238 759 1327 844 Πέρ-

193 875 249 924 σαι
279 855 483 942 φρουρέουσι
510 855 566 923 ιιαί
590 856 628 922 ἰν
651 852 822 941 Δάφνῃσι.
870 852 948 933 τούς
974 845 1023 923 τόν
1053 852 1095 942 δὴ
1121 861 1329 942 Αἰγυπτίους

193 963 269 1046 τρία
293 963 368 1025 ἔτεα
389 955 646 1046 φρουρήσαντας
666 952 791 1026 όπίλνε
817 952 929 1037 οὐθείς
955 963 1012 1045 τῆς
1030 964 1196 1047 φρουρῆς·
1225 965 1259 1029 οί
1280 963 1328 1045 δὲ,

134 1127 136 1134 .
193 1058 459 1149 βουλευσόμενοι
479 1061 535 1129 καὶ
558 1065 660 1153 κοινῷ
681 1059 770 1146 λόγω
790 1059 1010 1149 χρησόμενοι,
1040 1059 1161 1140 πάντες
1181 1058 1247 1131 ist
1270 1072 1329 1133 τοῦ

196 1170 418 1254 Ψαμμητίχου
440 1160 662 1249 ἀποστάντες,
691 1161 791 1252 ἤϊσαν
818 1167 851 1245 lg
871 1170 1068 1252 Αἰθιοπίην.
1117 1165 1331 1254 Ψαμμήτιχος

194 1268 233 1337 dl
255 1267 447 1356 πυθόμενος
470 1270 600 1337 ἐδίωκε.
650 1261 694 1348 ὡς
722 1267 759 1336 δὲ
788 1271 966 1356 κατέλαβε,
1001 1267 1246 1338 latero-nosti
1275 1275 1328 1340 λί-

194 1397 281 1458 νων,
306 1378 364 1440 καί
382 1392 488 1459 σφεας
507 1369 611 1451 θεοὺς
625 1370 799 1464 πατρῴους
820 1368 999 1442 ἀπολιπεῖν
1022 1367 1136 1440 orinia
1152 1373 1207 1440 καί
1229 1376 1330 1442 τέκνα

194 1477 249 1543 καὶ
271 1490 444 1564 γυναῖκας.
484 1479 553 1544 τῶν
582 1476 622 1544 δέ
638 1501 714 1544 τινα
736 1477 866 1562 λέγεται
893 1477 1048 1556 δείξαντα
1065 1471 1103 1542 τό
1128 1479 1259 1544 αἰδοῖον
1280 1484 1327 1546 εί-

154 1592 200 1648 117
209 1595 302 1663 πεῖν,
317 1584 403 1648 ἔνθα
418 1573 572 1648 ἄντοῦτο
586 1569 618 1669 ᾖ,
633 1582 771 1647 ἔσεσθαι
786 1575 915 1647 αὐτοῖσι
928 1581 1077 1646 ἐνθαῦτα
1089 1579 1145 1645 καί
1158 1581 1259 1647 τέκνα
1272 1583 1328 1650 καί

192 1698 364 1772 γυναῖκας.
399 1672 503 1752 Οὗτοι
517 1684 593 1750 ἐπεί
604 1708 639 1749 τε
654 1683 686 1762 ἐς
701 1687 887 1770 Αἰθιοπίην
900 1679 1078 1765 ἀπίκοντο,
1094 1685 1227 1750 διδοῦσι
1244 1686 1327 1771 σφέ-

192 1814 231 1866 ας
245 1781 367 1866 sisois
381 1789 427 1878 τῷ
442 1784 622 1854 Αἰθιόπων
637 1788 778 1872 βασιλέϊ.
810 1780 828 1855 ὁ
843 1787 884 1855 it
895 1807 1000 1873 σφεας
1021 1789 1106 1877 τῷδε
1126 1781 1326 1875 ἀντιδωρέε-

232 1958 279 2012 ιιαί
312 1953 342 2011 ἰν
370 1955 504 2026 Δάφνῃσι
536 1957 600 2025 τῇσι
625 1957 736 2027 Πηλου-

193 2031 279 2100 σίῃσι]
299 2032 422 2095 Daphnus
436 2032 595 2090 Pelusiacae,
614 2033 737 2095 quaein.

192 2105 234 2154 ira
261 2117 365 2167 quoqne
394 2104 574 2151 memorantur
602 2099 646 2161 ΙΙ,
676 2101 734 2164 107,

193 2189 247 2224 non
259 2171 369 2222 multum
383 2169 498 2220 aberant
510 2175 528 2218 a'
538 2167 645 2219 Pelusio
658 2171 733 2234 urbe,

192 2241 336 2294 Pelusiaco
359 2239 441 2291 fluvio
465 2240 606 2304 appositae
627 2241 663 2290 ad
684 2241 735 2291 Ae·

193 2317 303 2380 gyptum
327 2310 362 2360 ab
381 2315 532 2360 exterarum
556 2310 676 2373 gentium
695 2312 735 2360 in-

192 2381 361 2432 cursionibus
390 2377 542 2429 tutandam.
582 2379 614 2428 In
642 2380 735 2431 codice

192 2467 270 2502 sacro
295 2449 439 2516 aliquoties
464 2453 609 2498 occurrunt
628 2451 735 2500 nomine

196 2521 325 2585 Tapinss.
347 2517 418 2584 quod
437 2519 471 2568 ab
490 2517 620 2568 hodierno
638 2519 735 2583 Sasnas

191 2607 245 2641 non
263 2589 343 2639 valde
361 2587 472 2638 recedit.
509 2587 588 2637 Cous.
602 2587 735 2640 Schlieht·

190 2661 275 2712 horst.
299 2659 317 2709 l.
342 2657 361 2708 l.
384 2673 411 2722 p.
437 2659 480 2708 75.
523 2658 650 2708 Mannert
671 2659 690 2710 l.
714 2658 733 2709 l.

190 2731 224 2792 X,
247 2731 268 2779 Ι.
288 2745 314 2794 p.
334 2727 385 2777 492
403 2743 461 2792 seq.
487 2727 649 2779 Hartmann.
668 2727 735 2780 Erd-

788 1979 903 2030 quocum
930 1961 1072 2012 conterunt
1094 1959 1233 2014 Plutarch.
1258 1963 1329 2013 Mor.

786 2049 850 2154 iii·
867 2030 1256 2166 trististristis
1275 2033 1328 2168 it

786 2173 945 2224 monuimus.
963 2201 999 2210 -
1025 2160 1078 2218 οὐκ
1101 2163 1134 2220 ἔα
1155 2175 1229 2221 recte
1248 2171 1329 2236 expli-

786 2249 831 2292 cat
852 2241 982 2292 Valcken.
1007 2239 1180 2302 dissuadebat,
1210 2240 1329 2291 detorta-

785 2312 867 2362 batar.
911 2310 973 2361 Vid.
1001 2309 1060 2359 eiua
1078 2315 1136 2359 not.
1162 2315 1190 2359 et
1208 2310 1241 2360 G.
1260 2311 1328 2362 Her-

786 2397 876 2432 mann.
896 2380 931 2431 ad
948 2380 1041 2444 Vigor.
1055 2395 1083 2444 p.
1096 2377 1156 2429 890.
1187 2379 1229 2430 cf.
1246 2395 1328 2446 supra

786 2452 825 2512 ΙΙ,
845 2452 886 2502 18.
905 2451 952 2512 IV,
972 2451 1028 2502 164.
1047 2449 1080 2509 V,
1095 2447 1137 2500 36.
1173 2450 1215 2500 De
1232 2450 1329 2515 imper-

785 2522 852 2572 ieoti
880 2521 981 2580 torma,
1017 2518 1142 2584 neglecto
1172 2525 1327 2584 augmento,

786 2591 876 2641 omnia
895 2589 1006 2654 collegit
1021 2588 1138 2639 Bredov.
1156 2603 1184 2653 p.
1204 2589 1264 2640 302.

820 2657 878 2708 τῶν
896 2657 928 2708 di
941 2674 1006 2708 τινα
1022 2655 1128 2721 λέγεται
1148 2655 1281 2719 δείξαντα
1297 2650 1328 2708 τὸ

785 2724 900 2778 αἰδοίου
924 2723 1016 2777 εἰπεῖν
1035 2741 1061 2774 ιι.
1087 2741 1110 2776 τ.
1129 2725 1164 2793 λ]
1194 2723 1329 2788 δείξαντα

189 2798 341 2850 beschreib.
366 2813 419 2847 von
440 2797 508 2862 seg.
534 2813 560 2861 p.
578 2797 640 2848 855.
670 2799 733 2848 Mox
785 2799 902 2850 Bredov.
922 2815 949 2862 p.
967 2797 1016 2849 153
1034 2796 1127 2846 invitis
1147 2797 1225 2846 codd.
1241 2794 1327 2846 indi-

191 2885 251 2918 oum
272 2867 409 2928 Boklrero‚
441 2881 519 2930 quem
547 2869 648 2917 caeteri
671 2867 732 2919 edd.
786 2866 873 2930 ξαντα
884 2868 983 2918 mutari
996 2865 1067 2928 vult,
1087 2869 1117 2914 ut
1130 2871 1260 2915 constans
1274 2865 1326 2915 sibi

191 2937 276 2988 secuti
292 2943 364 2996 sunt,
380 2935 467 2986 delevi
480 2935 621 2986 molestum
633 2931 733 2987 dimd-
786 2939 936 3004 reperiatur
957 2935 1126 2997 Herodotus,
1151 2949 1230 3000 quem
1253 2939 1327 2986 utra-

190 3023 225 3074 ρο
246 3011 308 3073 post
332 2996 402 3070 ἄλλη
425 3004 544 3066 illatum,
571 3021 631 3055 cum
654 3023 732 3058 nemo
786 3023 838 3074 que
859 3007 946 3057 forma
970 3005 1011 3054 uti
1035 3005 1155 3070 potuisse
1180 3019 1212 3055 aa
1232 3019 1328 3056 revera

190 3093 242 3128 nou
258 3076 359 3138 videat,
379 3074 476 3125 verba:
495 3072 542 3124 aul
557 3065 586 3122 ἐν
599 3067 733 3143 Δάφνῃσι
786 3078 867 3127 etiam
884 3091 962 3125 usum
980 3089 1041 3124 esse
1059 3073 1202 3124 contendo.
1233 3073 1327 3124 Simile

189 3177 225 3186 -
242 3137 347 3208 Σόρων
366 3149 440 3194 arcte
464 3159 554 3194 secum
573 3144 731 3208 cohaerere3
785 3145 912 3214 quiddam
926 3143 959 3194 de
977 3143 1061 3194 nobili
1080 3157 1164 3194 uxore
1175 3143 1257 3206 Itala,
1277 3144 1327 3194 Ca-

189 3214 252 3266 Elta
275 3215 303 3264 in
322 3215 433 3276 Quaest.
459 3213 581 3264 Herodd.
604 3214 671 3266 iaec.
692 3216 730 3265 11.
782 3215 890 3268 tharina
908 3213 1019 3276 Storna,
1044 3227 1114 3278 qaae
1134 3214 1241 3264 domino
1261 3215 1325 3266 For·

190 3282 692 3351 (Jahrbb.d.Philol.u.Paeda5r.Sup
711 3285 730 3336 l.
781 3285 850 3334 lensi
882 3287 940 3332 erat
967 3287 1066 3348 nupta,
1094 3299 1127 3332 ex
1150 3282 1323 3334 Machiavell.

189 3355 237 3404 IX.
258 3369 321 3418 pag.
340 3349 401 3418 325)
421 3353 503 3402 scribi
521 3353 580 3404 vult
595 3349 664 3418 ἄλλη
684 3301 709 3402 ἰ

188 3423 259 3488 quod
273 3423 336 3472 mihi
357 3437 441 3488 acque
459 3423 575 3472 alienum
593 3424 731 3473 videtura
781 3423 823 3473 lus
850 3423 992 3490 interpres.
1034 3423 1075 3471 Ex
1100 3422 1266 3486 antiquitate
1290 3423 1324 3470 si·

188 3493 268 3542 huius
286 3489 503 3542 luci'sententia.
522 3491 597 3556 ¹Cum
611 3493 730 3543 Gaisior-
781 3491 843 3542 mile
862 3491 925 3557 quid
950 3497 1044 3542 narrat
1061 3491 1174 3540 Tacitus
1192 3491 1265 3540 Hist.
1285 3491 1323 3548 11,

188 3561 233 3610 dio
245 3561 341 3626 scripsi
357 3553 492 3627 Ἀραβίων
511 3575 542 3608 τι
556 3556 603 3610 καί
616 3554 729 3622 Σόρων,
783 3561 828 3612 13:
848 3591 882 3601 -
913 3560 1033 3624 „femina
1055 3561 1155 3626 Ligus,
1178 3575 1246 3625 quae
1269 3559 1323 3609 tilio

185 3631 234 3680 ubi
257 3631 338 3696 vulgo
363 3631 440 3681 deest
463 3643 492 3678 τε
510 3635 537 3680 et
558 3647 606 3696 pro
625 3624 730 3692 Σόρων
781 3631 888 3692 abdito,
919 3646 979 3680 eum
1002 3629 1081 3679 simul
1110 3627 1251 3694 pecuniam
1280 3643 1323 3678 oo-

188 3700 377 3750 inveuiebatur
397 3692 559 3760 Ἀσσυρίων,
587 3700 659 3764 quod
677 3715 729 3749 me·
781 3700 878 3750 cultari
905 3698 1006 3750 milites
1032 3699 1212 3750 credidissent
1238 3713 1323 3762 eoque

186 3769 239 3818 rito
249 3769 302 3818 iam
313 3768 630 3820 damnaveratValoken.
649 3769 729 3820 Coni.
780 3785 827 3834 per
857 3769 994 3820 eruciatus
1025 3769 1240 3833 interrogarent,
1277 3767 1324 3816 ubi

186 3838 302 3888 Bredov.
331 3855 358 3904 p.
377 3838 420 3889 71.
442 3867 474 3876 —-
498 3840 541 3888 De
559 3839 653 3889 Marsa
672 3838 728 3890 vid.
780 3838 863 3888 fllium
889 3838 1040 3900 occuleret,
1069 3846 1164 3888 aleran
1190 3837 1324 3886 ostendens

186 3911 255 3959 nott.
275 3907 311 3958 ad
330 3908 368 3967 11,
391 3908 431 3958 18.
450 3933 484 3944 -
509 3908 666 3958 In‘verbis:
691 3898 729 3964 αἰς
779 3912 862 3959 latere
883 3907 1041 3971 respondit“
1065 3912 1117 3956 etc.
1154 3907 1195 3955 De
1218 3906 1322 3955 Lacae-

185 3972 233 4025 παλ
257 3966 303 4025 ἐπὶ
331 3975 511 4041 Ψαμμιτίχου
534 3965 608 4040 ἦσαν
631 3978 729 4028 srmve
779 3993 816 4028 ua
841 3976 951 4028 muliere
978 3975 1077 4026 similia
1105 3975 1190 4026 tradit
1216 3975 1322 4024 Plutar-

187 4045 266 4110 Spea.
291 4046 405 4107 Quaest.
427 4050 481 4095 eto.
504 4060 568 4111 pag.
591 4046 627 4096 26
649 4051 729 4097 notat
779 4047 844 4096 ohne
863 4047 945 4095 Morr.
965 4046 1002 4096 11.
1023 4061 1050 4110 p.
1068 4047 1115 4096 24¹
1132 4045 1163 4105 Β,
1182 4044 1228 4093 ubi
1247 4045 1322 4096 ueni.

183 4129 262 4166 usum
280 4113 431 4180 particulae
456 4107 493 4170 ὥς
518 4115 645 4166 rariorem
666 4121 729 4181 post
778 4114 972 4180 Wyttenbach.
995 4114 1197 4172 Animadversa.
1222 4113 1256 4163 T.
1282 4115 1321 4165 11.

183 4199 373 4250 praegressum
392 4174 480 4232 ταότὰ
498 4188 525 4233 et
542 4183 651 4236 similia.
778 4201 842 4250 pag.
869 4183 949 4243 1219;
986 4183 1019 4233 de
1041 4187 1184 4234 Persarum
1213 4183 1321 4232 feminis

218 4253 283 4316 τρία
305 4249 366 4302 ἔτεα
386 4243 605 4316 φρουρήσαντας
626 4245 728 4303 ἀπέλυε
779 4255 851 4304 cous.
874 4253 986 4303 eundem
1005 4253 1181 4304 Plutarchum
1200 4253 1238 4302 11.
1257 4267 1320 4317 pag.

183 4336 209 4372 s.
223 4339 246 4372 t.
259 4319 295 4388 ι]
312 4322 375 4374 ans
390 4321 666 4388 procreandorum,
683 4323 727 4385 οι,
779 4323 830 4373 ase
848 4323 881 4372 s.

711 3346 730 3416 ⁸,
781 3355 854 3404 Hiat.
873 3352 995 3402 Floreat.
1014 3351 1129 3404 LVIII.
1150 3354 1254 3416 profert
1269 3353 1325 3402 Ita-
