3064 4940
217 265 275 330 164

215 445 333 511 πέντε·
360 442 398 509 ἐν
410 453 496 508 τοῖσι
511 436 669 518 πολλάκις
683 437 745 525 μὲν
758 441 793 506 οί
803 440 917 525 Μῆδοι
939 428 1017 510 τούς
1029 427 1164 511 (luderis
1179 431 1351 519 ἐνίκησαν,
1458 472 1461 476 -

646 255 915 324 HERODOTI

216 543 374 623 πολλάκις
395 543 432 612 di·
452 546 487 611 οἱ
506 543 613 610 Λυδοὶ
632 539 709 621 τούς
730 539 890 629 Μήδους·
931 537 969 604 έν
991 533 1029 603 δὲ
1049 536 1104 604 καὶ
1124 540 1353 623 νυκτομαχίην

215 645 290 718 τινὰ
309 645 516 736 ἐποιήσαντο.
557 647 756 733 διαφέρουσι
783 645 824 712 δέ
842 662 904 728 σφι
933 639 987 706 ἐπὶ
1010 647 1083 726 ίσης
1108 636 1168 707 τὸν
1194 638 1351 726 πόλεμον,

215 755 261 844 τῷ
275 754 360 843 ἕκτῳ
374 756 443 819 dcet·
456 753 625 836 συμβολῆς
638 750 837 835 γενομένης,
858 741 1055 830 συνήνεικε,
1080 737 1165 810 ὥστε
1178 746 1236 830 τῆς
1248 740 1353 830 μάχης

216 917 294 982 cipue
313 914 472 966 consulendi
497 919 584 978 erunt,
606 914 652 980 qni
675 928 760 978 nuper

217 986 362 1037 admodum
372 985 578 1036 accuratissime
595 985 624 1032 in
639 983 706 1033 baec
720 983 760 1031 in-

216 1057 398 1120 quisiverunt:
440 1056 520 1119 airy,
558 1051 760 1118 Philosopbical

216 1125 413 1175 Transactiens
430 1123 532 1188 Ι(1853)
556 1123 616 1174 Vol.
642 1122 702 1174 143.
726 1122 758 1172 Ρ.

216 1197 243 1245 2.
262 1209 324 1260 pag.
346 1193 394 1245 181
414 1207 490 1258 seqq.
513 1191 560 1242 101
582 1207 656 1258 seqq.
675 1197 702 1242 et
717 1191 758 1242 Io.

216 1279 233 1313 a
243 1263 395 1328 Gumpacb:
411 1261 610 1328 Zeitrechnung
626 1263 653 1312 d.
667 1260 758 1326 Baby-

216 1333 271 1384 lon.
289 1349 317 1384 u.
336 1333 445 1397 Assyrr.
463 1349 490 1397 p.
510 1331 634 1383 77-94.

252 1393 282 1452 έν
316 1396 347 1452 δέ
383 1398 431 1451 καλ
468 1399 661 1465 νυκτομαχίην
695 1389 759 1448 τινὰ

216 1461 400 1535 ἐποιήσαντο]
420 1460 450 1519 έν
468 1463 499 1519 dl
519 1469 578 1520 scil.
598 1472 658 1526 τοῖς
675 1463 757 1517 πέντε

216 1535 288 1589 ἔτεσι
310 1531 436 1602 τούτοις,
466 1543 496 1588 ut
518 1543 611 1588 monet
634 1539 758 1604 Wytten·

216 1608 295 1659 bacb.
332 1609 361 1658 in
392 1607 498 1660 selectt.
534 1608 599 1658 bist.
636 1623 662 1672 p.
696 1606 756 1657 350.

199 1677 369 1744 ¹Schweigb.
407 1677 514 1743 supplet
546 1669 661 1734 ταάταις
697 1677 758 1732 ταῖς

215 1739 325 1812 μάχαις.
344 1747 398 1798 Sed
412 1748 477 1797 mihi
489 1763 544 1797 non
555 1745 675 1809 dubium,
692 1745 758 1810 quin

216 1817 372 1867 Herodotus
391 1817 569 1883 quinquennii
584 1817 663 1867 istius
676 1820 758 1864 antea

216 1887 358 1936 memorati
379 1888 498 1952 spatium
525 1886 647 1937 indicare
667 1883 759 1935 volue-

216 1957 260 2018 rit,
279 1973 339 2006 cum
357 1957 531 2022 νυκτομαχίη
551 1972 582 2006 ea
601 1957 638 2006 sit
658 1969 758 2020 pugna,

216 2041 285 2092 quae
302 2030 365 2091 post
377 2026 512 2076 accidisse
529 2031 664 2089 narratur,
682 2028 758 2074 sexto

216 2094 280 2145 belli
300 2111 380 2158 anno,
400 2096 447 2146 ubi
465 2095 507 2145 sol
526 2095 634 2145 defecit.
655 2095 758 2144 Deusu

216 2163 363 2213 locutionis
387 2154 422 2213 έν
447 2158 483 2213 δὲ
513 2165 585 2215 conf.
608 2165 757 2214 Hermann.

148 2292 153 2301 Ι
218 2232 252 2282 ad
269 2231 361 2296 Viget.
381 2249 443 2298 pag.
468 2235 528 2286 854.
552 2264 588 2274 -
610 2235 652 2284 Ad
674 2232 758 2282 verba

217 2293 262 2350 tut
287 2297 350 2365 ίσης
376 2307 460 2368 (quae
486 2303 520 2354 de
550 2319 632 2367 aeque
653 2302 758 2366 fortuna

216 2369 394 2436 intelligenda
412 2375 484 2434 sunt,
502 2371 550 2422 ubi
566 2387 654 2437 aequo
669 2373 759 2421 Marte

216 2439 353 2505 utrimque
372 2440 505 2498 certatur)
528 2443 601 2493 conl.
619 2441 758 2491 Lambert.

217 2511 282 2560 Bos.
304 2509 337 2560 de
355 2509 467 2575 Ellipss.
485 2511 518 2561 L.
541 2511 588 2562 Gr.
613 2525 676 2576 pag.
697 2508 758 2560 499.

217 2578 308 2644 Vulgo
318 2579 454 2658 'supplens
471 2573 558 2645 τάχης
577 2595 604 2656 s.⁸
618 2578 728 2644 μοίρας.

253 2661 400 2713 σονηνεικε
427 2663 497 2698 uere
520 2679 555 2690 —
576 2664 629 2713 την
647 2639 760 2712 ’ἡμέρην

217 2707 354 2781 έξακίυης
372 2709 620 2782 susceperimus]
640 2717 760 2768 Attende

217 2786 324 2836 dicendi
340 2788 472 2838 rationem
491 2789 689 2850 Herodoteam,
714 2803 760 2851 po-

217 2855 339 2921 pularem
357 2858 454 2922 magis,
473 2863 504 2906 ut
519 2858 558 2907 ita
580 2857 683 2920 dicam,
703 2855 760 2906 vul·

217 2927 299 2992 gique
321 2927 494 2990 opinionibus
516 2927 759 2989 accommodatam,

217 3011 278 3045 cum
301 2995 335 3046 de
356 2995 451 3058 totali,
482 3013 550 3061 quae
574 2997 686 3060 dicitur,
714 2997 760 3046 de-

217 3065 335 3114 lectione
353 3065 398 3115 bic
421 3071 535 3131 agatur;
559 3067 631 3117 conf.
654 3067 677 3128 Ι,
700 3065 757 3117 103.

216 3131 338 3196 v11,37.
359 3134 408 3197 IX,
428 3135 469 3186 10.
487 3135 624 3186 Letronne
637 3135 664 3185 in
679 3137 759 3188 Jour-

217 3201 264 3252 nal
290 3203 316 3253 d.
341 3202 406 3254 Sar.
434 3204 507 3255 1838.
530 3221 592 3271 pag.
616 3204 668 3257 340
691 3221 759 3270 seq,

216 3271 289 3322 unde
300 3287 350 3323 nec
362 3273 489 3324 inscitiae
506 3291 556 3325 nec
575 3275 672 3325 erroris
683 3274 758 3325 litem

217 3342 343 3407 scriptori
364 3343 517 3407 intendam,
536 3345 608 3410 quod
626 3345 666 3394 ita
682 3345 759 3394 nimi-

216 3427 275 3462 rum
294 3412 330 3461 sit
349 3411 455 3464 locutus
474 3415 591 3480 speciem
613 3415 700 3480 magis
718 3429 758 3464 se-

216 3486 304 3544 cutus,
324 3497 404 3547 quam
420 3485 458 3548 id,
477 3484 549 3550 quod
567 3499 596 3535 re
618 3499 684 3534 vera
702 3489 757 3544 σοις

216 3567 277 3602 cum
295 3567 364 3617 quae
382 3569 447 3604 vera
471 3559 544 3604 esset
565 3569 649 3604 causa
670 3569 758 3619 aeque

215 3621 355 3686 ignoraret
376 3628 458 3688 atque
475 3623 599 3688 plerique
617 3639 710 3673 omnes
727 3621 758 3671 il-

215 3689 269 3741 lius
288 3693 399 3744 aetatis.
418 3693 471 3744 Sed
486 3692 609 3743 Thaletis
627 3693 757 3744 defectio-

216 3775 277 3810 nem
294 3761 381 3825 ipsam
399 3762 580 3826 praedicentis
598 3777 684 3826 eoque
703 3778 758 3812 ma·

215 3828 300 3877 ierem
329 3829 424 3880 barum
452 3847 540 3881 rernm
574 3832 756 3896 cognitionem

216 3895 380 3947 declarantis
398 3901 498 3950 mentio
513 3901 585 3951 haud
604 3905 663 3951 erat
680 3916 757 3966 prae·

216 3966 398 4028 termittenda,
417 3984 470 4033 quo
488 3970 575 4035 magis
593 3969 639 4020 ille
659 3970 710 4020 bac
727 3985 757 4021 re

215 4049 297 4097 supra
314 4035 412 4100 vulgus
431 4039 551 4088 eminuit.
571 4041 655 4100 Quem
667 4040 756 4105 ipsum

215 4103 314 4152 eximia
336 4107 518 4156 astronomiae
541 4108 657 4158 scientia
679 4108 756 4159 valn-

213 4173 268 4221 issc
279 4173 351 4238 quod
363 4173 425 4224 inde
437 4174 577 4241 colligunt,
589 4176 616 4226 id
628 4179 755 4242 quodam-

214 4242 292 4292 modo
311 4243 527 4308 restringendum
554 4245 676 4308 videtur,
694 4265 755 4299 cum

212 4313 258 4362 vix
277 4311 406 4363 credibile
424 4313 469 4378 sit,
487 4315 557 4365 hauc
575 4315 755 4368 defectionem

810 910 876 976 solis
895 911 935 959 ita
953 909 1037 960 luisse
1054 908 1230 974 praedictam,
1249 913 1279 957 ut
1293 907 1351 957 dies

810 986 894 1046 atque
911 979 979 1030 bora
1001 985 1131 1029 accurate
1152 978 1273 1028 indicata
1296 977 1352 1028 sus-

812 1052 861 1112 rit,
887 1048 936 1099 sed
963 1049 992 1098 in
1019 1049 1079 1113 ipso
1108 1064 1180 1099 anne
1206 1047 1351 1097 indicando

809 1127 996 1170 astronomum
1019 1133 1049 1167 se
1072 1117 1240 1167 continuisse
1256 1117 1352 1181 proba-

809 1189 863 1240 bile
881 1187 930 1239 fiat
951 1203 984 1238 ex
1008 1187 1076 1252 ipsis
1095 1187 1190 1238 Nostri
1211 1186 1352 1306 scriptoris

809 1259 913 1310 verbis:
939 1245 1030 1321 σῦρον
1054 1255 1237 1321 προθέμενος
1273 1269 1352 1304 νιαυ-

808 1321 860 1378 τὸν
879 1323 997 1391 τοῦτον,
1023 1317 1092 1394 ένῷ
1116 1319 1153 1390 δὴ
1175 1321 1223 1374 καί
1243 1319 1368 1390 ἐγένετο,

807 1389 825 1462 ἡ
843 1387 992 1462 μεταβολή.
1011 1395 1091 1448 Cani.
1110 1395 1309 1446 SaintMartin.
1329 1392 1351 1443 l.

807 1467 827 1518 l.
851 1481 914 1532 pag.
938 1467 973 1516 40
995 1481 1052 1531 seq.
1087 1467 1155 1516 Inde
1179 1480 1286 1531 quoque
1307 1461 1353 1514 vel
1419 1471 1424 1480 ·

808 1537 910 1586 seriore
941 1539 1033 1585 aetate
1064 1535 1158 1586 sedule
1192 1535 1352 1586 adnotatum

808 1607 893 1656 fuisse
911 1605 1044 1668 videmus,
1062 1606 1172 1671 quando
1190 1620 1259 1670 quae
1276 1618 1352 1670 prae·

809 1675 883 1726 dicta
903 1675 956 1724 luit
975 1674 1107 1739 delectio,
1125 1677 1187 1740 ipsa
1208 1673 1350 1733 acciderit;

809 1745 838 1795 id
855 1744 927 1812 quod
948 1745 994 1793 vix
1017 1745 1120 1795 iactum
1143 1745 1255 1808 inisset,
1277 1744 1301 1794 si
1318 1741 1351 1791 de

809 1815 854 1865 bis·
882 1820 937 1864 tam
965 1819 1040 1864 certo
1068 1830 1225 1879 persuasum
1254 1814 1352 1863 luisset

810 1883 957 1935 veteribus.
991 1885 1034 1934 Tu
1061 1885 1116 1936 vid.
1135 1884 1263 1934 Bredovii
1284 1883 1352 1933 Ura-

810 1953 903 2019 nolog.
926 1954 1058 2004 Herodot.
1081 1969 1109 2019 p.
1126 1953 1253 2004 XXXIX.
1275 1967 1350 2018 seqq.

810 2029 838 2074 et
853 2024 949 2074 Ukert.
970 2023 1123 2089 Geograpb.
1143 2025 1166 2086 1,
1187 2023 1209 2074 l.
1228 2039 1292 2089 pag.
1308 2023 1351 2072 52.

810 2095 930 2156 Quorum
958 2091 1004 2142 ille
1026 2093 1136 2144 Thaleti
1164 2109 1255 2144 veram
1280 2091 1352 2143 defc-

809 2163 909 2214 ctionis
948 2177 1060 2212 causam
1097 2164 1235 2229 cognitam
1267 2162 1352 2212 luisse

809 2238 905 2298 negat;
925 2247 975 2281 nec
999 2233 1141 2298 quisquam
1158 2247 1225 2282 sano
1243 2231 1350 2292 dixerit,
1421 2261 1424 2266 -

808 2303 880 2352 unde
908 2301 1061 2352 istiusmodi
1090 2301 1214 2352 notitiam
1242 2300 1349 2350 omuino

809 2371 946 2436 acceperit
974 2371 1083 2422 Thales.
1123 2372 1165 2419 Ex
1194 2368 1349 2434 cognitione

810 2441 896 2506 cycli,
911 2441 969 2491 sive
989 2457 1022 2491 ex
1033 2438 1172 2504 Babylone
1185 2439 1242 2487 sive
1255 2451 1287 2487 ex
1296 2435 1346 2485 Ae·

810 2515 893 2576 gypto
912 2516 1035 2575 accepta,
1048 2507 1176 2574 explicari
1188 2507 1255 2557 haec
1269 2519 1348 2571 posse

811 2581 950 2630 existimat
966 2582 1095 2631 Peterson
1118 2579 1159 2628 in:
1181 2576 1254 2642 Allg.
1273 2573 1348 2626 Hall.

811 2651 864 2700 Lit.
875 2649 943 2700 Zeit.
964 2649 1040 2700 1831.
1052 2665 1093 2699 nr.
1110 2649 1153 2700 00.
1169 2663 1194 2712 p.
1210 2647 1351 2710 158.,quo·

811 2735 871 2769 cum
881 2719 963 2770 etiam
974 2713 1155 2770 conferendus
1162 2718 1225 2768 Biot
1234 2717 1262 2766 in
1272 2716 1289 2768 J
1292 2730 1351 2766 our-

811 2789 856 2839 nal
875 2789 921 2838 des
940 2791 1046 2840 Savans
1068 2787 1143 2840 1843.
1164 2804 1189 2851 p.
1208 2787 1269 2838 612.
1300 2785 1352 2836 Ne-

811 2873 863 2922 que
889 2857 969 2909 aliter
993 2859 1090 2908 statuit
1116 2858 1219 2908 Martin
1241 2856 1260 2906 l.
1284 2854 1301 2905 1.
1323 2870 1350 2918 p.

810 2929 843 2977 47
862 2943 948 2993 seqq„
978 2929 1024 2992 qui
1048 2926 1203 2990 Thaletem,
1230 2941 1247 2976 a
1274 2924 1351 2974 cuius

808 3002 901 3047 aetate
918 2997 1074 3047 accuratius
1097 2998 1206 3047 omnino
1230 2999 1352 3044 astrono-

808 3067 880 3117 miae
898 3068 1017 3116 studium
1034 3067 1105 3117 inter
1129 3067 1248 3118 Graecos
1271 3063 1351 3128 origi-

808 3153 869 3186 nem
889 3137 1007 3200 ceperit,
1029 3137 1057 3186 in
1074 3137 1198 3202 Aegypto
1226 3133 1352 3184 edoctum

808 3206 1006 3257 Chaldaeorum
1028 3221 1133 3272 quoque
1154 3205 1296 3271 periodum
1312 3201 1351 3252 lu-

808 3291 900 3326 narem
930 3277 1092 3342 cognovisse
1123 3277 1285 3326 arbitratur:
1320 3275 1351 3322 ut

806 3345 870 3396 inde
888 3345 996 3396 facilius
1013 3345 1057 3395 ille
1075 3345 1235 3396 defectionis
1250 3357 1351 3393 annum

808 3414 919 3466 delinire
939 3415 1062 3480 adeoque
1084 3415 1241 3479 praedicere
1257 3417 1351 3478 potue·

807 3485 853 3536 rit.
884 3485 953 3536 Inde
981 3486 1010 3534 in
1033 3485 1238 3548 Pseudoriginis
1260 3481 1350 3533 Philo·

808 3553 885 3624 soph.
904 3571 931 3620 p.
947 3554 963 3604 5
977 3555 1020 3605 ed.
1030 3552 1127 3604 Miller.
1146 3553 1246 3604 Thales
1264 3557 1350 3603 astro-

809 3623 927 3674 nomiam
940 3624 999 3688 ipse
1009 3623 1146 3673 invenisse
1160 3623 1270 3673 dicitur.
1290 3622 1350 3671 lam

808 3693 841 3743 dc
868 3707 901 3743 ea
922 3693 1117 3758 superstitione
1138 3699 1272 3754 veterum,
1296 3705 1348 3755 qna

807 3761 873 3812 nrali
902 3762 966 3827 quid
996 3761 1194 3829 defectionibus
1225 3758 1349 3827 portendi
1402 3763 1405 3770 '

807 3831 997 3898 opinabantur,
1015 3847 1123 3882 monere
1147 3847 1200 3880 nen
1219 3846 1296 3895 opus.

842 3893 989 3964 συνήνεικε
1011 3892 1098 3952 ὥστε
1114 3931 1149 3940 -
1166 3893 1218 3964 τὴν
1240 3890 1349 3964 ἡμέρην

807 4001 842 4009 -
864 3968 1010 4036 γενέσθαι]
1039 3971 1072 4021 In
1101 3970 1142 4020 bis
1174 3967 1350 4048 notantnviri

807 4040 881 4090 docti
900 4040 1095 4090 abundantiam
1106 4038 1256 4104 particulae
1269 4051 1348 4100 ωσιε,

807 4125 868 4161 cum
885 4109 999 4174 simplex
1023 4109 1174 4159 infinitivus
1193 4107 1364 4173 plerumque,

806 4179 857 4229 bac
879 4179 907 4229 in
934 4179 1072 4230 locutione
1099 4179 1263 4229 inveniatur.
1295 4175 1348 4227 Sed

806 4248 915 4299 additae
944 4249 1096 4314 particulae
1124 4247 1246 4312 exempla
1272 4246 1349 4297 dabit

806 4319 944 4372 Schaeler.
969 4319 1003 4369 ad
1026 4318 1123 4370 Lamb.
1152 4319 1216 4368 Bos.
1248 4316 1281 4368 de
1303 4313 1348 4366 El·
