3064 4940
571 201 696 266 CLIO.
720 206 745 266 Ι.
767 213 811 270 39.
836 215 880 268 40.
908 213 952 269 41.
1289 209 1330 274 87

189 380 348 466 συμφορῇ
370 377 606 464 πεπληγμένον
622 375 736 468 ἀχάρι,
756 380 818 470 τήν
832 408 883 450 τοι
896 377 959 451 οὐκ
973 378 1143 470 ὀνειδίζω,
1164 384 1328 476 ἐκάθηρα,

190 483 246 550 καὶ
260 486 395 550 οἰκίοισι
412 475 658 568 ’ὑποδεξάμενος
672 489 752 571 ἔχω,
768 488 923 576 παρέχων
937 491 1048 556 πᾶσαν
1062 487 1233 578 δαπάνην·
1263 495 1328 561 νῦν

148 578 240 655 2οιον
261 581 425 673 (ὀφείλεις
453 581 533 672 γὰρ,
563 586 642 673 ἐμεῦ
670 589 930 678 προποιήσαντος
955 589 1079 682 χρηστή
1107 595 1140 674 ἐς
1162 593 1217 680 ολ,
1243 623 1325 684 χρη-

191 696 301 758 στοῖσί
317 717 358 778 με
378 685 593 778 ἀμείβεσθαι)
614 687 748 777 φύλακα
768 693 885 773 παιδός
899 715 936 764 σε
957 701 1016 766 τοῦ
1039 698 1120 785 ἐμοῦ
1132 705 1253 786 χρηῖζω
1268 725 1325 785 γε·

192 796 313 862 νέσθαι
334 795 367 872 ἐς
386 789 496 880 ἄγρην
515 787 737 880 ὁρμεομένου·
765 795 810 884 μή
829 823 917 878 τινες
938 796 1009 868 κατ’
1025 793 1107 868 itio
1121 806 1251 884 κλιόιιις
1265 831 1326 872 κα·
1383 794 1387 802 ’

195 901 333 982 κοῦργοι
354 895 408 964 ἐπὶ
428 893 566 984 δηλήσει
587 897 737 983 φανέωσι
757 894 848 988 ὑμίν.
878 898 959 988 πρὸς
981 901 1018 971 δὲ
1031 902 1137 996 τούτῳ
1156 907 1211 974 καί
1225 909 1265 976 σε’
1277 934 1328 976 τοι

196 1055 249 1126 τήν
273 1075 317 1111 τοι
343 1052 395 1111 oris
418 1051 560 1123 ὀνειδίζω,
592 1053 738 1127 insieme.-
790 1066 866 1129 dum‚
886 1069 989 1132 quoII‚
1010 1070 1067 1120 141.
1087 1070 1139 1132 ΙΙΙ,
1158 1073 1200 1122 49.
1220 1073 1329 1138 15211,

113 1146 116 1154 ’
196 1145 263 1196 „epo
297 1140 322 1182 ιε
347 1134 416 1182 tristi
441 1147 556 1195 pressum
588 1135 738 1198 calamitate,
791 1136 851 1189 103.
887 1137 949 1188 Alia
966 1137 1042 1188 dabit
1065 1139 1197 1192 Matthiae
1216 1142 1262 1194 Gr.
1282 1145 1329 1196 Gr.

194 1217 267 1268 quam
289 1202 335 1252 tibi
362 1217 408 1252 non
432 1201 574 1266 εωμνοδνο,
606 1205 739 1254 miratum
788 1204 813 1268 ξ.
834 1207 886 1257 414
904 1213 960 1259 not.
980 1211 1006 1258 2.

192 1270 326 1334 εφμίοοί.“
362 1271 444 1322 Cuius
470 1271 594 1323 lectionis
619 1275 737 1339 patroci-
823 1267 864 1340 μή
882 1291 956 1335 τινες
979 1267 1042 1327 κατ’
1063 1267 1135 1328 ὁδὸν
1157 1274 1266 1336 κλῶπες
1284 1295 1332 1328 rtu-

192 1342 265 1391 nium
289 1340 352 1390 inde
379 1342 461 1406 petit,
493 1342 564 1407 quod
586 1343 735 1394 Herodotei
786 1343 905 1412 κοόργοι
924 1337 970 1396 lui
983 1339 1099 1412 δηλήσει
1111 1343 1238 1412 φανέωσι
1250 1339 1332 1415 ὑμῖν]

192 1411 300 1488 codices
332 1411 480 1476 praebeant
507 1403 735 1492 eizoiqsrc'rcu-
786 1415 874 1466 Simili
890 1417 984 1481 modo,
1003 1422 1033 1468 ut
1047 1417 1095 1468 Or.
1108 1423 1200 1481 notat,
1218 1419 1330 1470 Homer.

191 1480 308 1546 θηματα
336 1481 361 1543 Ι,
390 1481 440 1533 207
471 1487 500 1532 et
522 1479 734 1546 ἀχαριτωτα-
785 1485 886 1550 Odyss.
906 1487 983 1550 VIII,
1003 1488 1068 1539 444:
1092 1479 1176 1554 μήτις
1194 1503 1238 1537 τοι
1256 1480 1331 1538 καθ’

191 1565 250 1601 τον
258 1550 394 1612 910150,
405 1551 611 1631 necquidquam
623 1553 733 1604 omniuo
784 1546 856 1605 ὁδὸν
867 1549 1027 1622 δηλήσεται,
1039 1557 1253 1610 ubillustathius
1264 1576 1328 1626 pag.

193 1621 311 1700 diliefat,
336 1627 426 1672 utrum
447 1621 571 1686 αχαρίτῳ
589 1623 733 1684 scribatur,
784 1625 844 1690 310,
863 1628 897 1677 44
917 1627 959 1678 ed.
978 1628 1078 1679 Basil.:
1102 1620 1134 1677 τὸ
1158 1625 1191 1678 δὲ
1212 1621 1331 1694 δηλήσε-

194 1707 229 1743 au
244 1687 402 1756 αχαρίστφ,
426 1691 518 1754 prouti
534 1681 687 1755 ἀθέμιστος
707 1697 735 1742 st
785 1709 830 1742 ται
858 1685 993 1759 εὐφήμως
1021 1689 1101 1746 εἶπεν
1132 1688 1177 1746 lut
1211 1695 1331 1762 ιιλοιιῆς.

192 1753 338 1825 ὀθὲμιιος.
371 1759 476 1820 Quibus
494 1765 585 1810 temon
601 1761 648 1810 vix
664 1761 736 1826 quis·
786 1755 1056 1814 Adloeutionsmlut
1069 1757 1194 1829 δηλήσει,
1206 1782 1276 1832 ques
1289 1783 1332 1816 ea

193 1847 273 1896 quam
297 1829 520 1895 persuadebitur,
551 1833 582 1879 ut
602 1831 737 1880 Herodoti
788 1833 849 1882 dem
866 1833 947 1885 obvia
960 1835 1008 1894 IV,
1023 1833 1082 1896 112,
1101 1833 1138 1882 oi.
1152 1849 1222 1898 quse
1240 1836 1334 1885 attulit

193 1905 297 1951 textum
316 1899 460 1950 immutare
477 1899 560 1961 velit,
580 1915 658 1964 quem
674 1915 688 1949 e
706 1900 737 1949 li·
787 1901 905 1952 Werier.
923 1903 952 1951 in
970 1903 1045 1952 nott.
1069 1901 1145 1966 phill.
1164 1903 1290 1953 Menace.
1309 1905 1334 1966 1,

194 1972 249 2021 bris
278 1970 396 2020 vetustis
426 1971 528 2020 rectius
559 1970 738 2020 constitutum
788 1973 814 2022 2.
838 1987 866 2036 p.
885 1969 946 2023 207.
986 1971 1069 2022 Nolui
1090 1971 1215 2036 equidem
1239 1978 1335 2023 contra

195 2056 254 2092 esse
279 2039 411 2090 videmus.
455 2039 581 2094 Recurrit
604 2031 736 2104 συμφορὴ
787 2041 916 2092 librorum
933 2041 1096 2106 scriptorum
1111 2041 1191 2092 fidem
1215 2043 1335 2093 scribere

193 2101 365 2174 ἄχαριςΙἾΙ,
383 2110 442 2174 190,
462 2109 600 2172 eoll.v11,
616 2109 659 2171 37,
679 2109 737 2159 red·

195 2181 319 2248 diturque
347 2182 441 2239 tristis,
465 2180 569 2242 funesta
595 2182 735 2230 calamitae.

195 2251 234 2301 Ac
253 2265 334 2314 supra
349 2249 376 2313 1,
395 2249 429 2300 38
447 2249 484 2301 in.
510 2238 575 2298 οὔτε
596 2239 664 2298 ἄλλο
688 2239 737 2298 οό-

195 2315 245 2370 etv
262 2309 363 2384 ἄχαρι
381 2311 512 2382 παριδών
533 2332 586 2367 τοι.
604 2319 672 2370 ileo
691 2319 739 2368 mi-

195 2405 246 2440 uus
264 2390 333 2440 bene
351 2387 513 2439 Plutarchus
531 2388 564 2438 de
582 2387 655 2439 adul.
672 2405 738 2454 pag.

195 2461 229 2511 64
253 2460 290 2522 Α,
322 2473 400 2523 quem
431 2457 526 2508 laudet
554 2458 737 2524 Wcsseling.:

195 2527 273 2578 πᾶσα
292 2519 483 2591 ὀνειδιζομένη
508 2519 589 2592 χάρις
608 2519 738 2593 ἐπαχθής

195 2595 243 2649 sel
260 2587 374 2663 ἄχαρις,
393 2598 440 2648 ubi
457 2612 528 2648 nnnc
540 2596 603 2647 vide
614 2598 738 2663 Wytten·

196 2667 275 2719 bach.
294 2684 321 2732 p.
340 2665 407 2729 494,
431 2668 477 2732 qui
494 2666 669 2718 Plutarchum
686 2667 738 2718 hoc

196 2737 411 2802 eTheopbrasti
432 2736 476 2786 vel
494 2736 640 2802 Chrysippi
661 2737 737 2787 libris

197 2809 230 2858 de
255 2807 375 2858 amicitie
398 2807 528 2857 sumsisse
551 2811 631 2871 putat
658 2807 738 2856 alias-

197 2893 249 2944 que
267 2876 369 2927 similes
387 2880 508 2926 veterum
520 2877 672 2927 sententias
684 2875 738 2926 col-

194 2946 303 3007 laudem
324 2945 483 3011 quibuscum
500 2946 650 3010 iungenda,
669 2962 738 3011 qnae

196 3019 230 3066 de
254 3017 380 3066 fortunae
398 3015 608 3080 exprobratione
631 3032 646 3066 e
666 3021 739 3067 vete-

196 3087 271 3138 ribus
291 3087 370 3137 affert
386 3085 520 3136 Valeheu.
538 3085 573 3134 ed
591 3085 617 3135 h.
635 3085 654 3136 l.
687 3088 739 3137 Est

197 3171 303 3224 qnoque
330 3156 358 3205 in
380 3155 536 3206 Herodoteo
565 3155 625 3206 loco
648 3156 739 3206 litotes

197 3225 330 3292 quaedem
358 3239 409 3274 nec
432 3225 500 3274 alias
530 3225 638 3275 omnino
668 3242 739 3288 rara,

197 3295 232 3347 da
250 3311 304 3361 qua
317 3296 339 3346 1.
353 3296 389 3345 Η.
403 3295 484 3346 Voss.
502 3294 537 3346 ad
549 3295 626 3361 Virg.
640 3297 739 3361 Georg.

197 3367 250 3428 111,
270 3367 295 3418 5.
314 3381 342 3430 p.
359 3365 419 3416 518.

231 3432 335 3500 χρηίζω
357 3429 502 3500 γενέσθαι]
535 3432 602 3482 Cum
624 3435 741 3482 recentt.

198 3505 277 3556 editt.
302 3503 364 3554 dedi
386 3500 538 3568 χρηΐζωσι
560 3517 622 3552 mox
649 3500 743 3551 eFlo-

199 3576 306 3626 rentiuo
327 3573 442 3639 aliisque
464 3573 541 3622 libris
567 3563 743 3635 ὀρμεομένον

198 3660 248 3710 pro
259 3644 334 3708 vulg.
351 3633 539 3707 ὁρμεωμένον.
571 3640 650 3706 Quod
659 3640 744 3690 Adra·

199 3719 272 3764 stum
289 3713 344 3764 tilio
364 3712 480 3763 Croesus
499 3710 576 3762 addit
594 3711 744 3772 custodem,

201 3785 279 3848 eique
306 3798 411 3834 omnem
433 3781 482 3832 filii
505 3797 596 3831 curam
615 3785 642 3831 et
669 3795 744 3831 secu-

199 3855 310 3904 ritatem
333 3853 481 3918 permittit‚
505 3851 558 3901 hoo
580 3851 675 3916 opinor
700 3866 745 3900 ex-

199 3923 354 3989 plicandum
365 3937 398 3972 ex
407 3921 627 3988 paedagogorum
638 3920 745 3970 ratione

201 3991 274 4058 apud
304 3995 425 4054 veteres,
459 3990 607 4056 antiquiori
637 3989 746 4055 potissi-

200 4079 272 4113 mum
290 4077 358 4112 sevo
376 4061 499 4126 adeoque
516 4061 635 4112 heroico.
653 4089 689 4098 -
712 4060 745 4109 In

200 4131 301 4194 verbis,
320 4145 389 4197 quae
407 4129 586 4182 antecedunt:
605 4120 747 4193 προποιή-

202 4215 305 4257 σαντος
318 4192 427 4321 χρηστὰ
444 4191 474 4257 λς
489 4195 538 4262 σὲ,
554 4200 656 4250 Noster
667 4213 745 4263 prae-

202 4271 339 4340 positione
374 4285 387 4329 ς
408 4285 474 4322 usus
497 4274 539 4322 est
563 4284 623 4322 eum
643 4268 671 4318 in
689 4283 745 4320 mo-

788 2101 834 2160 ἐιιλ
852 2103 967 2175 δηλήσι,
988 2110 1212 2176 quemadmodum
1227 2113 1334 2163 Bekke-

787 2196 833 2230 rus
859 2179 934 2230 dedit
958 2181 1139 2247 probavitque
1164 2181 1280 2233 Bredov.
1305 2199 1333 2248 p.

787 2250 847 2312 207,
877 2265 938 2300 cum
961 2251 989 2300 in
1011 2251 1112 2302 talibus
1136 2252 1183 2301 vix
1207 2257 1283 2302 certa
1306 2258 1335 2303 et

790 2322 928 2371 constanti
960 2321 1066 2371 ratione
1092 2323 1222 2372 Nostrum
1253 2338 1334 2373 usum

789 2405 850 2441 esse
868 2389 1037 2442 crediderim.
1055 2421 1090 2431 -
1117 2392 1252 2454 „Horatio
1270 2397 1334 2442 sunt

789 2463 848 2510 mali
865 2461 941 2524 sures
962 2460 991 2510 in
1015 2461 1098 2512 Satir.
1115 2462 1144 2523 1,
1165 2460 1262 2523 1,70,
1288 2463 1335 2512 ubi

789 2545 865 2580 cous.
881 2529 1026 2580 Heindorf.
1063 2531 1105 2581 Ad
1122 2531 1199 2581 verbi
1217 2529 1335 2594 φαίνειν

789 2601 912 2650 usumin
930 2599 1031 2650 talibus
1048 2601 1122 2653 conf.
1141 2600 1251 2651 Platon.
1269 2602 1336 2652 Pro·

789 2675 878 2735 tegor.
891 2669 951 2720 init.
971 2661 1242 2735 αόθεν-φαίνειςς
1263 2669 1335 2736 quod

789 2739 884 2790 Cicero
908 2740 1054 2804 expressit:
1082 2741 1204 2802 „„llnde
1224 2740 1335 2791 tandem

789 2807 963 2872 apparea!““
994 2808 1064 2858 400.
1079 2809 1221 2859 Ruhnken.
1235 2809 1271 2858 ed
1283 2811 1336 2860 Xe-

789 2878 919 2942 nophont.
938 2879 1107 2928 Memorebb.
1128 2878 1234 2928 Socrut.
1254 2878 1292 2940 ΙΙ,
1308 2880 1341 2941 8,·

789 2949 818 2998 in
840 2947 958 3013 Opnscc.
982 2948 1005 3000 I.
1035 2963 1098 3014 pag.
1118 2947 1170 2998 473
1195 2947 1238 2997 ed.
1256 2947 1334 2998 Leid.

789 3017 937 3098 alt.“·0r.
1006 3078 1013 3096 Ι
1166 3080 1172 3096 ,
1311 3077 1317 3094 .

791 3083 949 3222 ἒοῗιρόὀνόιὲ]
960 3081 1174 3221 τῧόιλὲοικαήρόξ
1189 3097 1336 3218 0οιὀόὀόοοῖ

792 3226 869 3276 cuins
878 3224 940 3276 loco
950 3225 1123 3287 volutionem,
1134 3224 1169 3274 ad
1182 3239 1261 3289 quern
1272 3230 1336 3290 post

791 3295 909 3345 accessit
930 3295 1041 3360 Neptis,
1068 3295 1224 3358 proposuit:
1250 3287 1337 3358 πρὸς
1364 3340 1366 3342 ,

792 3357 844 3424 δὲ,
873 3353 904 3418 ἐς
930 3360 1036 3410 τοῦτο
1063 3359 1111 3410 και
1136 3356 1166 3409 σέ
1186 3375 1229 3408 τοι
1252 3377 1295 3425 χρ.
1315 3353 1336 3410 ἒ.

792 3427 859 3494 ltu,
878 3433 910 3480 nt
928 3421 956 3488 ἐς
974 3428 1058 3478 τοῦτο
1076 3431 1205 3494 iungatur
1223 3444 1283 3478 cum
1300 3425 1338 3478 ίε’-

794 3515 841 3550 ναι
865 3499 946 3550 simili
977 3500 1034 3548 lere
1061 3498 1156 3556 modo,
1182 3513 1235 3562 quo
1263 3493 1338 3546 ίὲναι

794 3585 855 3621 cuns
878 3561 905 3626 λς
928 3569 1050 3618 iunctum
1072 3567 1224 3631 reperiatur
1246 3567 1269 3628 1,
1293 3569 1337 3617 42.

794 3640 831 3702 II,
846 3639 887 3701 lh,
900 3643 928 3687 ct
945 3629 1018 3700 πρὸς
1031 3632 1062 3685 δὲ
1080 3635 1215 3686 Herodoti
1235 3651 1268 3686 ex
1286 3651 1339 3688 usu

795 3708 944 3774 explicetur
961 3715 1109 3770 praeterea.
1147 3705 1179 3755 In
1202 3721 1254 3772 quo
1278 3707 1339 3758 Rei-

796 3781 853 3830 rins
872 3780 1006 3829 Batavum
1029 3777 1138 3828 doctum
1156 3782 1266 3829 secutus
1286 3783 1337 3842 est,

795 3849 979 3900 coniecturam
998 3848 1026 3896 in
1044 3852 1148 3898 textum
1167 3848 1256 3913 ipsum
1271 3849 1340 3899 reoi-

795 3913 881 3986 p'iens,
895 3933 912 3968 a
927 3917 1039 3984 reliquis
1051 3917 1112 3968 edd.
1125 3919 1264 3982 reiectam,
1278 3933 1339 3968 cum

796 3987 842 4040 alii
861 3989 923 4038 libri
938 3989 1039 4039 ferrent
1057 3979 1130 4052 πρὸς
1147 3980 1179 4036 δὲ
1195 3980 1287 4051 τούτῳ
1308 3987 1337 4050 (i.

797 4076 820 4110 e.
841 4067 991 4124 praeterea,
1011 4057 1048 4108 ad
1064 4055 1152 4122 haec),
1177 4058 1248 4123 quod
1267 4055 1339 4106 idem

796 4127 859 4179 olim
880 4129 992 4179 Reiskio
1016 4129 1045 4178 in
1070 4132 1188 4178 mentem
1213 4130 1338 4177 venerat.

796 4198 934 4249 Perticnla
956 4213 1000 4248 τοι
1021 4213 1075 4249 non
1095 4198 1199 4248 sinaei
1221 4194 1340 4260 quadem

797 4268 904 4321 adiecta
922 4273 978 4334 est,
997 4273 1029 4322 ut
1047 4268 1187 4330 observet,
1213 4265 1341 4316 monente
