3088 4944
215 261 277 324 296
646 253 917 318 HERODOTI

213 438 270 508 καὶ
286 434 403 526 σφέων
423 430 536 505 αὐτόν
556 431 634 514 τοὺς
656 434 733 522 περὶ
755 429 793 502 τὸ
816 429 890 522 ίρὸν
909 427 1140 520 ἀνομήσαντας
1154 425 1349 519 έξεκλήίσαν

213 547 271 631 τῆς
290 545 439 666 μετοχῆς.
472 535 510 608 έν
529 534 641 632 γὰρ
609 543 655 607 τιό
671 535 778 624 ἀγῶνι
797 541 858 606 τοῦ
878 543 1039 626 Τριοπίου
1057 531 1266 614 ’Λπόλλωνος
1280 530 1347 604 ist-

213 657 323 716 θεσαν
341 641 378 714 τό
399 643 502 714 πάλαι
515 607 676 732 τρίποόας
689 639 849 730 χαλκέους
862 655 948 710 τοῖσι
968 659 1103 711 νικωσι·
1130 641 1185 709 καὶ
1208 637 1349 720 τούτους

213 755 298 841 χρῆν
316 775 395 828 τους
417 743 680 836 λαμβάνοντες’
666 773 704 815 εκ
724 772 785 814 του
771 749 882 834 ’ἱροῦ
903 773 947 833 μη
963 741 1137 833 ἐκφέρειν,
1158 740 1227 812 ἀλλ’
1244 739 1349 814 αὐτοῦ

215 851 416 925 συντιθέναι
435 879 481 947 τη)
469 856 579 945 θεῷ.
613 847 700 977 ἆηὴρ
715 841 764 919 ὦν
775 844 1074 938 Ἀλικαρνησσεύς,
1096 851 1143 941 τῷ
1159 873 1288 936 ουνομα
1305 838 1350 936 ἦν

210 954 441 1045 Ἀγασικλέης,
462 953 601 1044 νικήσας
619 953 679 1025 τόν
699 953 804 1044 νόμον
824 952 1046 1080 κατηλόγησε·
1071 950 1188 1042 φέρων
1209 951 1246 1020 dt
1268 949 1350 1040 πρὸς

214 1060 255 1133 τὰ
277 1063 404 1132 ἑωυτοῦ
423 1064 513 1129 οἰκία
532 1056 903 1147 προσεπασσάλευσε
870 1086 929 1128 τον
957 1061 1108 1146 τρίποδα.
1148 1053 1350 1145 διὰταύτην

98 1227 108 1250 ,
213 1165 276 1256 την
290 1170 400 1254 αἰτίην
414 1168 452 1234 ct
466 1162 566 1234 πέντε
581 1162 711 1249 πόλιες,
728 1167 869 1248 Λίνδος,
890 1163 947 1232 καὶ
963 1158 1131 1253 Ἰήλυσσός
1151 1188 1187 1230 τε
1206 1161 1261 1230 καὶ
1276 1159 1347 1231 Κοί-

213 1351 295 1402 qusm
320 1333 449 1384 credibile
472 1333 581 1384 videtur
611 1331 756 1394 nonnullis,
808 1330 925 1383 Bredov.
944 1347 971 1396 p.
993 1329 1036 1380 97.
1073 1331 1141 1381 Tres
1159 1330 1253 1393 nrbes,
1281 1346 1351 1396 quse

212 1408 241 1456 in
262 1404 342 1455 rebus
362 1404 447 1454 sacris
465 1403 628 1469 peragendis
649 1402 709 1452 illos
727 1417 757 1452 se
808 1399 852 1450 hic
867 1402 953 1465 primo
967 1401 1028 1451 loco
1039 1401 1220 1464 nominantur,
1240 1401 1269 1450 in
1280 1401 1351 1452 Rho-

214 1475 391 1528 continuisse.
433 1473 533 1523 Confer
552 1473 593 1524 St.
612 1473 693 1523 Croix
710 1471 757 1522 des
809 1469 854 1520 dio
872 1471 962 1520 insule
981 1471 1069 1534 fuere,
1093 1472 1210 1521 utentis
1229 1475 1349 1533 constst3

132 1567 133 1570 ¹
215 1547 445 1598 (louvernements
464 1540 607 1592 sederetifs
622 1559 649 1607 p.
665 1543 715 1593 154
730 1546 758 1592 et
809 1555 879 1605 quse
903 1545 995 1592 temen
1018 1541 1065 1590 vix
1087 1556 1103 1590 s
1125 1541 1244 1592 Doribus
1266 1541 1352 1592 immi-

213 1613 371 1666 Muellerum
396 1613 414 1663 l.
433 1612 451 1664 l.
493 1611 563 1663 Add.
584 1613 614 1662 C.
639 1613 671 1662 F.
691 1613 758 1662 Her·
809 1611 953 1676 grentibus
970 1611 1095 1677 primitus
1118 1616 1273 1662 exstructae
1292 1627 1351 1664 esse

213 1699 295 1735 menn
314 1683 421 1735 Gricch.
442 1681 648 1733 Stsstselterth.
669 1684 695 1744 §-
714 1681 756 1734 79.
808 1680 951 1745 videntur,
975 1680 1023 1732 sed
1046 1681 1100 1731 iem
1122 1687 1186 1732 ente
1203 1681 1351 1734 Troisnsm

214 1752 422 1806 Gottcsdieustl.
435 1752 553 1804 Alterth.
565 1751 641 1816 §.62
661 1749 756 1816 Apollo
809 1750 1007 1815 expeditionem
1022 1752 1170 1804 exstitisse.
1201 1753 1292 1815 Quare
1306 1753 1351 1804 Al-

214 1829 305 1876 sutem
329 1823 392 1874 inde
413 1823 527 1886 Triopics'
544 1836 695 1887 cognomen
713 1836 758 1871 ec·
808 1821 961 1884 themenes‚
981 1822 1027 1887 qui
1045 1821 1127 1888 vulgo
1146 1821 1279 1872 colonium
1297 1824 1351 1874 Do-

215 1896 297 1962 cspit.
332 1895 374 1944 De
393 1894 534 1957 tripoditus
551 1893 667 1941 diximus
684 1890 719 1940 ud
734 1891 756 1954 1,
808 1907 869 1942 rum
901 1892 1005 1942 oraculi
1040 1891 1116 1942 iussu
1143 1891 1269 1944 Rhodum
1307 1893 1351 1946 de·

214 1966 259 2018 92.
296 1963 435 2015 Selemnos
454 1962 493 2012 illi
512 1963 540 2012 in
550 1963 653 2012 Dorum
671 1961 757 2012 sacris
809 1961 919 2013 duxisse
949 1962 1048 2026 fertur,
1079 1961 1140 2013 illes
1170 1963 1251 2013 urbes
1278 1963 1352 2016 inve-

214 2033 403 2100 Apcllinisque
421 2033 510 2083 lestis.
543 2032 590 2085 Gr.
607 2031 755 2082 conlertC.
808 2033 883 2083 nisse
907 2032 1029 2098 quidem,
1061 2032 1110 2082 sed
1133 2032 1249 2084 multum
1273 2050 1351 2086 exco-

215 2105 249 2154 0.
260 2103 420 2153 Muellerum
434 2104 462 2152 iu
474 2101 626 2167 Boettigeri
637 2101 756 2152 Amalth.

215 2175 238 2225 1.
262 2189 326 2238 pag.
357 2174 405 2222 125
424 2188 496 2237 seq,
527 2171 604 2236 plure.
629 2170 662 2221 dc
684 2187 757 2222 more

215 2259 247 2295 eo
272 2246 438 2305 monentem,
465 2256 518 2307 quo
542 2243 569 2290 in
594 2239 758 2292 solemnibus

216 2311 409 2364 certaminibus
433 2313 551 2361 victores
574 2311 696 2376 tripodes
715 2327 758 2362 ec·

215 2384 346 2448 ciperent,
365 2382 393 2430 in
407 2381 508 2447 templs
521 2380 685 2431 dedicandos
699 2397 760 2447 prc-

215 2458 276 2520 ptcr
293 2456 451 2517 perpetuam
468 2452 509 2501 rei
526 2453 693 2502 memoriam.
723 2453 760 2502 Et

214 2523 296 2574 valde
335 2521 438 2586 amplos
481 2537 649 2586 magnosque
690 2521 759 2572 istos

214 2594 302 2644 fuisse
318 2595 414 2653 notet,
440 2606 508 2657 quos
528 2591 563 2641 sd
580 2592 697 2656 parietes
715 2607 759 2640 ce-

215 2663 289 2714 dium
313 2628 441 2712 collocari
468 2660 607 2726 clavisque
633 2661 727 2712 εοΙο
720 2677 759 2712 rn-

214 2733 263 2799 figi
285 2747 398 2782 uecesse
417 2737 484 2782 erst.
527 2731 605 2782 Unde
631 2731 760 2810 perspici-

215 2807 273 2884 tur,
293 2818 341 2853 σοι
357 2801 438 2866 poulo
452 2805 515 2866 post
531 2800 668 2866 legemus.
670 2793 758 2879 πρὸς

215 2865 250 2924 τὰ
269 2863 379 2923 έωντου
397 2865 476 2920 σίκία
474 2861 759 2950 προσεπασσάλευσε

216 2943 309 3024 (clauis
329 2938 435 3022 adfixit)
453 2931 505 2990 τὸν
521 2937 653 3020 τρίπρδα.

250 3003 324 3078 ἀνὴρ
335 2998 376 3061 όν
390 3001 620 3090 λλικοιρνησσευς
637 3025 662 3060 κ.
680 3025 703 3060 τ.
721 3007 756 3076 1.]

216 3082 378 3146 Scripsimus
411 3071 657 3161 Αλικαρνησσεὺς
696 3094 757 3130 cum

216 3152 317 3230 duplici
336 3151 418 3200 litero
439 3161 468 3212 σ,
500 3154 531 3199 nt
555 3165 617 3200 mox
634 3141 757 3212 Αλικαρ-

215 3212 318 3302 νησσὸ
326 3235 343 3268 ν
356 3221 385 3268 1))
397 3219 450 3268 fine
461 3219 563 3300 ospitis
572 3219 665 3270 eodem
677 3219 757 3270 modo

216 3305 269 3357 quo
288 3290 316 3339 in
334 3289 466 3355 principio
490 3289 579 3354 operis
599 3289 758 3369 Herodotei‚

215 3361 263 3412 ubi
280 3359 337 3411 vid.
352 3363 469 3410 nott.-
487 3358 520 3408 In
538 3359 628 3409 verbis
643 3353 694 3408 τὸν
711 3351 758 3408 νό·

215 3445 270 3514 μον
288 3421 461 3494 κατηλόγησε
475 3428 543 3479 nihil
561 3430 670 3480 varient
686 3427 757 3492 libri,

215 3501 269 3551 nisi
291 3499 364 3580 qqod
385 3515 455 3550 unus
479 3500 621 3550 Parisinus
650 3499 759 3550 exhibet

215 3568 273 3620 τῶν
292 3563 400 3635 νόμων,
427 3570 667 3654 quemadmodum
676 3571 757 3620 etium

808 2101 891 2152 luisse
902 2106 929 2152 et
939 2101 1121 2168 smplificssse
1131 2103 1281 2154 censendus
1292 2105 1352 2168 erit,

809 2172 849 2222 ite
859 2176 890 2222 ut
904 2172 939 2222 nd
950 2174 1053 2223 Dorum
1070 2173 1180 2235 foedus,
1198 2174 1271 2238 quod
1286 2179 1353 2226 tunc

808 2242 906 2292 initum
925 2243 1011 2293 fuisse
1028 2242 1149 2304 videtur,
1178 2245 1352 2308 accesserint,

810 2317 922 2363 auctore
951 2311 1039 2364 Recul
1062 2313 1196 2364 Rochette
1216 2313 1289 2364 Hist.
1319 2315 1353 2365 de

809 2381 962 2434 l'Etebliss.
987 2383 1014 2434 d.
1043 2381 1130 2434 colon.
1155 2381 1208 2431 111.
1233 2398 1296 2447 pag.
1318 2384 1349 2433 71

810 2468 887 2518 seqq.
920 2453 990 2502 Nem
1011 2451 1104 2501 eodem
1128 2453 1212 2502 terme
1231 2456 1350 2516 ternpore

811 2523 864 2572 Cos
887 2521 977 2571 insula
1001 2522 1104 2570 Dorum
1125 2519 1258 2572 coloniam
1282 2523 1352 2573 eius·

811 2592 870 2641 dem
882 2591 975 2655 stirpis
988 2591 1123 2654 recepisse
1135 2589 1252 2654 videtur,
1272 2592 1353 2644 οσσο-

810 2677 862 2727 ηιιε
880 2661 971 2712 cnidus
990 2663 1017 2710 et
1035 2661 1247 2722 Halicarnassus,
1270 2678 1353 2728 quum

810 2735 951 2796 utrumqne
975 2729 1069 2780 nrbcm
1090 2731 1144 2780 ism
1169 2735 1253 2782 antes
1271 2735 1354 2783 exsti-

810 2801 891 2864 tisse,
914 2800 961 2850 vix
980 2798 1090 2850 dubium
1117 2799 1177 2851 erit.
1215 2803 1257 2852 De
1275 2803 1353 2854 Cnido

810 2869 882 2921 conf.
902 2869 974 2920 inire.
994 2869 1028 2919 sd
1046 2871 1073 2934 1,
1099 2871 1157 2923 174.
1189 2871 1232 2922 Dc
1254 2873 1353 2937 insule,

809 2956 879 3007 quse
891 2939 926 2990 ab
940 2939 1059 3006 antiquis
1073 2941 1226 3007 appelletur
1239 2945 1295 3009 Cos,
1314 2961 1354 2995 re

809 3012 930 3062 certiore
948 3015 1039 3062 estete
1051 3011 1093 3063 Kc
1112 3028 1135 3064 s.
1146 3011 1265 3074 Structo,
1285 3019 1352 3066 vett.

809 3082 970 3148 scriptorum
998 3081 1072 3133 locos
1103 3083 1198 3133 attulit
1222 3085 1354 3152 Forbiger

809 3151 982 3216 1.1.p.·238;
1002 3153 1121 3219 itemque
1137 3153 1170 3204 A.
1190 3155 1307 3206 Kuester
1325 3157 1354 3206 iu

809 3221 925 3272 Dissert.
945 3221 978 3272 de
992 3222 1031 3272 Co
1048 3223 1139 3274 insula
1157 3223 1232 3287 (Hel.
1254 3225 1352 3293 1833),

809 3291 855 3341 ubi
869 3292 941 3342 conf.
955 3293 1217 3358 potissimumum.
1232 3295 1264 3346 16
1277 3313 1352 3362 seqq.

810 3365 893 3426 etque
905 3363 1104 3427 praecipusW.
1111 3365 1144 3413 L.
1151 3364 1257 3415 Leuke:
1276 3363 1354 3427 „-Md

810 3431 878 3481 moir
900 3447 935 3481 on
963 3431 1010 3482 the
1034 3431 1129 3482 Islend
1156 3432 1186 3483 ol
1209 3435 1286 3485 Cos“
1310 3435 1352 3482 in:

809 3502 1007 3552 Trsnsections
1031 3503 1062 3552 of
1083 3503 1130 3552 the
1154 3502 1232 3566 roysl
1249 3503 1353 3564 society

810 3572 840 3622 ol
859 3572 1014 3623 Liternture
1043 3571 1141 3634 (Lond.
1167 3571 1243 3636 1813)
1270 3573 1304 3622 Τ.
1328 3571 1351 3620 Ι.

214 3632 338 3723 ἄλοχειν,
358 3642 561 3705 καταφρονεῖν,
577 3639 758 3706 eliseiusge·
809 3659 836 3707 p.
857 3642 950 3694 1-19.
993 3643 1035 3692 De
1058 3641 1146 3691 Hllodo
1172 3641 1283 3704 eiusque
1305 3640 1352 3690 tri-

215 3712 288 3762 neris
305 3711 390 3761 verbe
403 3709 587 3776 reperiuntur,
606 3710 704 3775 quibus
718 3725 759 3762 se·
808 3713 859 3762 bus
875 3711 1049 3772 civitatibus,
1069 3711 1166 3771 Lindo,
1185 3711 1283 3775 Ισίηεο,
1302 3711 1352 3762 Co-

216 3781 333 3832 cundum
344 3795 436 3831 cesum
447 3779 604 3845 plerumque
614 3779 759 3830 adstruunt
809 3785 870 3832 πιίυο
887 3781 943 3831 vid.
958 3780 1090 3845 Forbiger
1105 3779 1124 3830 l.
1136 3779 1155 3829 l.
1170 3795 1197 3844 p.
1210 3779 1351 3845 conseqq.

217 3852 372 3915 scriptores.
401 3853 459 3902 Nec
475 3855 567 3901 tomen
585 3855 696 3916 questus
714 3865 758 3900 cs·
808 3852 850 3901 De
871 3851 1071 3913 Halicarnasso,
1095 3864 1164 3914 ques
1188 3848 1240 3899 fuit
1257 3850 1353 3900 Nostri

217 3935 263 3968 sus
286 3935 340 3970 non
361 3921 504 3984 reperitur.
541 3919 604 3972 Vid.
624 3919 758 3970 Matthiae
807 3920 872 3971 urbs
891 3919 993 3984 petrin,
1018 3924 1047 3969 et
1067 3924 1189 3970 veterum
1211 3923 1239 3970 et
1259 3935 1352 3972 recen-

218 3989 265 4039 Gr.
289 3989 335 4040 Gr.
358 3992 383 4051 ξ.
407 3989 468 4041 318.
491 3995 548 4041 not.
573 3993 598 4041 2.
623 4005 686 4055 png.
706 3989 757 4040 696
807 3991 905 4040 tiorum
932 3989 1094 4053 scriptorum
1115 3989 1190 4040 locos
1212 3991 1283 4042 idem
1304 3991 1352 4040 dc-

218 4063 246 4108 et
264 4057 299 4106 sd
317 4058 438 4136 Euripid.
457 4060 557 4110 Bacch.
577 4059 637 4110 603.
808 4060 849 4108 bit
867 4058 1009 4123 Forbiger.
1032 4075 1060 4124 p.
1080 4059 1132 4110 218
1150 4075 1208 4125 seq.
1243 4061 1351 4111 Veteris

253 4119 302 4174 διὰ
319 4119 427 4192 ταύτην
442 4143 558 4192 τηντ
513 4124 558 4177 uls
561 4127 613 4208 ίην
627 4121 660 4178 πί
676 4126 758 4178 πέντε
808 4128 898 4190 urbis,
918 4129 993 4179 cuins
1012 4144 1101 4194 peuce
1118 4134 1224 4180 tentum
1243 4135 1352 4182 exstant

218 4187 314 4253 πόλιες
331 4212 356 4245 κ.
375 4212 398 4246 τ.
418 4195 455 4263 λ.]
486 4198 593 4263 Reliqui
605 4189 757 4263 Ἰήλυσσος,
808 4199 920 4260 rudera,
939 4203 1043 4264 purtem
1058 4205 1260 4265 nuncoccnput
1274 4202 1351 4252 vicus

218 4265 315 4330 quod
307 4282 335 4316 m
355 4255 480 4332 ’ίήλυσος
501 4268 619 4318 mutavit
639 4267 757 4331 Belrker,
809 4285 831 4319 s.
857 4269 983 4334 oppidum
1002 4269 1124 4334 Budroe,
1155 4270 1188 4321 de
1216 4286 1270 4336 qno
1295 4271 1351 4322 vid.

218 4351 297 4404 quem
313 4341 476 4394 secutusest
464 4338 610 4401 turcum,
626 4305 777 4410 probente'.
808 4339 950 4394 Hernilton
975 4339 1090 4394 Trevels
1113 4345 1167 4394 etc.
1191 4340 1236 4405 11,
1259 4357 1286 4410 p.
1306 4341 1351 4394 30.
