<?xml version="1.0" encoding="UTF-8"?>
<!DOCTYPE html PUBLIC "-//W3C//DTD XHTML 1.0 Transitional//EN"
    "http://www.w3.org/TR/xhtml1/DTD/xhtml1-transitional.dtd">
<html xmlns="http://www.w3.org/1999/xhtml" xml:lang="en" lang="en">
 <head>
  <title>
</title>
<meta http-equiv="Content-Type" content="text/html;charset=utf-8" />
  <meta name='ocr-system' content='tesseract 3.04.00' />
  <meta name='ocr-capabilities' content='ocr_page ocr_carea ocr_par ocr_line ocrx_word'/>
</head>
<body>
  <div class='ocr_page' id='page_1' title='image "./herodotihalicar00bhgoog_0509.png"; bbox 0 0 3088 4922; ppageno 0'>
   <div class='ocr_carea' id='block_1_1' title="bbox 231 255 925 322">
    <p class='ocr_par' dir='ltr' id='par_1_1' title="bbox 231 255 925 322">
     <span class='ocr_line' id='line_1_1' title="bbox 231 255 925 322; baseline -0.007 -2"><span class='ocrx_word' id='word_1_1' title='bbox 231 258 295 322; x_wconf 72' lang='lat'><strong>‘482</strong></span> <span class='ocrx_word' id='word_1_2' title='bbox 657 255 925 318; x_wconf 81' lang='lat' dir='ltr'><strong>HERODO&#39;I&#39;I</strong></span> 
     </span>
    </p>
   </div>
   <div class='ocr_carea' id='block_1_2' title="bbox 233 419 1369 522">
    <p class='ocr_par' dir='ltr' id='par_1_2' title="bbox 233 419 1369 522">
     <span class='ocr_line' id='line_1_2' title="bbox 233 419 1369 522; baseline -0.004 -19"><span class='ocrx_word' id='word_1_3' title='bbox 233 433 296 521; x_wconf 72' lang='lat' dir='ltr'><strong>pla</strong></span> <span class='ocrx_word' id='word_1_4' title='bbox 308 436 442 522; x_wconf 76' lang='grc' dir='ltr'><strong>Κρῶφι,</strong></span> <span class='ocrx_word' id='word_1_5' title='bbox 455 431 502 522; x_wconf 75' lang='grc' dir='ltr'><strong>τῷ</strong></span> <span class='ocrx_word' id='word_1_6' title='bbox 518 428 556 497; x_wconf 70' lang='lat' dir='ltr'><strong>dl</strong></span> <span class='ocrx_word' id='word_1_7' title='bbox 570 433 690 518; x_wconf 78' lang='lat' dir='ltr'><strong>Maipa.</strong></span> <span class='ocrx_word' id='word_1_8' title='bbox 705 427 764 509; x_wconf 77' lang='grc' dir='ltr'><strong>τὰς</strong></span> <span class='ocrx_word' id='word_1_9' title='bbox 777 419 826 498; x_wconf 75' lang='lat' dir='ltr'><strong>civ</strong></span> <span class='ocrx_word' id='word_1_10' title='bbox 842 427 884 518; x_wconf 79' lang='grc' dir='ltr'><strong>δὴ</strong></span> <span class='ocrx_word' id='word_1_11' title='bbox 897 425 1004 516; x_wconf 74' lang='grc' dir='ltr'><strong><em>πηγὰς</em></strong></span> <span class='ocrx_word' id='word_1_12' title='bbox 1018 433 1079 496; x_wconf 84' lang='grc' dir='ltr'><strong>τοῦ</strong></span> <span class='ocrx_word' id='word_1_13' title='bbox 1093 435 1233 514; x_wconf 76' lang='grc' dir='ltr'><em>Νείλου,</em></span> <span class='ocrx_word' id='word_1_14' title='bbox 1250 424 1369 508; x_wconf 77' lang='grc' dir='ltr'><em>ἐούσας</em></span> 
     </span>
    </p>
   </div>
   <div class='ocr_carea' id='block_1_3' title="bbox 203 642 1370 3760">
    <p class='ocr_par' dir='ltr' id='par_1_3' title="bbox 203 642 1370 3760">
     <span class='ocr_line' id='line_1_3' title="bbox 234 642 1368 714; baseline -0.002 -14"><span class='ocrx_word' id='word_1_15' title='bbox 234 653 259 700; x_wconf 73' lang='lat'><strong>2.</strong></span> <span class='ocrx_word' id='word_1_16' title='bbox 281 651 313 702; x_wconf 90' lang='grc'><strong>18</strong></span> <span class='ocrx_word' id='word_1_17' title='bbox 330 665 387 714; x_wconf 88' lang='lat' dir='ltr'><strong>aeq.</strong></span> <span class='ocrx_word' id='word_1_18' title='bbox 408 646 531 712; x_wconf 86' lang='lat' dir='ltr'><strong>(Recueil</strong></span> <span class='ocrx_word' id='word_1_19' title='bbox 550 648 573 697; x_wconf 94' lang='lat'><strong>1.</strong></span> <span class='ocrx_word' id='word_1_20' title='bbox 591 661 654 712; x_wconf 76' lang='lat' dir='ltr'><strong>pag.</strong></span> <span class='ocrx_word' id='word_1_21' title='bbox 668 646 703 698; x_wconf 81' lang='lat'><strong>36</strong></span> <span class='ocrx_word' id='word_1_22' title='bbox 716 659 774 709; x_wconf 89' lang='lat' dir='ltr'><strong>seq.</strong></span> <span class='ocrx_word' id='word_1_23' title='bbox 825 645 880 696; x_wconf 86' lang='lat' dir='ltr'><strong>tius</strong></span> <span class='ocrx_word' id='word_1_24' title='bbox 901 649 961 712; x_wconf 77' lang='lat' dir='ltr'><strong>erat</strong></span> <span class='ocrx_word' id='word_1_25' title='bbox 979 650 1136 709; x_wconf 86' lang='lat' dir='ltr'><strong>persecatus</strong></span> <span class='ocrx_word' id='word_1_26' title='bbox 1158 642 1206 708; x_wconf 85' lang='lat' dir='ltr'><strong>(ci.</strong></span> <span class='ocrx_word' id='word_1_27' title='bbox 1225 645 1322 711; x_wconf 79' lang='lat' dir='ltr'><strong>fragm.</strong></span> <span class='ocrx_word' id='word_1_28' title='bbox 1341 663 1368 711; x_wconf 83' lang='lat' dir='ltr'><strong>p.</strong></span> 
     </span>
     <span class='ocr_line' id='line_1_4' title="bbox 233 713 1368 786; baseline -0.004 -16"><span class='ocrx_word' id='word_1_29' title='bbox 233 719 268 772; x_wconf 81' lang='grc'><strong>88</strong></span> <span class='ocrx_word' id='word_1_30' title='bbox 290 719 378 786; x_wconf 88' lang='lat' dir='ltr'><strong>seqq.)</strong></span> <span class='ocrx_word' id='word_1_31' title='bbox 401 719 542 782; x_wconf 85' lang='lat' dir='ltr'><strong>ipsumque</strong></span> <span class='ocrx_word' id='word_1_32' title='bbox 565 717 645 765; x_wconf 89' lang='lat' dir='ltr'><strong>istius</strong></span> <span class='ocrx_word' id='word_1_33' title='bbox 669 714 775 764; x_wconf 88' lang='lat' dir='ltr'><strong>insulae</strong></span> <span class='ocrx_word' id='word_1_34' title='bbox 826 715 857 764; x_wconf 78' lang='lat'><strong>21</strong></span> <span class='ocrx_word' id='word_1_35' title='bbox 881 729 955 779; x_wconf 88' lang='lat' dir='ltr'><strong>seqq.</strong></span> <span class='ocrx_word' id='word_1_36' title='bbox 976 718 1003 763; x_wconf 89' lang='lat' dir='ltr'><strong>et</strong></span> <span class='ocrx_word' id='word_1_37' title='bbox 1024 719 1081 764; x_wconf 89' lang='lat' dir='ltr'><strong>not.</strong></span> <span class='ocrx_word' id='word_1_38' title='bbox 1104 713 1138 764; x_wconf 91' lang='lat' dir='ltr'><strong>ad</strong></span> <span class='ocrx_word' id='word_1_39' title='bbox 1157 715 1259 765; x_wconf 80' lang='lat' dir='ltr'><strong>Herod.</strong></span> <span class='ocrx_word' id='word_1_40' title='bbox 1278 715 1316 778; x_wconf 89' lang='lat'><strong>11,</strong></span> <span class='ocrx_word' id='word_1_41' title='bbox 1337 717 1368 766; x_wconf 86' lang='grc'><strong>15</strong></span> 
     </span>
     <span class='ocr_line' id='line_1_5' title="bbox 234 783 1369 850; baseline -0.007 -11"><span class='ocrx_word' id='word_1_42' title='bbox 234 804 332 839; x_wconf 86' lang='grc' dir='ltr'><strong>ιιοιοοιι</strong></span> <span class='ocrx_word' id='word_1_43' title='bbox 353 788 406 837; x_wconf 85' lang='grc' dir='ltr'><strong>1ιιιο</strong></span> <span class='ocrx_word' id='word_1_44' title='bbox 431 787 527 848; x_wconf 78' lang='lat' dir='ltr'>refert,</span> <span class='ocrx_word' id='word_1_45' title='bbox 552 785 575 834; x_wconf 90' lang='lat' dir='ltr'><strong>si</strong></span> <span class='ocrx_word' id='word_1_46' title='bbox 598 784 719 850; x_wconf 89' lang='lat' dir='ltr'><strong>quidem,</strong></span> <span class='ocrx_word' id='word_1_47' title='bbox 743 788 774 832; x_wconf 86' lang='lat' dir='ltr'><strong>ut</strong></span> <span class='ocrx_word' id='word_1_48' title='bbox 825 783 894 848; x_wconf 81' lang='lat' dir='ltr'><strong>lim).</strong></span> <span class='ocrx_word' id='word_1_49' title='bbox 918 785 1011 848; x_wconf 84' lang='lat' dir='ltr'><strong>Neque</strong></span> <span class='ocrx_word' id='word_1_50' title='bbox 1037 785 1120 849; x_wconf 80' lang='lat' dir='ltr'><strong>igitur</strong></span> <span class='ocrx_word' id='word_1_51' title='bbox 1142 783 1301 834; x_wconf 82' lang='lat' dir='ltr'><strong>doctissimo</strong></span> <span class='ocrx_word' id='word_1_52' title='bbox 1327 785 1369 833; x_wconf 88' lang='grc' dir='ltr'><strong>1ο-</strong></span> 
     </span>
     <span class='ocr_line' id='line_1_6' title="bbox 234 851 1367 919; baseline -0.004 -10"><span class='ocrx_word' id='word_1_53' title='bbox 234 859 334 909; x_wconf 92' lang='lat' dir='ltr'><strong>dudum</strong></span> <span class='ocrx_word' id='word_1_54' title='bbox 356 855 480 906; x_wconf 84' lang='lat' dir='ltr'><strong>voluerat</strong></span> <span class='ocrx_word' id='word_1_55' title='bbox 498 854 664 916; x_wconf 88' lang='lat' dir='ltr'><strong>Bochartus,</strong></span> <span class='ocrx_word' id='word_1_56' title='bbox 690 851 773 902; x_wconf 75' lang='grc' dir='ltr'><strong>Φίλαι</strong></span> <span class='ocrx_word' id='word_1_57' title='bbox 824 854 918 904; x_wconf 91' lang='lat' dir='ltr'><strong>mardo</strong></span> <span class='ocrx_word' id='word_1_58' title='bbox 935 854 1078 915; x_wconf 87' lang='lat' dir='ltr'><strong>assentiar,</strong></span> <span class='ocrx_word' id='word_1_59' title='bbox 1097 851 1218 919; x_wconf 90' lang='lat' dir='ltr'><strong>quiillud</strong></span> <span class='ocrx_word' id='word_1_60' title='bbox 1231 853 1367 906; x_wconf 86' lang='lat' dir='ltr'><strong>silentium</strong></span> 
     </span>
     <span class='ocr_line' id='line_1_7' title="bbox 234 921 1366 988; baseline -0.006 -9"><span class='ocrx_word' id='word_1_61' title='bbox 234 922 541 988; x_wconf 74' lang='lat' dir='ltr'><strong>descenditsvocotltll,</strong></span> <span class='ocrx_word' id='word_1_62' title='bbox 555 923 773 974; x_wconf 82' lang='lat' dir='ltr'><strong>adiectatirseca</strong></span> <span class='ocrx_word' id='word_1_63' title='bbox 823 921 887 972; x_wconf 93' lang='lat' dir='ltr'><strong>inde</strong></span> <span class='ocrx_word' id='word_1_64' title='bbox 906 922 1039 987; x_wconf 84' lang='lat' dir='ltr'><strong>explicat,</strong></span> <span class='ocrx_word' id='word_1_65' title='bbox 1065 923 1137 988; x_wconf 90' lang='lat' dir='ltr'><strong>quod</strong></span> <span class='ocrx_word' id='word_1_66' title='bbox 1160 921 1198 972; x_wconf 94' lang='lat' dir='ltr'><strong>nil</strong></span> <span class='ocrx_word' id='word_1_67' title='bbox 1222 924 1274 974; x_wconf 89' lang='lat' dir='ltr'><strong>nisi</strong></span> <span class='ocrx_word' id='word_1_68' title='bbox 1292 925 1366 988; x_wconf 88' lang='lat' dir='ltr'><strong>ipsas</strong></span> 
     </span>
     <span class='ocr_line' id='line_1_8' title="bbox 234 991 1367 1059; baseline -0.004 -13"><span class='ocrx_word' id='word_1_69' title='bbox 234 997 437 1056; x_wconf 73' lang='lat' dir='ltr'>terminatione,</span> <span class='ocrx_word' id='word_1_70' title='bbox 462 1007 515 1059; x_wconf 85' lang='lat' dir='ltr'><strong>qua</strong></span> <span class='ocrx_word' id='word_1_71' title='bbox 540 1007 608 1042; x_wconf 85' lang='lat' dir='ltr'><strong>voce</strong></span> <span class='ocrx_word' id='word_1_72' title='bbox 626 991 772 1056; x_wconf 76' lang='lat' dir='ltr'><strong>Aethiopes</strong></span> <span class='ocrx_word' id='word_1_73' title='bbox 824 991 932 1042; x_wconf 79' lang='lat' dir='ltr'>Thebas</span> <span class='ocrx_word' id='word_1_74' title='bbox 950 992 979 1040; x_wconf 92' lang='lat' dir='ltr'><strong>in</strong></span> <span class='ocrx_word' id='word_1_75' title='bbox 991 991 1129 1042; x_wconf 84' lang='lat' dir='ltr'><strong>Thebaide</strong></span> <span class='ocrx_word' id='word_1_76' title='bbox 1142 993 1301 1058; x_wconf 81' lang='lat' dir='ltr'><strong>cognoverit</strong></span> <span class='ocrx_word' id='word_1_77' title='bbox 1314 993 1367 1042; x_wconf 85' lang='lat' dir='ltr'><strong>He-</strong></span> 
     </span>
     <span class='ocr_line' id='line_1_9' title="bbox 234 1060 1366 1132; baseline -0.004 -15"><span class='ocrx_word' id='word_1_78' title='bbox 234 1066 333 1132; x_wconf 87' lang='lat' dir='ltr'><strong>aliique</strong></span> <span class='ocrx_word' id='word_1_79' title='bbox 351 1065 433 1116; x_wconf 74' lang='lat' dir='ltr'><strong>Asiae</strong></span> <span class='ocrx_word' id='word_1_80' title='bbox 451 1060 543 1128; x_wconf 89' lang='lat' dir='ltr'><strong>populi</strong></span> <span class='ocrx_word' id='word_1_81' title='bbox 569 1061 721 1125; x_wconf 72' lang='lat' dir='ltr'><strong><em>elephantem</em></strong></span> <span class='ocrx_word' id='word_1_82' title='bbox 739 1061 773 1109; x_wconf 92' lang='lat' dir='ltr'><strong>si·</strong></span> <span class='ocrx_word' id='word_1_83' title='bbox 824 1061 935 1111; x_wconf 87' lang='lat' dir='ltr'><strong>rodatus</strong></span> <span class='ocrx_word' id='word_1_84' title='bbox 955 1061 1104 1125; x_wconf 87' lang='lat' dir='ltr'><strong>(Descript.</strong></span> <span class='ocrx_word' id='word_1_85' title='bbox 1122 1061 1154 1112; x_wconf 88' lang='lat' dir='ltr'><strong>de</strong></span> <span class='ocrx_word' id='word_1_86' title='bbox 1171 1061 1243 1128; x_wconf 80' lang='lat' dir='ltr'><strong>l&#39;Eg.</strong></span> <span class='ocrx_word' id='word_1_87' title='bbox 1262 1063 1285 1112; x_wconf 95' lang='lat'><strong>1.</strong></span> <span class='ocrx_word' id='word_1_88' title='bbox 1304 1075 1366 1127; x_wconf 87' lang='lat' dir='ltr'><strong>cap.</strong></span> 
     </span>
     <span class='ocr_line' id='line_1_10' title="bbox 203 1117 1368 1202; baseline -0.004 -17"><span class='ocrx_word' id='word_1_89' title='bbox 203 1117 374 1202; x_wconf 75' lang='lat' dir='ltr'><strong>&#39;gniticcnt3</strong></span> <span class='ocrx_word' id='word_1_90' title='bbox 398 1134 426 1182; x_wconf 92' lang='lat' dir='ltr'><strong>in</strong></span> <span class='ocrx_word' id='word_1_91' title='bbox 450 1147 509 1182; x_wconf 91' lang='lat' dir='ltr'><strong>eum</strong></span> <span class='ocrx_word' id='word_1_92' title='bbox 530 1131 600 1180; x_wconf 90' lang='lat' dir='ltr'><strong>enim</strong></span> <span class='ocrx_word' id='word_1_93' title='bbox 620 1130 707 1181; x_wconf 89' lang='lat' dir='ltr'><strong>locum</strong></span> <span class='ocrx_word' id='word_1_94' title='bbox 728 1129 774 1178; x_wconf 91' lang='lat' dir='ltr'><strong>ad·</strong></span> <span class='ocrx_word' id='word_1_95' title='bbox 824 1131 850 1180; x_wconf 88' lang='grc'><strong>5.</strong></span> <span class='ocrx_word' id='word_1_96' title='bbox 878 1145 940 1194; x_wconf 81' lang='lat' dir='ltr'><strong>pag.</strong></span> <span class='ocrx_word' id='word_1_97' title='bbox 970 1129 1031 1193; x_wconf 82' lang='lat'>3).‘·</span> <span class='ocrx_word' id='word_1_98' title='bbox 1060 1131 1137 1180; x_wconf 88' lang='lat' dir='ltr'><strong>Haec</strong></span> <span class='ocrx_word' id='word_1_99' title='bbox 1164 1131 1223 1194; x_wconf 89' lang='lat' dir='ltr'><strong>ille,</strong></span> <span class='ocrx_word' id='word_1_100' title='bbox 1253 1129 1368 1196; x_wconf 87' lang='lat' dir='ltr'><strong>plurima</strong></span> 
     </span>
     <span class='ocr_line' id='line_1_11' title="bbox 233 1197 1366 1265; baseline -0.004 -11"><span class='ocrx_word' id='word_1_101' title='bbox 233 1210 340 1254; x_wconf 78' lang='lat' dir='ltr'><strong>vectum</strong></span> <span class='ocrx_word' id='word_1_102' title='bbox 368 1217 427 1253; x_wconf 90' lang='lat' dir='ltr'><strong>esse</strong></span> <span class='ocrx_word' id='word_1_103' title='bbox 450 1205 529 1252; x_wconf 87' lang='lat' dir='ltr'><strong>notet</strong></span> <span class='ocrx_word' id='word_1_104' title='bbox 553 1215 568 1250; x_wconf 88' lang='lat' dir='ltr'><strong>e</strong></span> <span class='ocrx_word' id='word_1_105' title='bbox 590 1197 773 1265; x_wconf 83' lang='lat' dir='ltr'><strong>superioribus</strong></span> <span class='ocrx_word' id='word_1_106' title='bbox 825 1199 858 1249; x_wconf 92' lang='lat' dir='ltr'><strong>de</strong></span> <span class='ocrx_word' id='word_1_107' title='bbox 875 1198 961 1248; x_wconf 84' lang='lat' dir='ltr'><strong>Philia</strong></span> <span class='ocrx_word' id='word_1_108' title='bbox 979 1199 1068 1248; x_wconf 87' lang='lat' dir='ltr'><strong>insula</strong></span> <span class='ocrx_word' id='word_1_109' title='bbox 1087 1201 1199 1265; x_wconf 88' lang='lat' dir='ltr'><strong>eiusque</strong></span> <span class='ocrx_word' id='word_1_110' title='bbox 1222 1202 1308 1250; x_wconf 85' lang='lat' dir='ltr'><strong>sacris</strong></span> <span class='ocrx_word' id='word_1_111' title='bbox 1327 1201 1366 1250; x_wconf 92' lang='lat' dir='ltr'><strong>di·</strong></span> 
     </span>
     <span class='ocr_line' id='line_1_12' title="bbox 232 1267 1366 1339; baseline -0.002 -17"><span class='ocrx_word' id='word_1_112' title='bbox 232 1273 388 1339; x_wconf 69' lang='lat' dir='ltr'>regionibus</span> <span class='ocrx_word' id='word_1_113' title='bbox 408 1271 519 1321; x_wconf 78' lang='lat' dir='ltr'><strong>Africae</strong></span> <span class='ocrx_word' id='word_1_114' title='bbox 541 1267 620 1330; x_wconf 86' lang='lat' dir='ltr'><strong>ebnr;</strong></span> <span class='ocrx_word' id='word_1_115' title='bbox 661 1282 773 1319; x_wconf 86' lang='lat' dir='ltr'><strong>naeres</strong></span> <span class='ocrx_word' id='word_1_116' title='bbox 824 1275 952 1332; x_wconf 88' lang='lat' dir='ltr'><strong>sputans,</strong></span> <span class='ocrx_word' id='word_1_117' title='bbox 975 1283 1045 1334; x_wconf 88' lang='lat' dir='ltr'><strong>quae</strong></span> <span class='ocrx_word' id='word_1_118' title='bbox 1068 1269 1103 1318; x_wconf 88' lang='lat' dir='ltr'><strong>sd</strong></span> <span class='ocrx_word' id='word_1_119' title='bbox 1121 1269 1254 1320; x_wconf 77' lang='lat' dir='ltr'><strong>Herodoti</strong></span> <span class='ocrx_word' id='word_1_120' title='bbox 1278 1269 1366 1320; x_wconf 89' lang='lat' dir='ltr'><strong>locum</strong></span> 
     </span>
     <span class='ocr_line' id='line_1_13' title="bbox 233 1286 1365 1403; baseline -0.003 -11"><span class='ocrx_word' id='word_1_121' title='bbox 233 1344 290 1392; x_wconf 91' lang='lat' dir='ltr'><strong>eius</strong></span> <span class='ocrx_word' id='word_1_122' title='bbox 306 1341 422 1392; x_wconf 90' lang='lat' dir='ltr'><strong>nominis</strong></span> <span class='ocrx_word' id='word_1_123' title='bbox 441 1355 525 1390; x_wconf 88' lang='lat' dir='ltr'><strong>causa</strong></span> <span class='ocrx_word' id='word_1_124' title='bbox 543 1286 671 1402; x_wconf 52' lang='lat' dir='ltr'><strong>sacerd.</strong></span> <span class='ocrx_word' id='word_1_125' title='bbox 696 1339 774 1387; x_wconf 88' lang='lat' dir='ltr'><strong>Haec</strong></span> <span class='ocrx_word' id='word_1_126' title='bbox 824 1339 912 1387; x_wconf 89' lang='lat' dir='ltr'><strong>minus</strong></span> <span class='ocrx_word' id='word_1_127' title='bbox 926 1339 1073 1403; x_wconf 88' lang='lat' dir='ltr'><strong>pertinent.</strong></span> <span class='ocrx_word' id='word_1_128' title='bbox 1100 1339 1152 1401; x_wconf 79' lang='lat' dir='ltr'><strong>Qui</strong></span> <span class='ocrx_word' id='word_1_129' title='bbox 1162 1340 1275 1389; x_wconf 87' lang='lat' dir='ltr'><strong>sinnam</strong></span> <span class='ocrx_word' id='word_1_130' title='bbox 1287 1339 1365 1389; x_wconf 89' lang='lat' dir='ltr'><strong>rnodo</strong></span> 
     </span>
     <span class='ocr_line' id='line_1_14' title="bbox 233 1405 1364 1475; baseline -0.004 -13"><span class='ocrx_word' id='word_1_131' title='bbox 233 1417 260 1463; x_wconf 87' lang='lat' dir='ltr'><strong>et</strong></span> <span class='ocrx_word' id='word_1_132' title='bbox 277 1411 332 1462; x_wconf 87' lang='lat' dir='ltr'><strong>alia</strong></span> <span class='ocrx_word' id='word_1_133' title='bbox 356 1409 443 1460; x_wconf 89' lang='lat' dir='ltr'><strong>multa</strong></span> <span class='ocrx_word' id='word_1_134' title='bbox 460 1407 620 1475; x_wconf 83' lang='lat' dir='ltr'><strong>(inquibus</strong></span> <span class='ocrx_word' id='word_1_135' title='bbox 644 1413 675 1458; x_wconf 91' lang='lat' dir='ltr'><strong>tu</strong></span> <span class='ocrx_word' id='word_1_136' title='bbox 697 1421 773 1472; x_wconf 89' lang='lat' dir='ltr'><strong>prac—</strong></span> <span class='ocrx_word' id='word_1_137' title='bbox 823 1413 938 1457; x_wconf 84' lang='lat' dir='ltr'><strong>noverat</strong></span> <span class='ocrx_word' id='word_1_138' title='bbox 950 1405 1159 1471; x_wconf 77' lang='lat' dir='ltr'><strong>Elephantinen,</strong></span> <span class='ocrx_word' id='word_1_139' title='bbox 1179 1423 1259 1474; x_wconf 90' lang='lat' dir='ltr'><strong>quam</strong></span> <span class='ocrx_word' id='word_1_140' title='bbox 1275 1409 1312 1471; x_wconf 89' lang='lat'><strong>11,</strong></span> <span class='ocrx_word' id='word_1_141' title='bbox 1335 1409 1364 1458; x_wconf 85' lang='grc'><strong>17</strong></span> 
     </span>
     <span class='ocr_line' id='line_1_15' title="bbox 233 1477 1366 1546; baseline -0.005 -14"><span class='ocrx_word' id='word_1_142' title='bbox 233 1483 311 1546; x_wconf 88' lang='lat' dir='ltr'><strong>cipue</strong></span> <span class='ocrx_word' id='word_1_143' title='bbox 334 1480 406 1530; x_wconf 81' lang='lat' dir='ltr'><strong>coni.</strong></span> <span class='ocrx_word' id='word_1_144' title='bbox 428 1480 510 1544; x_wconf 83' lang='lat' dir='ltr'><strong>Zoeg.</strong></span> <span class='ocrx_word' id='word_1_145' title='bbox 534 1479 567 1528; x_wconf 91' lang='lat' dir='ltr'><strong>de</strong></span> <span class='ocrx_word' id='word_1_146' title='bbox 587 1477 723 1528; x_wconf 85' lang='lat' dir='ltr'><strong>Obeliscc.</strong></span> <span class='ocrx_word' id='word_1_147' title='bbox 744 1491 772 1540; x_wconf 88' lang='lat' dir='ltr'><strong>p.</strong></span> <span class='ocrx_word' id='word_1_148' title='bbox 823 1481 1027 1538; x_wconf 89' lang='lat' dir='ltr'><strong>commemorat,</strong></span> <span class='ocrx_word' id='word_1_149' title='bbox 1053 1477 1125 1527; x_wconf 88' lang='lat' dir='ltr'><strong>haud</strong></span> <span class='ocrx_word' id='word_1_150' title='bbox 1146 1478 1268 1543; x_wconf 88' lang='lat' dir='ltr'><strong>equidem</strong></span> <span class='ocrx_word' id='word_1_151' title='bbox 1288 1477 1366 1528; x_wconf 88' lang='lat' dir='ltr'><strong>intel-</strong></span> 
     </span>
     <span class='ocr_line' id='line_1_16' title="bbox 232 1545 1366 1612; baseline -0.006 -9"><span class='ocrx_word' id='word_1_152' title='bbox 232 1551 283 1602; x_wconf 79' lang='grc'><strong>186</strong></span> <span class='ocrx_word' id='word_1_153' title='bbox 305 1555 363 1600; x_wconf 91' lang='lat' dir='ltr'><strong>not.</strong></span> <span class='ocrx_word' id='word_1_154' title='bbox 389 1553 417 1598; x_wconf 91' lang='lat' dir='ltr'><strong>et</strong></span> <span class='ocrx_word' id='word_1_155' title='bbox 436 1547 549 1598; x_wconf 83' lang='lat' dir='ltr'><strong>Coraem</strong></span> <span class='ocrx_word' id='word_1_156' title='bbox 574 1547 608 1596; x_wconf 89' lang='lat' dir='ltr'><strong>ad</strong></span> <span class='ocrx_word' id='word_1_157' title='bbox 631 1545 771 1597; x_wconf 87' lang='lat' dir='ltr'><strong>Heliodor.</strong></span> <span class='ocrx_word' id='word_1_158' title='bbox 822 1545 891 1612; x_wconf 79' lang='lat' dir='ltr'><strong>ligo,</strong></span> <span class='ocrx_word' id='word_1_159' title='bbox 923 1546 1056 1611; x_wconf 89' lang='lat' dir='ltr'><strong>quomodo</strong></span> <span class='ocrx_word' id='word_1_160' title='bbox 1072 1545 1119 1596; x_wconf 94' lang='lat' dir='ltr'><strong>ille</strong></span> <span class='ocrx_word' id='word_1_161' title='bbox 1141 1547 1175 1596; x_wconf 89' lang='lat' dir='ltr'><strong>ab</strong></span> <span class='ocrx_word' id='word_1_162' title='bbox 1202 1549 1299 1598; x_wconf 91' lang='lat' dir='ltr'><strong>erroris</strong></span> <span class='ocrx_word' id='word_1_163' title='bbox 1322 1563 1366 1597; x_wconf 87' lang='lat' dir='ltr'><strong>su·</strong></span> 
     </span>
     <span class='ocr_line' id='line_1_17' title="bbox 231 1614 1364 1686; baseline -0.004 -15"><span class='ocrx_word' id='word_1_164' title='bbox 231 1619 359 1686; x_wconf 80' lang='lat' dir='ltr'><strong>Aethicp.</strong></span> <span class='ocrx_word' id='word_1_165' title='bbox 377 1618 414 1668; x_wconf 92' lang='lat'><strong>11.</strong></span> <span class='ocrx_word' id='word_1_166' title='bbox 439 1633 501 1682; x_wconf 80' lang='lat' dir='ltr'><strong>pag.</strong></span> <span class='ocrx_word' id='word_1_167' title='bbox 526 1615 588 1680; x_wconf 78' lang='lat'>250)</span> <span class='ocrx_word' id='word_1_168' title='bbox 610 1619 638 1666; x_wconf 91' lang='lat' dir='ltr'><strong>in</strong></span> <span class='ocrx_word' id='word_1_169' title='bbox 657 1615 773 1665; x_wconf 88' lang='lat' dir='ltr'><strong>medium</strong></span> <span class='ocrx_word' id='word_1_170' title='bbox 823 1616 943 1680; x_wconf 88' lang='lat' dir='ltr'><strong>spicione</strong></span> <span class='ocrx_word' id='word_1_171' title='bbox 961 1614 1071 1665; x_wconf 89' lang='lat' dir='ltr'><strong>liberari</strong></span> <span class='ocrx_word' id='word_1_172' title='bbox 1090 1621 1187 1680; x_wconf 87' lang='lat' dir='ltr'><strong>queat,</strong></span> <span class='ocrx_word' id='word_1_173' title='bbox 1212 1617 1282 1682; x_wconf 92' lang='lat' dir='ltr'><strong>quod</strong></span> <span class='ocrx_word' id='word_1_174' title='bbox 1299 1617 1325 1667; x_wconf 93' lang='lat' dir='ltr'><strong>h.</strong></span> <span class='ocrx_word' id='word_1_175' title='bbox 1344 1616 1364 1667; x_wconf 91' lang='lat' dir='ltr'><strong>l.</strong></span> 
     </span>
     <span class='ocr_line' id='line_1_18' title="bbox 231 1684 1364 1756; baseline -0.004 -17"><span class='ocrx_word' id='word_1_176' title='bbox 231 1689 345 1756; x_wconf 90' lang='lat' dir='ltr'><strong>protulit</strong></span> <span class='ocrx_word' id='word_1_177' title='bbox 354 1687 449 1738; x_wconf 81' lang='lat' dir='ltr'><strong>creua.</strong></span> <span class='ocrx_word' id='word_1_178' title='bbox 461 1687 638 1750; x_wconf 85' lang='lat' dir='ltr'><strong>(Commeutt.</strong></span> <span class='ocrx_word' id='word_1_179' title='bbox 650 1684 771 1735; x_wconf 85' lang='lat' dir='ltr'><strong>Herodd.</strong></span> <span class='ocrx_word' id='word_1_180' title='bbox 822 1686 904 1735; x_wconf 87' lang='lat' dir='ltr'><strong>istam</strong></span> <span class='ocrx_word' id='word_1_181' title='bbox 932 1685 1048 1735; x_wconf 84' lang='lat' dir='ltr'><strong>insulam</strong></span> <span class='ocrx_word' id='word_1_182' title='bbox 1077 1701 1137 1735; x_wconf 87' lang='lat' dir='ltr'><strong>curn</strong></span> <span class='ocrx_word' id='word_1_183' title='bbox 1160 1687 1246 1737; x_wconf 89' lang='lat' dir='ltr'><strong>Philis</strong></span> <span class='ocrx_word' id='word_1_184' title='bbox 1265 1685 1364 1750; x_wconf 87' lang='lat' dir='ltr'><strong>insula,</strong></span> 
     </span>
     <span class='ocr_line' id='line_1_19' title="bbox 232 1753 1365 1824; baseline -0.004 -16"><span class='ocrx_word' id='word_1_185' title='bbox 232 1773 295 1824; x_wconf 81' lang='lat' dir='ltr'><strong>pag.</strong></span> <span class='ocrx_word' id='word_1_186' title='bbox 327 1757 377 1809; x_wconf 70' lang='lat'><strong>175</strong></span> <span class='ocrx_word' id='word_1_187' title='bbox 409 1755 497 1821; x_wconf 90' lang='lat' dir='ltr'><strong>seqq.)</strong></span> <span class='ocrx_word' id='word_1_188' title='bbox 529 1755 596 1804; x_wconf 86' lang='lat' dir='ltr'><strong>haec</strong></span> <span class='ocrx_word' id='word_1_189' title='bbox 627 1754 772 1804; x_wconf 89' lang='lat' dir='ltr'><strong>adiiciens:</strong></span> <span class='ocrx_word' id='word_1_190' title='bbox 823 1769 894 1818; x_wconf 89' lang='lat' dir='ltr'><strong>qnae</strong></span> <span class='ocrx_word' id='word_1_191' title='bbox 915 1753 1039 1805; x_wconf 90' lang='lat' dir='ltr'><strong>nonnihil</strong></span> <span class='ocrx_word' id='word_1_192' title='bbox 1062 1761 1167 1804; x_wconf 82' lang='lat' dir='ltr'><strong>remota</strong></span> <span class='ocrx_word' id='word_1_193' title='bbox 1185 1761 1227 1806; x_wconf 89' lang='lat' dir='ltr'><strong>est</strong></span> <span class='ocrx_word' id='word_1_194' title='bbox 1247 1756 1281 1806; x_wconf 88' lang='lat' dir='ltr'><strong>ab</strong></span> <span class='ocrx_word' id='word_1_195' title='bbox 1305 1755 1365 1806; x_wconf 83' lang='lat' dir='ltr'><strong>Ele-</strong></span> 
     </span>
     <span class='ocr_line' id='line_1_20' title="bbox 232 1823 1365 1892; baseline -0.002 -14"><span class='ocrx_word' id='word_1_196' title='bbox 232 1829 339 1892; x_wconf 81' lang='lat' dir='ltr'><strong>„Quam</strong></span> <span class='ocrx_word' id='word_1_197' title='bbox 370 1826 502 1876; x_wconf 86' lang='lat' dir='ltr'><strong>rationem</strong></span> <span class='ocrx_word' id='word_1_198' title='bbox 531 1824 554 1873; x_wconf 88' lang='lat' dir='ltr'><strong>ei</strong></span> <span class='ocrx_word' id='word_1_199' title='bbox 590 1823 772 1888; x_wconf 84' lang='lat' dir='ltr'><strong>amplectaris,</strong></span> <span class='ocrx_word' id='word_1_200' title='bbox 823 1823 952 1888; x_wconf 89' lang='lat' dir='ltr'><strong>phantine</strong></span> <span class='ocrx_word' id='word_1_201' title='bbox 978 1823 1115 1874; x_wconf 85' lang='lat' dir='ltr'><strong>meridiem</strong></span> <span class='ocrx_word' id='word_1_202' title='bbox 1137 1840 1246 1887; x_wconf 83' lang='lat' dir='ltr'><strong>versus,</strong></span> <span class='ocrx_word' id='word_1_203' title='bbox 1273 1827 1365 1876; x_wconf 84' lang='lat' dir='ltr'><strong>oculu·</strong></span> 
     </span>
     <span class='ocr_line' id='line_1_21' title="bbox 231 1891 1364 1959; baseline -0.004 -13"><span class='ocrx_word' id='word_1_204' title='bbox 231 1897 300 1946; x_wconf 88' lang='lat' dir='ltr'><strong>duae</strong></span> <span class='ocrx_word' id='word_1_205' title='bbox 319 1896 421 1946; x_wconf 83' lang='lat' dir='ltr'><strong>tuerint</strong></span> <span class='ocrx_word' id='word_1_206' title='bbox 438 1893 637 1959; x_wconf 86' lang='lat' dir='ltr'><strong>Elephantinae</strong></span> <span class='ocrx_word' id='word_1_207' title='bbox 658 1891 771 1954; x_wconf 86' lang='lat' dir='ltr'><strong>insulae,</strong></span> <span class='ocrx_word' id='word_1_208' title='bbox 823 1893 903 1945; x_wconf 91' lang='lat' dir='ltr'><strong>derit.</strong></span> <span class='ocrx_word' id='word_1_209' title='bbox 946 1894 1015 1943; x_wconf 87' lang='lat' dir='ltr'><strong>Nam</strong></span> <span class='ocrx_word' id='word_1_210' title='bbox 1039 1893 1147 1955; x_wconf 78' lang='lat' dir='ltr'><strong>Philae,</strong></span> <span class='ocrx_word' id='word_1_211' title='bbox 1177 1900 1207 1944; x_wconf 89' lang='lat' dir='ltr'><strong>ut</strong></span> <span class='ocrx_word' id='word_1_212' title='bbox 1238 1893 1364 1945; x_wconf 74' lang='lat' dir='ltr'><strong>salmasii</strong></span> 
     </span>
     <span class='ocr_line' id='line_1_22' title="bbox 231 1961 1362 2030; baseline -0.001 -14"><span class='ocrx_word' id='word_1_213' title='bbox 231 1965 318 2016; x_wconf 87' lang='lat' dir='ltr'><strong>altera</strong></span> <span class='ocrx_word' id='word_1_214' title='bbox 335 1969 431 2030; x_wconf 89' lang='lat' dir='ltr'><strong>postea</strong></span> <span class='ocrx_word' id='word_1_215' title='bbox 444 1965 484 2014; x_wconf 88' lang='lat' dir='ltr'><strong>sic</strong></span> <span class='ocrx_word' id='word_1_216' title='bbox 503 1977 607 2029; x_wconf 88' lang='lat' dir='ltr'><strong>quoqne</strong></span> <span class='ocrx_word' id='word_1_217' title='bbox 626 1962 771 2027; x_wconf 87' lang='lat' dir='ltr'><strong>appellata,</strong></span> <span class='ocrx_word' id='word_1_218' title='bbox 821 1967 884 2012; x_wconf 86' lang='lat' dir='ltr'><strong>utar</strong></span> <span class='ocrx_word' id='word_1_219' title='bbox 902 1963 993 2012; x_wconf 85' lang='lat' dir='ltr'><strong>verbis</strong></span> <span class='ocrx_word' id='word_1_220' title='bbox 1018 1961 1126 2026; x_wconf 82' lang='lat' dir='ltr'><strong>(Exerc.</strong></span> <span class='ocrx_word' id='word_1_221' title='bbox 1145 1963 1235 2014; x_wconf 91' lang='lat' dir='ltr'><strong>Plinn.</strong></span> <span class='ocrx_word' id='word_1_222' title='bbox 1257 1980 1282 2028; x_wconf 91' lang='lat' dir='ltr'><strong>p.</strong></span> <span class='ocrx_word' id='word_1_223' title='bbox 1302 1963 1362 2015; x_wconf 79' lang='lat'><strong>310.</strong></span> 
     </span>
     <span class='ocr_line' id='line_1_23' title="bbox 231 2030 1363 2096; baseline -0.002 -11"><span class='ocrx_word' id='word_1_224' title='bbox 231 2035 318 2086; x_wconf 89' lang='lat' dir='ltr'><strong>altera</strong></span> <span class='ocrx_word' id='word_1_225' title='bbox 333 2033 437 2084; x_wconf 78' lang='lat' dir='ltr'><strong>Philae.</strong></span> <span class='ocrx_word' id='word_1_226' title='bbox 474 2033 513 2082; x_wconf 79' lang='lat' dir='ltr'><strong>Ac</strong></span> <span class='ocrx_word' id='word_1_227' title='bbox 527 2047 622 2096; x_wconf 78' lang='lat' dir='ltr'><strong>reapse</strong></span> <span class='ocrx_word' id='word_1_228' title='bbox 636 2046 705 2096; x_wconf 88' lang='lat' dir='ltr'><strong>quae</strong></span> <span class='ocrx_word' id='word_1_229' title='bbox 718 2031 772 2081; x_wconf 86' lang='lat' dir='ltr'><strong>He·</strong></span> <span class='ocrx_word' id='word_1_230' title='bbox 822 2030 983 2096; x_wconf 81' lang='lat' dir='ltr'><strong>31l),supra</strong></span> <span class='ocrx_word' id='word_1_231' title='bbox 995 2033 1171 2082; x_wconf 82' lang='lat' dir='ltr'><strong>novissimum</strong></span> <span class='ocrx_word' id='word_1_232' title='bbox 1182 2038 1363 2096; x_wconf 73' lang='lat' dir='ltr'><strong>catarracten,</strong></span> 
     </span>
     <span class='ocr_line' id='line_1_24' title="bbox 231 2100 1363 2168; baseline -0.001 -14"><span class='ocrx_word' id='word_1_233' title='bbox 231 2103 342 2154; x_wconf 90' lang='lat' dir='ltr'><strong>rodotus</strong></span> <span class='ocrx_word' id='word_1_234' title='bbox 361 2103 398 2165; x_wconf 87' lang='lat'><strong>11,</strong></span> <span class='ocrx_word' id='word_1_235' title='bbox 416 2103 450 2153; x_wconf 79' lang='grc'><strong>28</strong></span> <span class='ocrx_word' id='word_1_236' title='bbox 469 2101 502 2152; x_wconf 83' lang='grc' dir='ltr'><strong>ι1ο</strong></span> <span class='ocrx_word' id='word_1_237' title='bbox 515 2101 620 2150; x_wconf 85' lang='lat' dir='ltr'><strong>duobus</strong></span> <span class='ocrx_word' id='word_1_238' title='bbox 636 2100 772 2150; x_wconf 90' lang='lat' dir='ltr'><strong>montibus</strong></span> <span class='ocrx_word' id='word_1_239' title='bbox 821 2105 989 2151; x_wconf 86' lang='lat' dir='ltr'><strong>catarractes</strong></span> <span class='ocrx_word' id='word_1_240' title='bbox 1012 2117 1093 2166; x_wconf 86' lang='lat' dir='ltr'><strong>snpra</strong></span> <span class='ocrx_word' id='word_1_241' title='bbox 1111 2101 1233 2166; x_wconf 80' lang='lat' dir='ltr'><strong>Syenen,</strong></span> <span class='ocrx_word' id='word_1_242' title='bbox 1256 2105 1299 2153; x_wconf 88' lang='lat' dir='ltr'><strong>cui</strong></span> <span class='ocrx_word' id='word_1_243' title='bbox 1317 2119 1363 2168; x_wconf 92' lang='lat' dir='ltr'><strong>op-</strong></span> 
     </span>
     <span class='ocr_line' id='line_1_25' title="bbox 231 2169 1363 2238; baseline -0.001 -14"><span class='ocrx_word' id='word_1_244' title='bbox 231 2173 338 2238; x_wconf 81' lang='lat' dir='ltr'><strong>Sycnen</strong></span> <span class='ocrx_word' id='word_1_245' title='bbox 351 2174 511 2236; x_wconf 88' lang='lat' dir='ltr'><strong>interatque</strong></span> <span class='ocrx_word' id='word_1_246' title='bbox 523 2169 721 2234; x_wconf 79' lang='lat' dir='ltr'><strong>Elephantinen</strong></span> <span class='ocrx_word' id='word_1_247' title='bbox 733 2185 773 2218; x_wconf 92' lang='lat' dir='ltr'><strong>re·</strong></span> <span class='ocrx_word' id='word_1_248' title='bbox 820 2171 910 2234; x_wconf 88' lang='lat' dir='ltr'><strong>posita</strong></span> <span class='ocrx_word' id='word_1_249' title='bbox 932 2169 1114 2235; x_wconf 81' lang='lat' dir='ltr'><strong>Elephantine</strong></span> <span class='ocrx_word' id='word_1_250' title='bbox 1133 2171 1183 2221; x_wconf 89' lang='lat' dir='ltr'><strong>sub</strong></span> <span class='ocrx_word' id='word_1_251' title='bbox 1205 2173 1293 2237; x_wconf 86' lang='lat' dir='ltr'><strong>ipsum</strong></span> <span class='ocrx_word' id='word_1_252' title='bbox 1319 2187 1363 2224; x_wconf 74' lang='grc' dir='ltr'><strong>οο-Ι</strong></span> 
     </span>
     <span class='ocr_line' id='line_1_26' title="bbox 231 2237 1370 2306; baseline -0.001 -15"><span class='ocrx_word' id='word_1_253' title='bbox 231 2243 284 2292; x_wconf 91' lang='lat' dir='ltr'><strong>t&#39;ert</strong></span> <span class='ocrx_word' id='word_1_254' title='bbox 302 2243 330 2290; x_wconf 93' lang='lat' dir='ltr'><strong>in</strong></span> <span class='ocrx_word' id='word_1_255' title='bbox 348 2241 407 2290; x_wconf 92' lang='lat' dir='ltr'><strong>loco</strong></span> <span class='ocrx_word' id='word_1_256' title='bbox 420 2240 454 2290; x_wconf 89' lang='lat' dir='ltr'><strong>de</strong></span> <span class='ocrx_word' id='word_1_257' title='bbox 468 2240 589 2289; x_wconf 85' lang='lat' dir='ltr'><strong>lontibus</strong></span> <span class='ocrx_word' id='word_1_258' title='bbox 601 2238 670 2300; x_wconf 89' lang='lat' dir='ltr'><strong>Nili,</strong></span> <span class='ocrx_word' id='word_1_259' title='bbox 690 2253 723 2288; x_wconf 90' lang='lat' dir='ltr'><strong>ea</strong></span> <span class='ocrx_word' id='word_1_260' title='bbox 736 2237 771 2287; x_wconf 89' lang='lat' dir='ltr'><strong>ad</strong></span> <span class='ocrx_word' id='word_1_261' title='bbox 821 2243 959 2289; x_wconf 87' lang='lat' dir='ltr'><strong>tarractcu</strong></span> <span class='ocrx_word' id='word_1_262' title='bbox 978 2241 1031 2290; x_wconf 86' lang='lat' dir='ltr'><strong>sita</strong></span> <span class='ocrx_word' id='word_1_263' title='bbox 1042 2247 1096 2302; x_wconf 83' lang='lat' dir='ltr'><strong>est,</strong></span> <span class='ocrx_word' id='word_1_264' title='bbox 1117 2255 1199 2305; x_wconf 84' lang='lat' dir='ltr'><strong>supra</strong></span> <span class='ocrx_word' id='word_1_265' title='bbox 1210 2257 1288 2306; x_wconf 89' lang='lat' dir='ltr'><strong>quem</strong></span> <span class='ocrx_word' id='word_1_266' title='bbox 1303 2241 1370 2292; x_wconf 80' lang='lat' dir='ltr'><strong>Phi·¹</strong></span> 
     </span>
     <span class='ocr_line' id='line_1_27' title="bbox 230 2307 1362 2376; baseline -0.002 -15"><span class='ocrx_word' id='word_1_267' title='bbox 230 2310 325 2361; x_wconf 89' lang='lat' dir='ltr'><strong>Philas</strong></span> <span class='ocrx_word' id='word_1_268' title='bbox 347 2309 481 2376; x_wconf 88' lang='lat' dir='ltr'><strong>pertinere</strong></span> <span class='ocrx_word' id='word_1_269' title='bbox 498 2309 647 2358; x_wconf 85' lang='lat' dir='ltr'><strong>arbitratur</strong></span> <span class='ocrx_word' id='word_1_270' title='bbox 670 2307 772 2357; x_wconf 89' lang='lat' dir='ltr'><strong>Iomar·</strong></span> <span class='ocrx_word' id='word_1_271' title='bbox 820 2307 863 2358; x_wconf 86' lang='lat' dir='ltr'><strong>lae</strong></span> <span class='ocrx_word' id='word_1_272' title='bbox 882 2314 954 2358; x_wconf 87' lang='lat' dir='ltr'><strong>aunt.</strong></span> <span class='ocrx_word' id='word_1_273' title='bbox 990 2309 1045 2358; x_wconf 87' lang='lat' dir='ltr'><strong>Hic</strong></span> <span class='ocrx_word' id='word_1_274' title='bbox 1068 2315 1158 2360; x_wconf 88' lang='lat' dir='ltr'><strong>autem</strong></span> <span class='ocrx_word' id='word_1_275' title='bbox 1184 2310 1301 2361; x_wconf 90' lang='lat' dir='ltr'><strong>insulam</strong></span> <span class='ocrx_word' id='word_1_276' title='bbox 1324 2312 1362 2360; x_wconf 91' lang='lat' dir='ltr'><strong>iu-</strong></span> 
     </span>
     <span class='ocr_line' id='line_1_28' title="bbox 231 2375 1362 2445; baseline 0.001 -16"><span class='ocrx_word' id='word_1_277' title='bbox 231 2379 291 2430; x_wconf 92' lang='lat' dir='ltr'><strong>dns.</strong></span> <span class='ocrx_word' id='word_1_278' title='bbox 329 2379 407 2440; x_wconf 83' lang='lat' dir='ltr'><strong>Quod</strong></span> <span class='ocrx_word' id='word_1_279' title='bbox 429 2378 523 2428; x_wconf 90' lang='lat' dir='ltr'><strong>mirum</strong></span> <span class='ocrx_word' id='word_1_280' title='bbox 542 2379 578 2426; x_wconf 89' lang='lat' dir='ltr'><strong>sit</strong></span> <span class='ocrx_word' id='word_1_281' title='bbox 595 2377 623 2426; x_wconf 87' lang='lat' dir='ltr'><strong>in</strong></span> <span class='ocrx_word' id='word_1_282' title='bbox 640 2375 770 2426; x_wconf 87' lang='lat' dir='ltr'><strong>historico</strong></span> <span class='ocrx_word' id='word_1_283' title='bbox 822 2376 997 2442; x_wconf 77' lang='lat' dir='ltr'><strong>telligendam</strong></span> <span class='ocrx_word' id='word_1_284' title='bbox 1022 2393 1094 2441; x_wconf 82' lang='lat' dir='ltr'><strong>ease,</strong></span> <span class='ocrx_word' id='word_1_285' title='bbox 1118 2394 1187 2445; x_wconf 88' lang='lat' dir='ltr'><strong>quac</strong></span> <span class='ocrx_word' id='word_1_286' title='bbox 1210 2395 1291 2445; x_wconf 84' lang='lat' dir='ltr'><strong>supra</strong></span> <span class='ocrx_word' id='word_1_287' title='bbox 1318 2395 1362 2430; x_wconf 84' lang='lat' dir='ltr'><strong>ca-</strong></span> 
     </span>
     <span class='ocr_line' id='line_1_29' title="bbox 230 2443 1361 2512; baseline 0.001 -14"><span class='ocrx_word' id='word_1_288' title='bbox 230 2455 287 2499; x_wconf 89' lang='lat' dir='ltr'><strong>tam</strong></span> <span class='ocrx_word' id='word_1_289' title='bbox 305 2453 433 2500; x_wconf 88' lang='lat' dir='ltr'><strong>accurato</strong></span> <span class='ocrx_word' id='word_1_290' title='bbox 458 2451 485 2496; x_wconf 90' lang='lat' dir='ltr'><strong>et</strong></span> <span class='ocrx_word' id='word_1_291' title='bbox 509 2447 555 2512; x_wconf 89' lang='lat' dir='ltr'><strong>qui</strong></span> <span class='ocrx_word' id='word_1_292' title='bbox 573 2443 673 2495; x_wconf 82' lang='lat' dir='ltr'><strong>ibidem</strong></span> <span class='ocrx_word' id='word_1_293' title='bbox 692 2445 772 2510; x_wconf 87' lang='lat' dir='ltr'><strong>profi·</strong></span> <span class='ocrx_word' id='word_1_294' title='bbox 822 2453 959 2496; x_wconf 86' lang='lat' dir='ltr'><strong>tarracten</strong></span> <span class='ocrx_word' id='word_1_295' title='bbox 977 2448 1032 2497; x_wconf 88' lang='lat' dir='ltr'><strong>sita</strong></span> <span class='ocrx_word' id='word_1_296' title='bbox 1051 2454 1106 2510; x_wconf 86' lang='lat' dir='ltr'><strong>eat,</strong></span> <span class='ocrx_word' id='word_1_297' title='bbox 1127 2464 1177 2499; x_wconf 87' lang='lat' dir='ltr'><strong>nec</strong></span> <span class='ocrx_word' id='word_1_298' title='bbox 1192 2450 1264 2499; x_wconf 86' lang='lat' dir='ltr'><strong>inira</strong></span> <span class='ocrx_word' id='word_1_299' title='bbox 1277 2449 1361 2510; x_wconf 91' lang='lat' dir='ltr'><strong>illurn,</strong></span> 
     </span>
     <span class='ocr_line' id='line_1_30' title="bbox 230 2515 1362 2582; baseline -0.001 -14"><span class='ocrx_word' id='word_1_300' title='bbox 230 2523 320 2569; x_wconf 90' lang='lat' dir='ltr'><strong>teatur</strong></span> <span class='ocrx_word' id='word_1_301' title='bbox 339 2515 486 2582; x_wconf 74' lang='lat' dir='ltr'><strong>(capiti),</strong></span> <span class='ocrx_word' id='word_1_302' title='bbox 506 2531 534 2564; x_wconf 88' lang='lat' dir='ltr'><strong>se</strong></span> <span class='ocrx_word' id='word_1_303' title='bbox 556 2517 643 2581; x_wconf 90' lang='lat' dir='ltr'><strong>ipsum</strong></span> <span class='ocrx_word' id='word_1_304' title='bbox 666 2520 771 2579; x_wconf 84' lang='lat' dir='ltr'><strong>specta·</strong></span> <span class='ocrx_word' id='word_1_305' title='bbox 821 2515 903 2566; x_wconf 89' lang='lat' dir='ltr'><strong>dnbio</strong></span> <span class='ocrx_word' id='word_1_306' title='bbox 921 2518 967 2565; x_wconf 84' lang='lat' dir='ltr'><strong>vix</strong></span> <span class='ocrx_word' id='word_1_307' title='bbox 978 2522 1062 2566; x_wconf 87' lang='lat' dir='ltr'><strong>caret.</strong></span> <span class='ocrx_word' id='word_1_308' title='bbox 1098 2517 1181 2568; x_wconf 89' lang='lat' dir='ltr'><strong>Plura</strong></span> <span class='ocrx_word' id='word_1_309' title='bbox 1192 2519 1295 2570; x_wconf 89' lang='lat' dir='ltr'><strong>Ritter:</strong></span> <span class='ocrx_word' id='word_1_310' title='bbox 1314 2521 1362 2569; x_wconf 91' lang='lat' dir='ltr'><strong>Er·</strong></span> 
     </span>
     <span class='ocr_line' id='line_1_31' title="bbox 230 2583 1361 2652; baseline 0 -16"><span class='ocrx_word' id='word_1_311' title='bbox 230 2593 316 2638; x_wconf 89' lang='lat' dir='ltr'><strong>torem</strong></span> <span class='ocrx_word' id='word_1_312' title='bbox 334 2586 490 2652; x_wconf 82' lang='lat' dir='ltr'><strong>pervenisse</strong></span> <span class='ocrx_word' id='word_1_313' title='bbox 508 2583 709 2649; x_wconf 81' lang='lat' dir='ltr'><strong>Elephantinen</strong></span> <span class='ocrx_word' id='word_1_314' title='bbox 726 2601 770 2635; x_wconf 89' lang='lat' dir='ltr'><strong>us·</strong></span> <span class='ocrx_word' id='word_1_315' title='bbox 821 2585 911 2635; x_wconf 86' lang='lat' dir='ltr'><strong>hunde</strong></span> <span class='ocrx_word' id='word_1_316' title='bbox 927 2587 949 2636; x_wconf 93' lang='lat'><strong>1.</strong></span> <span class='ocrx_word' id='word_1_317' title='bbox 969 2601 1032 2651; x_wconf 83' lang='lat' dir='ltr'><strong>pag.</strong></span> <span class='ocrx_word' id='word_1_318' title='bbox 1049 2585 1109 2638; x_wconf 80' lang='grc'><strong>680.</strong></span> <span class='ocrx_word' id='word_1_319' title='bbox 1124 2587 1184 2638; x_wconf 79' lang='lat' dir='ltr'><strong>ost.</strong></span> <span class='ocrx_word' id='word_1_320' title='bbox 1221 2590 1263 2638; x_wconf 91' lang='lat' dir='ltr'><strong>De</strong></span> <span class='ocrx_word' id='word_1_321' title='bbox 1276 2587 1361 2638; x_wconf 83' lang='lat' dir='ltr'><strong>Philia</strong></span> 
     </span>
     <span class='ocr_line' id='line_1_32' title="bbox 230 2653 1359 2724; baseline 0 -18"><span class='ocrx_word' id='word_1_322' title='bbox 230 2671 295 2724; x_wconf 85' lang='lat' dir='ltr'><strong>qne,</strong></span> <span class='ocrx_word' id='word_1_323' title='bbox 324 2656 438 2722; x_wconf 89' lang='lat' dir='ltr'><strong>quique,</strong></span> <span class='ocrx_word' id='word_1_324' title='bbox 457 2669 526 2720; x_wconf 89' lang='lat' dir='ltr'><strong>quac</strong></span> <span class='ocrx_word' id='word_1_325' title='bbox 543 2653 615 2704; x_wconf 89' lang='lat' dir='ltr'><strong>ultra</strong></span> <span class='ocrx_word' id='word_1_326' title='bbox 635 2654 690 2703; x_wconf 89' lang='lat' dir='ltr'><strong>eita</strong></span> <span class='ocrx_word' id='word_1_327' title='bbox 707 2659 770 2704; x_wconf 89' lang='lat' dir='ltr'><strong>sunt</strong></span> <span class='ocrx_word' id='word_1_328' title='bbox 821 2659 950 2705; x_wconf 88' lang='lat' dir='ltr'><strong>accurate</strong></span> <span class='ocrx_word' id='word_1_329' title='bbox 968 2656 1117 2721; x_wconf 83' lang='lat' dir='ltr'><strong>disputavit</strong></span> <span class='ocrx_word' id='word_1_330' title='bbox 1142 2656 1174 2707; x_wconf 89' lang='lat' dir='ltr'><strong>G.</strong></span> <span class='ocrx_word' id='word_1_331' title='bbox 1193 2657 1312 2722; x_wconf 87' lang='lat' dir='ltr'><strong>Parthey</strong></span> <span class='ocrx_word' id='word_1_332' title='bbox 1331 2659 1359 2706; x_wconf 90' lang='lat' dir='ltr'><strong>in</strong></span> 
     </span>
     <span class='ocr_line' id='line_1_33' title="bbox 230 2723 1360 2788; baseline -0.002 -12"><span class='ocrx_word' id='word_1_333' title='bbox 230 2725 337 2788; x_wconf 87' lang='lat' dir='ltr'><strong>audita,</strong></span> <span class='ocrx_word' id='word_1_334' title='bbox 370 2726 437 2774; x_wconf 88' lang='lat' dir='ltr'><strong>satis</strong></span> <span class='ocrx_word' id='word_1_335' title='bbox 466 2729 594 2774; x_wconf 87' lang='lat' dir='ltr'><strong>accurate</strong></span> <span class='ocrx_word' id='word_1_336' title='bbox 623 2723 768 2775; x_wconf 84' lang='lat' dir='ltr'><strong>describat.</strong></span> <span class='ocrx_word' id='word_1_337' title='bbox 820 2726 1046 2775; x_wconf 86' lang='lat' dir='ltr'><strong>commentatione</strong></span> <span class='ocrx_word' id='word_1_338' title='bbox 1075 2725 1131 2788; x_wconf 88' lang='lat' dir='ltr'><strong>„de</strong></span> <span class='ocrx_word' id='word_1_339' title='bbox 1157 2725 1243 2775; x_wconf 85' lang='lat' dir='ltr'><strong>Philia</strong></span> <span class='ocrx_word' id='word_1_340' title='bbox 1270 2725 1360 2774; x_wconf 86' lang='lat' dir='ltr'><strong>insule</strong></span> 
     </span>
     <span class='ocr_line' id='line_1_34' title="bbox 230 2793 1358 2859; baseline -0.002 -14"><span class='ocrx_word' id='word_1_341' title='bbox 230 2794 345 2856; x_wconf 86' lang='lat' dir='ltr'><strong>Contra,</strong></span> <span class='ocrx_word' id='word_1_342' title='bbox 369 2793 393 2844; x_wconf 87' lang='lat' dir='ltr'><strong>ai</strong></span> <span class='ocrx_word' id='word_1_343' title='bbox 416 2809 496 2844; x_wconf 87' lang='lat' dir='ltr'><strong>unam</strong></span> <span class='ocrx_word' id='word_1_344' title='bbox 520 2793 704 2844; x_wconf 88' lang='lat' dir='ltr'><strong>tantummodo</strong></span> <span class='ocrx_word' id='word_1_345' title='bbox 723 2809 769 2844; x_wconf 94' lang='lat' dir='ltr'><strong>uo·</strong></span> <span class='ocrx_word' id='word_1_346' title='bbox 820 2795 930 2859; x_wconf 88' lang='lat' dir='ltr'><strong>eiusque</strong></span> <span class='ocrx_word' id='word_1_347' title='bbox 956 2794 1153 2845; x_wconf 85' lang='lat' dir='ltr'><strong>monumentis“</strong></span> <span class='ocrx_word' id='word_1_348' title='bbox 1182 2794 1256 2843; x_wconf 86' lang='lat' dir='ltr'><strong>edita</strong></span> <span class='ocrx_word' id='word_1_349' title='bbox 1277 2795 1358 2844; x_wconf 88' lang='lat' dir='ltr'><strong>Bero-</strong></span> 
     </span>
     <span class='ocr_line' id='line_1_35' title="bbox 229 2862 1358 2929; baseline -0.002 -15"><span class='ocrx_word' id='word_1_350' title='bbox 229 2870 307 2915; x_wconf 81' lang='lat' dir='ltr'><strong>eerat</strong></span> <span class='ocrx_word' id='word_1_351' title='bbox 320 2863 519 2929; x_wconf 87' lang='lat' dir='ltr'><strong>Elephantinen</strong></span> <span class='ocrx_word' id='word_1_352' title='bbox 536 2862 667 2912; x_wconf 80' lang='lat' dir='ltr'><strong>historiae</strong></span> <span class='ocrx_word' id='word_1_353' title='bbox 678 2867 768 2927; x_wconf 87' lang='lat' dir='ltr'><strong>pater:</strong></span> <span class='ocrx_word' id='word_1_354' title='bbox 820 2862 869 2912; x_wconf 89' lang='lat' dir='ltr'><strong>lini</strong></span> <span class='ocrx_word' id='word_1_355' title='bbox 890 2863 965 2913; x_wconf 81' lang='lat'><strong>1830.</strong></span> <span class='ocrx_word' id='word_1_356' title='bbox 993 2865 1045 2925; x_wconf 81' lang='lat' dir='ltr'><strong>Qui</strong></span> <span class='ocrx_word' id='word_1_357' title='bbox 1058 2865 1125 2914; x_wconf 90' lang='lat' dir='ltr'><strong>satis</strong></span> <span class='ocrx_word' id='word_1_358' title='bbox 1138 2862 1254 2924; x_wconf 87' lang='lat' dir='ltr'><strong>edocuit,</strong></span> <span class='ocrx_word' id='word_1_359' title='bbox 1265 2879 1282 2912; x_wconf 87' lang='lat' dir='ltr'><strong>a</strong></span> <span class='ocrx_word' id='word_1_360' title='bbox 1296 2863 1358 2913; x_wconf 87' lang='lat' dir='ltr'><strong>Phi·</strong></span> 
     </span>
     <span class='ocr_line' id='line_1_36' title="bbox 229 2931 1358 2997; baseline -0.002 -13"><span class='ocrx_word' id='word_1_361' title='bbox 229 2932 421 2984; x_wconf 74' lang='lat' dir='ltr'><strong>celeberrimae</strong></span> <span class='ocrx_word' id='word_1_362' title='bbox 448 2931 553 2982; x_wconf 86' lang='lat' dir='ltr'><strong>insulae</strong></span> <span class='ocrx_word' id='word_1_363' title='bbox 577 2931 714 2981; x_wconf 91' lang='lat' dir='ltr'><strong>Philarum</strong></span> <span class='ocrx_word' id='word_1_364' title='bbox 739 2934 767 2982; x_wconf 93' lang='lat' dir='ltr'><strong>in</strong></span> <span class='ocrx_word' id='word_1_365' title='bbox 817 2931 851 2981; x_wconf 88' lang='lat' dir='ltr'><strong>lia</strong></span> <span class='ocrx_word' id='word_1_366' title='bbox 870 2932 977 2997; x_wconf 84' lang='lat' dir='ltr'><strong>Syenen</strong></span> <span class='ocrx_word' id='word_1_367' title='bbox 998 2933 1111 2984; x_wconf 89' lang='lat' dir='ltr'><strong>duarum</strong></span> <span class='ocrx_word' id='word_1_368' title='bbox 1131 2933 1254 2984; x_wconf 87' lang='lat' dir='ltr'><strong>horarum</strong></span> <span class='ocrx_word' id='word_1_369' title='bbox 1274 2931 1358 2997; x_wconf 81' lang='lat' dir='ltr'><strong>(liras)</strong></span> 
     </span>
     <span class='ocr_line' id='line_1_37' title="bbox 229 2999 1358 3068; baseline -0.002 -15"><span class='ocrx_word' id='word_1_370' title='bbox 229 3003 287 3053; x_wconf 86' lang='lat' dir='ltr'><strong>eius</strong></span> <span class='ocrx_word' id='word_1_371' title='bbox 304 3004 382 3053; x_wconf 90' lang='lat' dir='ltr'><strong>libris</strong></span> <span class='ocrx_word' id='word_1_372' title='bbox 401 3017 450 3052; x_wconf 86' lang='lat' dir='ltr'><strong>nec</strong></span> <span class='ocrx_word' id='word_1_373' title='bbox 469 2999 532 3051; x_wconf 84' lang='lat' dir='ltr'><strong>vola</strong></span> <span class='ocrx_word' id='word_1_374' title='bbox 554 3017 603 3050; x_wconf 88' lang='lat' dir='ltr'><strong>nec</strong></span> <span class='ocrx_word' id='word_1_375' title='bbox 622 3003 767 3066; x_wconf 81' lang='lat' dir='ltr'><strong>vestigium</strong></span> <span class='ocrx_word' id='word_1_376' title='bbox 818 3001 982 3053; x_wconf 84' lang='lat' dir='ltr'><strong>Gallicarum</strong></span> <span class='ocrx_word' id='word_1_377' title='bbox 1008 3017 1068 3053; x_wconf 88' lang='lat' dir='ltr'><strong>esse</strong></span> <span class='ocrx_word' id='word_1_378' title='bbox 1096 3004 1161 3060; x_wconf 85' lang='lat' dir='ltr'><strong>iter,</strong></span> <span class='ocrx_word' id='word_1_379' title='bbox 1191 3017 1261 3068; x_wconf 86' lang='lat' dir='ltr'><strong>quae</strong></span> <span class='ocrx_word' id='word_1_380' title='bbox 1289 3017 1358 3052; x_wconf 83' lang='lat' dir='ltr'><strong>conr·</strong></span> 
     </span>
     <span class='ocr_line' id='line_1_38' title="bbox 228 3071 1359 3137; baseline -0.001 -15"><span class='ocrx_word' id='word_1_381' title='bbox 228 3077 351 3137; x_wconf 84' lang='lat' dir='ltr'><strong>apparet.</strong></span> <span class='ocrx_word' id='word_1_382' title='bbox 388 3071 510 3136; x_wconf 88' lang='lat' dir='ltr'><strong>Utraque</strong></span> <span class='ocrx_word' id='word_1_383' title='bbox 526 3074 618 3120; x_wconf 86' lang='lat' dir='ltr'><strong>tamen</strong></span> <span class='ocrx_word' id='word_1_384' title='bbox 636 3087 678 3120; x_wconf 88' lang='lat' dir='ltr'><strong>res</strong></span> <span class='ocrx_word' id='word_1_385' title='bbox 697 3087 767 3121; x_wconf 88' lang='lat' dir='ltr'><strong>com·</strong></span> <span class='ocrx_word' id='word_1_386' title='bbox 818 3071 896 3121; x_wconf 87' lang='lat' dir='ltr'><strong>mode</strong></span> <span class='ocrx_word' id='word_1_387' title='bbox 914 3071 1018 3122; x_wconf 88' lang='lat' dir='ltr'><strong>duabus</strong></span> <span class='ocrx_word' id='word_1_388' title='bbox 1037 3072 1110 3123; x_wconf 83' lang='lat' dir='ltr'><strong>horis</strong></span> <span class='ocrx_word' id='word_1_389' title='bbox 1127 3073 1161 3122; x_wconf 81' lang='lat' dir='ltr'><strong>ab</strong></span> <span class='ocrx_word' id='word_1_390' title='bbox 1174 3073 1301 3137; x_wconf 82' lang='lat' dir='ltr'><strong>expedito</strong></span> <span class='ocrx_word' id='word_1_391' title='bbox 1314 3088 1359 3136; x_wconf 90' lang='lat' dir='ltr'><strong>pe·</strong></span> 
     </span>
     <span class='ocr_line' id='line_1_39' title="bbox 229 3139 1355 3206; baseline 0.002 -16"><span class='ocrx_word' id='word_1_392' title='bbox 229 3141 307 3191; x_wconf 88' lang='lat' dir='ltr'><strong>mode</strong></span> <span class='ocrx_word' id='word_1_393' title='bbox 322 3139 450 3206; x_wconf 83' lang='lat' dir='ltr'><strong>explicari</strong></span> <span class='ocrx_word' id='word_1_394' title='bbox 462 3143 562 3205; x_wconf 87' lang='lat' dir='ltr'><strong>potest.</strong></span> <span class='ocrx_word' id='word_1_395' title='bbox 594 3141 765 3206; x_wconf 86' lang='lat' dir='ltr'><strong>Nequeenim</strong></span> <span class='ocrx_word' id='word_1_396' title='bbox 818 3140 874 3190; x_wconf 92' lang='lat' dir='ltr'><strong>dite</strong></span> <span class='ocrx_word' id='word_1_397' title='bbox 896 3140 1087 3203; x_wconf 85' lang='lat' dir='ltr'><strong>conficiantur,</strong></span> <span class='ocrx_word' id='word_1_398' title='bbox 1111 3157 1133 3191; x_wconf 91' lang='lat' dir='ltr'><strong>s.</strong></span> <span class='ocrx_word' id='word_1_399' title='bbox 1158 3141 1255 3204; x_wconf 62' lang='lat' dir='ltr'><strong>tonso</strong></span> <span class='ocrx_word' id='word_1_400' title='bbox 1277 3141 1355 3206; x_wconf 90' lang='lat' dir='ltr'><strong>pedd.</strong></span> 
     </span>
     <span class='ocr_line' id='line_1_40' title="bbox 228 3208 1358 3275; baseline 0 -15"><span class='ocrx_word' id='word_1_401' title='bbox 228 3211 316 3275; x_wconf 75' lang='lat' dir='ltr'><strong>magis</strong></span> <span class='ocrx_word' id='word_1_402' title='bbox 336 3211 485 3274; x_wconf 85' lang='lat' dir='ltr'><strong>Tentyrae,</strong></span> <span class='ocrx_word' id='word_1_403' title='bbox 510 3208 663 3274; x_wconf 85' lang='lat' dir='ltr'><strong>Latopolis,</strong></span> <span class='ocrx_word' id='word_1_404' title='bbox 687 3209 766 3260; x_wconf 88' lang='lat' dir='ltr'><strong>Ombi</strong></span> <span class='ocrx_word' id='word_1_405' title='bbox 816 3210 928 3272; x_wconf 74' lang='lat' dir='ltr'><strong>Parias,</strong></span> <span class='ocrx_word' id='word_1_406' title='bbox 946 3211 1018 3260; x_wconf 88' lang='lat' dir='ltr'><strong>undo</strong></span> <span class='ocrx_word' id='word_1_407' title='bbox 1029 3217 1135 3260; x_wconf 89' lang='lat' dir='ltr'><strong>centum</strong></span> <span class='ocrx_word' id='word_1_408' title='bbox 1153 3211 1302 3261; x_wconf 85' lang='lat' dir='ltr'><strong>stadiorum</strong></span> <span class='ocrx_word' id='word_1_409' title='bbox 1320 3211 1358 3260; x_wconf 90' lang='lat' dir='ltr'><strong>in-</strong></span> 
     </span>
     <span class='ocr_line' id='line_1_41' title="bbox 228 3276 1356 3346; baseline 0.004 -18"><span class='ocrx_word' id='word_1_410' title='bbox 228 3277 395 3344; x_wconf 82' lang='lat' dir='ltr'><strong>aliarumque</strong></span> <span class='ocrx_word' id='word_1_411' title='bbox 403 3276 532 3328; x_wconf 88' lang='lat' dir='ltr'><strong>nobilium</strong></span> <span class='ocrx_word' id='word_1_412' title='bbox 541 3279 645 3328; x_wconf 90' lang='lat' dir='ltr'><strong>urbium</strong></span> <span class='ocrx_word' id='word_1_413' title='bbox 656 3279 765 3343; x_wconf 88' lang='lat' dir='ltr'><strong>templa,</strong></span> <span class='ocrx_word' id='word_1_414' title='bbox 816 3279 972 3341; x_wconf 88' lang='lat' dir='ltr'><strong>tervallum,</strong></span> <span class='ocrx_word' id='word_1_415' title='bbox 992 3281 1062 3346; x_wconf 87' lang='lat' dir='ltr'><strong>quod</strong></span> <span class='ocrx_word' id='word_1_416' title='bbox 1077 3279 1145 3329; x_wconf 84' lang='lat' dir='ltr'><strong>dixit</strong></span> <span class='ocrx_word' id='word_1_417' title='bbox 1159 3281 1258 3331; x_wconf 84' lang='lat' dir='ltr'><strong>Strabo</strong></span> <span class='ocrx_word' id='word_1_418' title='bbox 1269 3281 1356 3332; x_wconf 74' lang='lat' dir='ltr'><strong>xvh.</strong></span> 
     </span>
     <span class='ocr_line' id='line_1_42' title="bbox 227 3345 1358 3414; baseline -0.001 -15"><span class='ocrx_word' id='word_1_419' title='bbox 227 3346 333 3412; x_wconf 87' lang='lat' dir='ltr'><strong>palatia</strong></span> <span class='ocrx_word' id='word_1_420' title='bbox 349 3345 504 3414; x_wconf 87' lang='lat' dir='ltr'><strong>reliquaque</strong></span> <span class='ocrx_word' id='word_1_421' title='bbox 523 3352 696 3398; x_wconf 87' lang='lat' dir='ltr'><strong>monumenta</strong></span> <span class='ocrx_word' id='word_1_422' title='bbox 713 3363 767 3397; x_wconf 86' lang='lat' dir='ltr'><strong>me·</strong></span> <span class='ocrx_word' id='word_1_423' title='bbox 816 3364 842 3412; x_wconf 93' lang='lat' dir='ltr'><strong>p.</strong></span> <span class='ocrx_word' id='word_1_424' title='bbox 862 3349 922 3410; x_wconf 82' lang='grc'><strong>818,</strong></span> <span class='ocrx_word' id='word_1_425' title='bbox 942 3350 976 3398; x_wconf 84' lang='lat' dir='ltr'><strong>ad</strong></span> <span class='ocrx_word' id='word_1_426' title='bbox 996 3349 1135 3398; x_wconf 87' lang='lat' dir='ltr'><strong>dimidium</strong></span> <span class='ocrx_word' id='word_1_427' title='bbox 1154 3349 1210 3399; x_wconf 86' lang='lat' dir='ltr'><strong>iere</strong></span> <span class='ocrx_word' id='word_1_428' title='bbox 1229 3365 1358 3400; x_wconf 80' lang='lat' dir='ltr'><strong>revocan-</strong></span> 
     </span>
     <span class='ocr_line' id='line_1_43' title="bbox 228 3416 1358 3484; baseline 0.002 -18"><span class='ocrx_word' id='word_1_429' title='bbox 228 3421 324 3468; x_wconf 88' lang='lat' dir='ltr'><strong>morat.</strong></span> <span class='ocrx_word' id='word_1_430' title='bbox 362 3416 482 3467; x_wconf 81' lang='lat' dir='ltr'><strong>Strictim</strong></span> <span class='ocrx_word' id='word_1_431' title='bbox 505 3416 691 3468; x_wconf 87' lang='lat' dir='ltr'><strong>tautummodo</strong></span> <span class='ocrx_word' id='word_1_432' title='bbox 710 3431 767 3466; x_wconf 87' lang='lat' dir='ltr'><strong>car·</strong></span> <span class='ocrx_word' id='word_1_433' title='bbox 816 3417 878 3467; x_wconf 90' lang='lat' dir='ltr'><strong>dnm</strong></span> <span class='ocrx_word' id='word_1_434' title='bbox 890 3419 925 3468; x_wconf 89' lang='lat' dir='ltr'><strong>sit</strong></span> <span class='ocrx_word' id='word_1_435' title='bbox 936 3417 987 3481; x_wconf 86' lang='lat' dir='ltr'><strong>(ci.</strong></span> <span class='ocrx_word' id='word_1_436' title='bbox 1005 3435 1032 3483; x_wconf 88' lang='lat' dir='ltr'><strong>p.</strong></span> <span class='ocrx_word' id='word_1_437' title='bbox 1049 3420 1059 3468; x_wconf 90' lang='lat' dir='ltr'><strong>l</strong></span> <span class='ocrx_word' id='word_1_438' title='bbox 1081 3433 1137 3483; x_wconf 85' lang='lat' dir='ltr'><strong>aeq.</strong></span> <span class='ocrx_word' id='word_1_439' title='bbox 1150 3417 1181 3468; x_wconf 87' lang='grc'><strong>81</strong></span> <span class='ocrx_word' id='word_1_440' title='bbox 1194 3418 1291 3484; x_wconf 83' lang='lat' dir='ltr'><strong>seqq.).</strong></span> <span class='ocrx_word' id='word_1_441' title='bbox 1310 3419 1358 3468; x_wconf 88' lang='lat' dir='ltr'><strong>Ni-</strong></span> 
     </span>
     <span class='ocr_line' id='line_1_44' title="bbox 228 3485 1357 3552; baseline 0.002 -18"><span class='ocrx_word' id='word_1_442' title='bbox 228 3486 268 3550; x_wconf 90' lang='lat' dir='ltr'><strong>pit</strong></span> <span class='ocrx_word' id='word_1_443' title='bbox 299 3485 444 3552; x_wconf 79' lang='lat' dir='ltr'><strong>superioria</strong></span> <span class='ocrx_word' id='word_1_444' title='bbox 476 3485 594 3552; x_wconf 76' lang='lat' dir='ltr'><strong>Aegypti</strong></span> <span class='ocrx_word' id='word_1_445' title='bbox 627 3485 766 3552; x_wconf 82' lang='lat' dir='ltr'><strong>reliquiae,</strong></span> <span class='ocrx_word' id='word_1_446' title='bbox 816 3487 870 3536; x_wconf 88' lang='lat' dir='ltr'><strong>lum</strong></span> <span class='ocrx_word' id='word_1_447' title='bbox 888 3503 968 3548; x_wconf 83' lang='lat' dir='ltr'><strong>vero,</strong></span> <span class='ocrx_word' id='word_1_448' title='bbox 988 3489 1033 3552; x_wconf 89' lang='lat' dir='ltr'><strong>qui</strong></span> <span class='ocrx_word' id='word_1_449' title='bbox 1048 3488 1112 3538; x_wconf 89' lang='lat' dir='ltr'><strong>inde</strong></span> <span class='ocrx_word' id='word_1_450' title='bbox 1130 3504 1147 3536; x_wconf 85' lang='lat' dir='ltr'><strong>a</strong></span> <span class='ocrx_word' id='word_1_451' title='bbox 1165 3490 1299 3552; x_wconf 73' lang='lat' dir='ltr'><strong>superiori</strong></span> <span class='ocrx_word' id='word_1_452' title='bbox 1313 3503 1357 3537; x_wconf 85' lang='lat' dir='ltr'><strong>ca-</strong></span> 
     </span>
     <span class='ocr_line' id='line_1_45' title="bbox 227 3553 1359 3622; baseline 0.001 -18"><span class='ocrx_word' id='word_1_453' title='bbox 227 3553 354 3606; x_wconf 74' lang='lat' dir='ltr'><strong>ridelicet</strong></span> <span class='ocrx_word' id='word_1_454' title='bbox 380 3555 431 3605; x_wconf 90' lang='lat' dir='ltr'><strong>hac</strong></span> <span class='ocrx_word' id='word_1_455' title='bbox 449 3569 546 3603; x_wconf 84' lang='lat' dir='ltr'><strong>caussa</strong></span> <span class='ocrx_word' id='word_1_456' title='bbox 565 3555 676 3618; x_wconf 89' lang='lat' dir='ltr'><strong>dactus,</strong></span> <span class='ocrx_word' id='word_1_457' title='bbox 696 3555 766 3621; x_wconf 91' lang='lat' dir='ltr'><strong>quod</strong></span> <span class='ocrx_word' id='word_1_458' title='bbox 815 3561 935 3606; x_wconf 87' lang='lat' dir='ltr'><strong>tarracta</strong></span> <span class='ocrx_word' id='word_1_459' title='bbox 947 3556 1027 3606; x_wconf 86' lang='lat' dir='ltr'><strong>Wadi</strong></span> <span class='ocrx_word' id='word_1_460' title='bbox 1040 3556 1165 3606; x_wconf 79' lang='lat' dir='ltr'><strong>Hellenai</strong></span> <span class='ocrx_word' id='word_1_461' title='bbox 1178 3556 1285 3622; x_wconf 84' lang='lat' dir='ltr'><strong>placide</strong></span> <span class='ocrx_word' id='word_1_462' title='bbox 1300 3557 1359 3606; x_wconf 84' lang='lat' dir='ltr'><strong>fluit</strong></span> 
     </span>
     <span class='ocr_line' id='line_1_46' title="bbox 228 3623 1359 3690; baseline 0.001 -16"><span class='ocrx_word' id='word_1_463' title='bbox 228 3629 291 3674; x_wconf 88' lang='lat' dir='ltr'><strong>aute</strong></span> <span class='ocrx_word' id='word_1_464' title='bbox 314 3639 374 3674; x_wconf 85' lang='lat' dir='ltr'><strong>cum</strong></span> <span class='ocrx_word' id='word_1_465' title='bbox 397 3624 553 3674; x_wconf 81' lang='lat' dir='ltr'><strong>Hecataeus</strong></span> <span class='ocrx_word' id='word_1_466' title='bbox 577 3623 700 3675; x_wconf 86' lang='lat' dir='ltr'><strong>Milesius</strong></span> <span class='ocrx_word' id='word_1_467' title='bbox 719 3640 765 3674; x_wconf 88' lang='lat' dir='ltr'><strong>aaa</strong></span> <span class='ocrx_word' id='word_1_468' title='bbox 815 3641 900 3690; x_wconf 86' lang='lat' dir='ltr'><strong>usque</strong></span> <span class='ocrx_word' id='word_1_469' title='bbox 926 3625 960 3674; x_wconf 88' lang='lat' dir='ltr'><strong>ad</strong></span> <span class='ocrx_word' id='word_1_470' title='bbox 984 3626 1091 3685; x_wconf 86' lang='lat' dir='ltr'><strong>Philas,</strong></span> <span class='ocrx_word' id='word_1_471' title='bbox 1115 3628 1170 3675; x_wconf 89' lang='lat' dir='ltr'><strong>iam</strong></span> <span class='ocrx_word' id='word_1_472' title='bbox 1192 3626 1244 3676; x_wconf 90' lang='lat' dir='ltr'><strong>hac</strong></span> <span class='ocrx_word' id='word_1_473' title='bbox 1269 3625 1359 3676; x_wconf 86' lang='lat' dir='ltr'><strong>insula</strong></span> 
     </span>
     <span class='ocr_line' id='line_1_47' title="bbox 228 3691 1357 3760; baseline 0.002 -18"><span class='ocrx_word' id='word_1_474' title='bbox 228 3707 289 3742; x_wconf 86' lang='lat' dir='ltr'><strong>oras</strong></span> <span class='ocrx_word' id='word_1_475' title='bbox 303 3708 446 3759; x_wconf 84' lang='lat' dir='ltr'><strong>earumque</strong></span> <span class='ocrx_word' id='word_1_476' title='bbox 463 3691 646 3744; x_wconf 87' lang='lat' dir='ltr'><strong>memorabilia</strong></span> <span class='ocrx_word' id='word_1_477' title='bbox 657 3709 767 3745; x_wconf 85' lang='lat' dir='ltr'><strong>accura-</strong></span> <span class='ocrx_word' id='word_1_478' title='bbox 815 3694 919 3758; x_wconf 89' lang='lat' dir='ltr'><strong>relicta,</strong></span> <span class='ocrx_word' id='word_1_479' title='bbox 939 3709 955 3743; x_wconf 89' lang='lat' dir='ltr'><strong>a</strong></span> <span class='ocrx_word' id='word_1_480' title='bbox 970 3699 1044 3744; x_wconf 87' lang='lat' dir='ltr'><strong>recta</strong></span> <span class='ocrx_word' id='word_1_481' title='bbox 1064 3696 1118 3758; x_wconf 87' lang='lat' dir='ltr'><strong>via,</strong></span> <span class='ocrx_word' id='word_1_482' title='bbox 1132 3709 1211 3760; x_wconf 86' lang='lat' dir='ltr'><strong>qnam</strong></span> <span class='ocrx_word' id='word_1_483' title='bbox 1224 3700 1357 3758; x_wconf 84' lang='lat' dir='ltr'><strong>tenuerat,</strong></span> 
     </span>
    </p>
   </div>
   <div class='ocr_carea' id='block_1_4' title="bbox 226 3929 1358 4214">
    <p class='ocr_par' dir='ltr' id='par_1_4' title="bbox 226 3929 1358 4214">
     <span class='ocr_line' id='line_1_48' title="bbox 278 3929 1356 3993; baseline 0.018 -23"><span class='ocrx_word' id='word_1_484' title='bbox 278 3933 300 3982; x_wconf 73' lang='lat'><strong>⁰)</strong></span> <span class='ocrx_word' id='word_1_485' title='bbox 315 3929 478 3985; x_wconf 74' lang='lat' dir='ltr'><strong>Etymclogiam</strong></span> <span class='ocrx_word' id='word_1_486' title='bbox 492 3935 553 3976; x_wconf 79' lang='lat' dir='ltr'><strong>vocis</strong></span> <span class='ocrx_word' id='word_1_487' title='bbox 567 3935 682 3978; x_wconf 67' lang='lat' dir='ltr'><strong>amarum</strong></span> <span class='ocrx_word' id='word_1_488' title='bbox 695 3937 798 3992; x_wconf 82' lang='lat' dir='ltr'><strong>disquirit</strong></span> <span class='ocrx_word' id='word_1_489' title='bbox 813 3937 907 3990; x_wconf 78' lang='lat' dir='ltr'><strong>Parthey</strong></span> <span class='ocrx_word' id='word_1_490' title='bbox 923 3952 944 3992; x_wconf 87' lang='lat' dir='ltr'><strong>p.</strong></span> <span class='ocrx_word' id='word_1_491' title='bbox 959 3940 984 3980; x_wconf 72' lang='lat'><strong>6³</strong></span> <span class='ocrx_word' id='word_1_492' title='bbox 1000 3952 1062 3993; x_wconf 76' lang='lat' dir='ltr'><strong>seqq.</strong></span> <span class='ocrx_word' id='word_1_493' title='bbox 1077 3942 1133 3982; x_wconf 81' lang='lat' dir='ltr'><strong>benc</strong></span> <span class='ocrx_word' id='word_1_494' title='bbox 1148 3951 1240 3980; x_wconf 61' lang='lat' dir='ltr'><strong>monent</strong></span> <span class='ocrx_word' id='word_1_495' title='bbox 1255 3939 1356 3981; x_wconf 68' lang='lat' dir='ltr'><strong>Grtfflffl</strong></span> 
     </span>
     <span class='ocr_line' id='line_1_49' title="bbox 226 3985 1358 4054; baseline 0.019 -24"><span class='ocrx_word' id='word_1_496' title='bbox 226 4001 275 4030; x_wconf 84' lang='lat' dir='ltr'><strong>asae</strong></span> <span class='ocrx_word' id='word_1_497' title='bbox 291 4001 364 4030; x_wconf 78' lang='lat' dir='ltr'><strong>rotem</strong></span> <span class='ocrx_word' id='word_1_498' title='bbox 380 4003 392 4030; x_wconf 95' lang='lat' dir='ltr'><strong>a</strong></span> <span class='ocrx_word' id='word_1_499' title='bbox 410 3985 492 4048; x_wconf 73' lang='grc' dir='ltr'><em>φίλος</em></span> <span class='ocrx_word' id='word_1_500' title='bbox 509 3993 594 4034; x_wconf 81' lang='lat' dir='ltr'><strong>ductam</strong></span> <span class='ocrx_word' id='word_1_501' title='bbox 609 4001 697 4050; x_wconf 84' lang='lat' dir='ltr'><strong>propter</strong></span> <span class='ocrx_word' id='word_1_502' title='bbox 716 3997 760 4038; x_wconf 79' lang='lat' dir='ltr'><strong>loci</strong></span> <span class='ocrx_word' id='word_1_503' title='bbox 774 3999 937 4048; x_wconf 80' lang='lat' dir='ltr'><strong>amoenitatem,</strong></span> <span class='ocrx_word' id='word_1_504' title='bbox 958 4012 1013 4052; x_wconf 86' lang='lat' dir='ltr'><strong>quae</strong></span> <span class='ocrx_word' id='word_1_505' title='bbox 1033 4005 1114 4054; x_wconf 87' lang='lat' dir='ltr'><strong>quanta</strong></span> <span class='ocrx_word' id='word_1_506' title='bbox 1129 3999 1170 4046; x_wconf 77' lang='lat' dir='ltr'><strong>ait.</strong></span> <span class='ocrx_word' id='word_1_507' title='bbox 1189 3999 1246 4038; x_wconf 64' lang='grc' dir='ltr'><strong>ΝΜ·</strong></span> <span class='ocrx_word' id='word_1_508' title='bbox 1261 4001 1358 4040; x_wconf 70' lang='lat' dir='ltr'><strong>0⁵¹0¹²t¹l¹</strong></span> 
     </span>
     <span class='ocr_line' id='line_1_50' title="bbox 226 4047 1356 4114; baseline 0.012 -29"><span class='ocrx_word' id='word_1_509' title='bbox 226 4049 262 4106; x_wconf 77' lang='lat' dir='ltr'><strong>¹air</strong></span> <span class='ocrx_word' id='word_1_510' title='bbox 277 4047 410 4110; x_wconf 51' lang='lat' dir='ltr'><strong>d⁰i¹¹¹⁸ffl¹⁴</strong></span> <span class='ocrx_word' id='word_1_511' title='bbox 423 4061 469 4103; x_wconf 82' lang='lat' dir='ltr'><strong>aeq.</strong></span> <span class='ocrx_word' id='word_1_512' title='bbox 485 4051 580 4114; x_wconf 75' lang='lat' dir='ltr'><strong>ditaeqq.</strong></span> <span class='ocrx_word' id='word_1_513' title='bbox 596 4055 711 4108; x_wconf 83' lang='lat' dir='ltr'><strong>attulitque</strong></span> <span class='ocrx_word' id='word_1_514' title='bbox 726 4056 789 4098; x_wconf 84' lang='lat' dir='ltr'><strong>etiam</strong></span> <span class='ocrx_word' id='word_1_515' title='bbox 804 4069 882 4099; x_wconf 89' lang='lat' dir='ltr'><strong>nomen</strong></span> <span class='ocrx_word' id='word_1_516' title='bbox 898 4059 982 4100; x_wconf 83' lang='lat' dir='ltr'><strong>insulae</strong></span> <span class='ocrx_word' id='word_1_517' title='bbox 997 4059 1128 4100; x_wconf 78' lang='lat' dir='ltr'><strong>Arabicam:</strong></span> <span class='ocrx_word' id='word_1_518' title='bbox 1143 4049 1356 4112; x_wconf 64' lang='lat' dir='ltr'><strong>Anas-el·reodjarl,</strong></span> 
     </span>
     <span class='ocr_line' id='line_1_51' title="bbox 227 4097 1356 4161; baseline 0.011 -25"><span class='ocrx_word' id='word_1_519' title='bbox 227 4109 242 4139; x_wconf 88' lang='grc' dir='ltr'><strong>ι.</strong></span> <span class='ocrx_word' id='word_1_520' title='bbox 258 4111 278 4140; x_wconf 91' lang='lat' dir='ltr'><strong>e.</strong></span> <span class='ocrx_word' id='word_1_521' title='bbox 294 4097 398 4139; x_wconf 68' lang='lat' dir='ltr'><strong>titanas</strong></span> <span class='ocrx_word' id='word_1_522' title='bbox 410 4107 517 4150; x_wconf 55' lang='lat' dir='ltr'><strong>aeteram</strong></span> <span class='ocrx_word' id='word_1_523' title='bbox 531 4105 575 4145; x_wconf 83' lang='lat' dir='ltr'><strong>elia</strong></span> <span class='ocrx_word' id='word_1_524' title='bbox 589 4105 673 4146; x_wconf 77' lang='lat' dir='ltr'><strong>insulae</strong></span> <span class='ocrx_word' id='word_1_525' title='bbox 688 4119 744 4146; x_wconf 85' lang='lat' dir='ltr'><strong>nunc</strong></span> <span class='ocrx_word' id='word_1_526' title='bbox 759 4107 827 4161; x_wconf 76' lang='lat' dir='ltr'><strong>vulgo</strong></span> <span class='ocrx_word' id='word_1_527' title='bbox 842 4109 922 4150; x_wconf 88' lang='lat' dir='ltr'><strong>tributa</strong></span> <span class='ocrx_word' id='word_1_528' title='bbox 937 4111 1026 4150; x_wconf 89' lang='lat' dir='ltr'><strong>nomine</strong></span> <span class='ocrx_word' id='word_1_529' title='bbox 1039 4116 1159 4150; x_wconf 81' lang='lat' dir='ltr'><strong>taceamus:</strong></span> <span class='ocrx_word' id='word_1_530' title='bbox 1179 4109 1201 4149; x_wconf 90' lang='lat' dir='ltr'><strong>id</strong></span> <span class='ocrx_word' id='word_1_531' title='bbox 1218 4121 1269 4149; x_wconf 80' lang='lat' dir='ltr'><strong>earo</strong></span> <span class='ocrx_word' id='word_1_532' title='bbox 1284 4115 1356 4150; x_wconf 83' lang='lat' dir='ltr'><strong>tenen·</strong></span> 
     </span>
     <span class='ocr_line' id='line_1_52' title="bbox 226 4149 1355 4214; baseline 0.01 -27"><span class='ocrx_word' id='word_1_533' title='bbox 226 4159 286 4194; x_wconf 82' lang='lat' dir='ltr'><strong>arua.</strong></span> <span class='ocrx_word' id='word_1_534' title='bbox 302 4160 367 4191; x_wconf 83' lang='lat' dir='ltr'><strong>uuam</strong></span> <span class='ocrx_word' id='word_1_535' title='bbox 381 4149 491 4203; x_wconf 78' lang='lat' dir='ltr'><strong>elephanti</strong></span> <span class='ocrx_word' id='word_1_536' title='bbox 506 4153 632 4208; x_wconf 70' lang='lat' dir='ltr'><strong>imaginem.</strong></span> <span class='ocrx_word' id='word_1_537' title='bbox 647 4157 717 4198; x_wconf 84' lang='lat' dir='ltr'><strong>adhuc</strong></span> <span class='ocrx_word' id='word_1_538' title='bbox 732 4159 754 4196; x_wconf 88' lang='lat' dir='ltr'><strong>in</strong></span> <span class='ocrx_word' id='word_1_539' title='bbox 770 4160 868 4212; x_wconf 72' lang='lat' dir='ltr'><strong>Aegypti</strong></span> <span class='ocrx_word' id='word_1_540' title='bbox 883 4163 1029 4202; x_wconf 76' lang='lat' dir='ltr'><strong>monumentis</strong></span> <span class='ocrx_word' id='word_1_541' title='bbox 1049 4165 1168 4214; x_wconf 82' lang='lat' dir='ltr'><strong>repertam,</strong></span> <span class='ocrx_word' id='word_1_542' title='bbox 1187 4161 1248 4200; x_wconf 76' lang='lat' dir='ltr'><strong>aurai</strong></span> <span class='ocrx_word' id='word_1_543' title='bbox 1268 4161 1289 4200; x_wconf 88' lang='lat' dir='ltr'><strong>in</strong></span> <span class='ocrx_word' id='word_1_544' title='bbox 1304 4167 1355 4200; x_wconf 39' lang='lat' dir='ltr'><strong>tem*</strong></span> 
     </span>
    </p>
   </div>
   <div class='ocr_carea' id='block_1_5' title="bbox 226 4197 1356 4290">
    <p class='ocr_par' dir='ltr' id='par_1_5' title="bbox 226 4197 1356 4290">
     <span class='ocr_line' id='line_1_53' title="bbox 226 4197 1356 4290; baseline 0.008 -50"><span class='ocrx_word' id='word_1_545' title='bbox 226 4197 263 4290; x_wconf 65' lang='lat' dir='ltr'><strong>plo</strong></span> <span class='ocrx_word' id='word_1_546' title='bbox 278 4197 389 4240; x_wconf 87' lang='lat' dir='ltr'><strong>Philarum</strong></span> <span class='ocrx_word' id='word_1_547' title='bbox 403 4203 545 4252; x_wconf 72' lang='lat' dir='ltr'><strong>occidentali3</strong></span> <span class='ocrx_word' id='word_1_548' title='bbox 561 4207 606 4248; x_wconf 82' lang='lat' dir='ltr'><strong>rid.</strong></span> <span class='ocrx_word' id='word_1_549' title='bbox 623 4207 677 4250; x_wconf 83' lang='lat' dir='ltr'><strong>ibid.</strong></span> <span class='ocrx_word' id='word_1_550' title='bbox 694 4223 715 4262; x_wconf 88' lang='lat' dir='ltr'><strong>p.</strong></span> <span class='ocrx_word' id='word_1_551' title='bbox 729 4209 754 4249; x_wconf 76' lang='lat' dir='ltr'><strong>tt</strong></span> <span class='ocrx_word' id='word_1_552' title='bbox 768 4223 815 4261; x_wconf 80' lang='lat' dir='ltr'><strong>seq.</strong></span> <span class='ocrx_word' id='word_1_553' title='bbox 844 4211 867 4250; x_wconf 90' lang='lat' dir='ltr'><strong>ln</strong></span> <span class='ocrx_word' id='word_1_554' title='bbox 888 4211 1070 4264; x_wconf 72' lang='lat' dir='ltr'><strong>inscriptionibus</strong></span> <span class='ocrx_word' id='word_1_555' title='bbox 1090 4217 1279 4252; x_wconf 76' lang='lat' dir='ltr'><strong>nronumrntormn</strong></span> <span class='ocrx_word' id='word_1_556' title='bbox 1297 4211 1356 4250; x_wconf 83' lang='lat' dir='ltr'><strong>inau-</strong></span> 
     </span>
    </p>
   </div>
   <div class='ocr_carea' id='block_1_6' title="bbox 225 4249 1357 4354">
    <p class='ocr_par' dir='ltr' id='par_1_6' title="bbox 225 4249 1357 4354">
     <span class='ocr_line' id='line_1_54' title="bbox 234 4249 1357 4315; baseline 0.008 -25"><span class='ocrx_word' id='word_1_557' title='bbox 234 4261 259 4290; x_wconf 85' lang='lat' dir='ltr'><strong>ae</strong></span> <span class='ocrx_word' id='word_1_558' title='bbox 275 4255 294 4290; x_wconf 84' lang='lat' dir='ltr'><strong>et</strong></span> <span class='ocrx_word' id='word_1_559' title='bbox 308 4249 454 4292; x_wconf 87' lang='lat' dir='ltr'><strong>adiacentium</strong></span> <span class='ocrx_word' id='word_1_560' title='bbox 468 4252 552 4295; x_wconf 83' lang='lat' dir='ltr'><strong>liubiae</strong></span> <span class='ocrx_word' id='word_1_561' title='bbox 566 4263 608 4296; x_wconf 84' lang='lat' dir='ltr'><strong>terr.</strong></span> <span class='ocrx_word' id='word_1_562' title='bbox 627 4257 695 4298; x_wconf 88' lang='lat' dir='ltr'><strong>lorum</strong></span> <span class='ocrx_word' id='word_1_563' title='bbox 711 4261 800 4300; x_wconf 85' lang='lat' dir='ltr'><strong>nomina</strong></span> <span class='ocrx_word' id='word_1_564' title='bbox 812 4259 900 4310; x_wconf 79' lang='lat' dir='ltr'><strong>¹itrtulna</strong></span> <span class='ocrx_word' id='word_1_565' title='bbox 916 4263 967 4302; x_wconf 85' lang='lat' dir='ltr'><strong>haee</strong></span> <span class='ocrx_word' id='word_1_566' title='bbox 982 4263 1075 4315; x_wconf 74' lang='lat' dir='ltr'><strong>reperiri</strong></span> <span class='ocrx_word' id='word_1_567' title='bbox 1090 4261 1166 4304; x_wconf 80' lang='lat' dir='ltr'><strong>scribit</strong></span> <span class='ocrx_word' id='word_1_568' title='bbox 1176 4260 1296 4304; x_wconf 79' lang='lat' dir='ltr'><strong>Russellini</strong></span> <span class='ocrx_word' id='word_1_569' title='bbox 1313 4261 1327 4300; x_wconf 92' lang='lat' dir='ltr'><strong>l.</strong></span> <span class='ocrx_word' id='word_1_570' title='bbox 1341 4261 1357 4300; x_wconf 90' lang='lat' dir='ltr'><strong>l.</strong></span> 
     </span>
     <span class='ocr_line' id='line_1_55' title="bbox 225 4268 749 4354; baseline 0.023 -15"><span class='ocrx_word' id='word_1_571' title='bbox 225 4313 247 4354; x_wconf 81' lang='lat' dir='ltr'><strong>p.</strong></span> <span class='ocrx_word' id='word_1_572' title='bbox 264 4299 308 4344; x_wconf 76' lang='lat' dir='ltr'><strong>itt.</strong></span> <span class='ocrx_word' id='word_1_573' title='bbox 337 4299 440 4352; x_wconf 69' lang='lat' dir='ltr'><strong>umisa,</strong></span> <span class='ocrx_word' id='word_1_574' title='bbox 456 4303 551 4346; x_wconf 71' lang='lat' dir='ltr'><strong>Maneat</strong></span> <span class='ocrx_word' id='word_1_575' title='bbox 564 4318 582 4346; x_wconf 84' lang='lat' dir='ltr'><strong>a.</strong></span> <span class='ocrx_word' id='word_1_576' title='bbox 598 4268 749 4350; x_wconf 57' lang='lat' dir='ltr'><strong>danaum.</strong></span> 
     </span>
    </p>
   </div>
   <div class='ocr_carea' id='block_1_7' title="bbox 0 0 1548 4922">
    <p class='ocr_par' dir='ltr' id='par_1_7' title="bbox 0 0 1548 4922">
     <span class='ocr_line' id='line_1_56' title="bbox 0 0 1548 4922; baseline 0 3"><span class='ocrx_word' id='word_1_577' title='bbox 0 0 1548 4922; x_wconf 95' lang='lat' dir='ltr'><strong> </strong></span> 
     </span>
    </p>
   </div>
  </div>
 </body>
</html>
