3086 4952
633 298 809 364 0L10.1.
835 311 895 364 105.
1269 297 1327 362 231

197 499 282 544 ιιταν
308 469 464 560 βασιλεὺς
484 470 640 554 ἀντιάσας
665 473 804 565 δώροισί
821 502 858 546 τε
882 477 936 545 καί
958 483 1067 569 λιτῇσι
1089 475 1270 572 ἀποτρέπει
1292 482 1331 558 sd

198 579 398 666 προσωτέρω
414 574 459 664 μὴ
473 577 688 666 πορεύεσθαι.
709 584 744 648 ol
754 579 807 665 di,
826 582 946 651 ἐπείτε
959 579 1206 672 ἀναχωρέοντες
1220 585 1328 660 ὀπίσω

199 682 353 767 ἐγίνοντο
369 684 427 767 τῆς
445 687 572 770 Συρίης
595 685 633 752 ἐν
647 678 829 753 Ἀσκάλωνι
845 683 941 771 πόλι,
969 691 1037 758 τῶν
1059 689 1212 761 πλεόνων
1231 701 1325 764 Σκυ-

198 786 291 853 θέων
315 783 590 872 παρεξελθόντων
617 781 776 871 ἀσινέων,
805 783 912 873 ὀλίγοι
935 790 1023 870 τινὲς
1050 788 1163 864 αὐτῶν
1186 791 1323 868 ὑπολει-

197 888 343 975 φθέντες
360 886 526 977 ἐσύλησαν
547 894 605 978 τῆς
623 885 793 978 Οὐρανίης
810 886 1005 980 Ἀφροδίτης
1022 891 1059 962 τὸ
1077 895 1160 984 ίρόν.
1193 904 1262 970 ἐστι
1284 902 1322 972 δὲ

194 996 293 1060 τοῦτο
312 989 348 1061 sd
374 988 464 1080 ίρόν,
489 985 533 1073 ἀς
557 990 622 1080 ἐγώ
641 992 896 1082 πυνθανόμενος
917 989 1076 1084 εὑρίσκω,
1103 999 1239 1072 πάντων
1260 1001 1320 1096 ἀρ-

191 1159 332 1210 Herodoto
356 1159 399 1222 11,
430 1160 479 1211 157
507 1176 621 1227 regnum
649 1161 737 1212 tenuit
788 1159 940 1225 Cytherius.
978 1162 1057 1223 Quod
1079 1178 1140 1214 cum
1161 1167 1248 1218 minus
1270 1185 1325 1220 cre·

189 1245 238 1295 per
265 1228 464 1294 quinquaginta
494 1237 611 1296 quatuor
639 1247 734 1294 annos,
786 1230 869 1281 dibile
879 1230 1327 1299 videaturWesselingio‚miranti

189 1300 315 1366 regnavit
342 1299 377 1349 ab
405 1315 476 1350 auno
502 1301 555 1353 676
584 1317 671 1368 usque
698 1303 733 1352 ad
784 1317 837 1366 quo
856 1305 938 1366 pacto
960 1302 995 1352 ab
1013 1303 1133 1368 Assyriis
1157 1319 1174 1354 a
1197 1307 1264 1356 mari
1286 1317 1326 1358 re-

189 1385 289 1420 annum
311 1368 363 1420 616
386 1384 412 1420 a.
438 1369 500 1421 Chr.
524 1387 567 1432 n.;
589 1373 618 1422 iu
636 1371 732 1424 Palae·
782 1371 939 1422 motissimis
957 1371 1025 1423 haec
1043 1373 1201 1438 superstitio
1221 1375 1255 1425 ad
1273 1375 1324 1440 Cy-

189 1440 289 1492 stiuem
312 1438 431 1504 Scythae
459 1445 530 1492 teste
553 1443 672 1493 Eusebio
695 1443 730 1492 ir·
779 1442 852 1506 prios
863 1445 1006 1506 penetrare
1017 1444 1146 1507 potuerit,
1159 1445 1325 1496 Pausaniam

190 1513 301 1561 ruerunt
324 1524 396 1560 anuo
415 1508 465 1560 632
483 1526 509 1561 a.
529 1510 591 1564 Chr.
610 1528 637 1563 n.
658 1513 727 1580 (vid.
779 1512 867 1562 nostri
885 1512 1026 1576 scriptoris
1044 1512 1106 1564 loco
1122 1512 1212 1576 1,131
1231 1520 1259 1566 et
1277 1515 1327 1567 199

188 1579 252 1632 ibid.
268 1596 294 1644 p.
306 1578 382 1644 wil:
401 1579 473 1643 quod
490 1581 579 1646 ipsum
590 1598 661 1634 anuo
678 1583 729 1636 6¹23
780 1595 878 1632 avaro
896 1582 1045 1634 abductum
1067 1599 1127 1634 esse
1142 1589 1233 1648 putat.
1269 1585 1325 1637 Sed

189 1650 294 1701 demum
305 1649 440 1700 accidisse
453 1652 551 1702 statuit
568 1653 609 1704 Io.
622 1669 638 1702 a
649 1653 730 1704 Gum-
780 1651 892 1702 meliora
908 1652 941 1702 de
954 1652 996 1703 bis
1013 1657 1108 1704 nostra
1122 1658 1199 1704 actas
1215 1655 1322 1708 edocta.

188 1720 265 1786 pach,
284 1721 330 1786 qui
343 1721 537 1772 Psammetichi
553 1727 664 1774 mortam
683 1739 730 1788 po·
779 1722 848 1772 Nam
869 1722 960 1772 Venus
978 1722 1096 1784 Urania,
1124 1723 1158 1774 de
1181 1725 1258 1776 csiius
1277 1741 1324 1776 an-

188 1791 228 1842 nit
245 1805 316 1841 anno
335 1789 383 1841 611
401 1805 425 1840 a.
438 1789 499 1841 cnr.
519 1808 546 1843 u.
583 1793 636 1844 Sed
656 1794 728 1846 coni.
779 1791 933 1856 tiquissimo
956 1793 1056 1856 templo
1073 1792 1208 1843 Ascalone
1230 1800 1324 1846 narrat

188 1877 293 1927 quoque
320 1859 464 1912 Herodoti.
492 1862 534 1925 11,
561 1863 609 1914 157
638 1863 730 1928 ibique
779 1861 949 1923 Herodotus,
966 1861 1040 1912 haud
1054 1861 1108 1911 alia
1122 1863 1228 1914 estdea
1241 1879 1323 1928 quam

186 1935 255 1982 nott.
780 1946 848 1995 quae
870 1931 954 1980 variis
974 1931 1127 1981 nominibus
1152 1947 1322 1997 peromnem

220 1991 349 2065 ἐγένοντο
370 1998 421 2066 τῆς
448 1998 559 2064 Συρίης
582 1991 613 2049 ἐν
637 1991 730 2050 Ἀσιιά-
781 2001 836 2051 fere
858 1999 952 2050 Asiam
980 1999 1054 2050 culta
1082 2001 1181 2052 siderei
1204 2005 1321 2054 numinis

187 2071 256 2120 λωνι
272 2061 346 2136 πόλι]
365 2071 397 2120 In
408 2071 550 2122 auteccdd.
568 2070 601 2121 ad
620 2060 729 2135 ἀναχω-
778 2071 835 2120 vim
848 2070 982 2131 declarat,
1001 2085 1071 2134 quae
1086 2069 1146 2121 luce
1165 2087 1216 2122 sua
1230 2075 1320 2126 omnia

189 2135 300 2204 ρίοντες
321 2131 409 2188 ὀπίσω
434 2142 470 2192 ci.
493 2139 595 2192 similes
614 2141 728 2192 locutio·
778 2140 836 2192 alut
860 2153 893 2188 ac
915 2139 1018 2189 nutriat
1042 2140 1176 2205 simulque
1201 2144 1319 2195 omniurn

188 2225 235 2260 uss
254 2209 311 2270 III,
332 2209 372 2260 16.
390 2210 427 2272 V,
447 2213 480 2260 27
505 2211 597 2276 ibique
618 2211 727 2262 adnott.
778 2211 806 2260 in
828 2211 927 2259 natura
952 2223 1053 2272 rerum,
1081 2225 1193 2274 quarum
1220 2228 1318 2277 parens

188 2279 257 2342 VII,
291 2279 351 2330 225.
379 2311 415 2320 -
454 2282 487 2331 In
516 2297 593 2346 seqq.
626 2271 727 2345 ἀσινὴς
777 2279 903 2340 habetur,
933 2279 1037 2329 semina
1058 2280 1087 2329 in
1116 2295 1144 2330 ae
1169 2283 1316 2348 contiueat,

187 2349 276 2400 activa
306 2349 416 2400 notione
445 2351 645 2416 accipiendum
677 2366 726 2400 ασα
777 2347 883 2413 qualem
908 2346 1047 2398 declarant
1070 2351 1149 2401 Lucii
1172 2368 1265 2417 preces
1288 2356 1317 2405 in

184 2421 296 2483 medens,
312 2419 373 2470 nillil
385 2419 471 2485 (mali)
483 2425 646 2478 corrsrrrittcns,⁸
664 2435 724 2470 cum
774 2416 882 2481 Apuleii
899 2416 1077 2484 Metamorph.
1097 2421 1148 2473 XI.
1170 2431 1233 2488 post
1254 2424 1315 2474 init.

184 2490 265 2556 vulgo
295 2489 406 2554 passiva
429 2490 585 2556 plerumque
612 2489 723 2540 notione
773 2487 910 2538 Hinc-ad
937 2489 1033 2539 Lunam
1059 2491 1181 2554 proxime
1208 2494 1316 2544 accedit

183 2564 320 2612 occurrat:
338 2561 478 2619 incolumis,
496 2565 610 2620 illaesus,
635 2563 665 2607 ut
684 2558 723 2620 11,
773 2555 841 2608 baec
862 2557 952 2608 Venus
974 2559 1091 2623 Urania,
1120 2561 1204 2627 Virgo
1227 2563 1316 2614 coele·

184 2631 244 2682 114.
265 2628 312 2680 181
334 2633 386 2681 etc.
424 2629 466 2680 ut.
485 2628 609 2694 Schwgb.
628 2628 721 2680 Lexic.
772 2627 823 2677 stis
841 2642 863 2677 s.
883 2627 976 2694 regina
999 2629 1081 2693 coeli,
1106 2635 1136 2682 ut
1153 2632 1313 2696 vocabatur,

181 2699 312 2752 Herodot.
331 2700 444 2750 Ascalon
468 2700 531 2750 urbs
555 2697 623 2748 satis
646 2702 721 2761 nota,
771 2713 858 2762 neque
876 2698 1017 2750 admodum
1037 2700 1072 2750 ab
1089 2715 1121 2750 ea
1133 2701 1235 2752 recedit
1246 2705 1315 2752 Der-

181 2771 280 2836 quippe
306 2770 383 2820 cuius
407 2770 531 2834 frequens
562 2766 663 2818 mentio
690 2766 721 2816 fis
771 2776 826 2818 ceto
842 2766 891 2818 illa
907 2768 959 2819 dea
976 2769 1069 2834 Syria,
1088 2770 1165 2820 euius
1184 2770 1314 2835 templum

181 2841 208 2890 iu
227 2840 313 2891 sacris
330 2839 515 2890 Hebraeorum
537 2837 623 2888 libris.
660 2837 720 2890 site
769 2853 824 2888 non
850 2837 930 2903 longo
956 2843 1088 2889 remotum
1117 2839 1153 2888 ab
1179 2839 1315 2892 Ascalone

183 2911 235 2962 init
259 2923 436 2975 propensare
458 2906 528 2956 inter
544 2907 660 2958 Azotum
679 2911 720 2958 at·
770 2911 961 2958 commemorat
977 2908 1113 2956 Diodorus
1138 2907 1180 2968 ΙΙ,
1208 2911 1239 2968 4,
1268 2908 1315 2957 ubi

182 2996 234 3046 que
252 2981 368 3038 (laeam,
389 2991 445 3026 uua
466 2976 499 3027 de
523 2978 640 3042 quinque
656 2977 720 3028 Phi·
769 2977 825 3028 vid.
843 2973 1006 3039 Wssseling.
1025 2975 1183 3024 Devenere
1201 2975 1314 3038 Urania,

180 3050 336 3102 listacoram
359 3045 530 3107 civitatibus,
560 3063 607 3112 per
634 3051 720 3098 totam
770 3062 839 3113 quae
865 3043 985 3094 Asteries
1016 3058 1038 3094 s.
1067 3043 1191 3094 Arsarata
1216 3058 1315 3095 nomeu

180 3119 371 3184 antiquitatem
393 3115 472 3166 valde
495 3115 621 3180 celebris,
648 3133 721 3170 nunc
771 3114 843 3181 apud
860 3113 1002 3178 indigenas
1020 3111 1095 3175 tulit,
1117 3119 1179 3179 post
1201 3114 1315 3166 Crenae-

180 3193 270 3240 uutem
287 3188 328 3236 ita
346 3186 450 3248 diruta,
471 3191 500 3236 ut
519 3187 607 3251 ipsum
621 3186 719 3251 locum,
770 3202 829 3237 rum
856 3185 884 3234 in
912 3182 1033 3249 Symbol.
1062 3184 1100 3234 11.
1129 3199 1156 3250 p.
1179 3183 1231 3237 350
1254 3202 1311 3254 seq.

180 3260 224 3312 eui
241 3256 330 3309 adhuc
348 3271 445 3307 nomen
459 3256 589 3320 Ασλίίσα,
609 3257 647 3307 nil
667 3257 721 3308 nisi
771 3257 822 3308 117
840 3270 915 3320 seqq.
935 3255 986 3306 473
1003 3269 1060 3320 seq.
1079 3253 1141 3306 coll.
1154 3256 1206 3307 111.
1218 3272 1245 3321 p.
1260 3257 1309 3308 281

178 3328 303 3379 ruderum
325 3325 408 3376 moles
436 3327 552 3378 iudicet:
582 3327 618 3378 oi.
637 3327 720 3378 Starlr
771 3325 813 3376 ed.
832 3331 894 3375 tert.
913 3326 969 3390 egit
980 3325 1101 3376 Movere:
1121 3327 1173 3377 Die
1181 3325 1310 3380 Phoenic.

178 3399 196 3450 l.
211 3398 229 3448 l.
249 3413 276 3462 p.
286 3394 320 3447 23
331 3412 388 3462 seq.
408 3396 441 3448 38
456 3412 532 3462 seqq.
555 3398 658 3448 Horum
676 3411 720 3446 ru·
772 3397 795 3446 1.
810 3411 836 3460 p.
850 3394 900 3446 559
913 3410 987 3462 seqq.
998 3394 1045 3446 601
1063 3411 1150 3462 seqq,
1172 3412 1251 3461 quern
1271 3413 1312 3446 se-

177 3469 269 3519 derum
291 3466 436 3530 imaginem
457 3467 513 3516 aeri
537 3467 651 3518 incisam
674 3482 719 3517 ex·
770 3466 862 3532 quitur
874 3465 957 3516 Stark
969 3465 987 3514 l.
1000 3463 1018 3515 l.
1032 3481 1057 3530 p.
1072 3464 1123 3516 258
1135 3481 1210 3528 seqq.
1240 3465 1309 3518 Add.

176 3539 251 3590 hibet
273 3535 377 3588 Pinden
399 3536 561 3601 Landscape
582 3536 717 3588 Illustrat.
769 3535 910 3602 Millingen
929 3535 957 3584 in
974 3535 1170 3585 Transactions
1189 3532 1219 3581 of
1234 3535 1312 3598 royal

177 3609 208 3660 oi
223 3606 293 3660 Bibl.
312 3607 388 3658 Part.
410 3607 473 3658 VII.
515 3606 599 3657 Plura
621 3607 655 3658 de
672 3623 718 3658 ve·
769 3606 875 3671 society
891 3605 922 3655 oi
936 3605 1052 3656 Literat.
1079 3603 1146 3664 (sec.
1166 3601 1261 3665 serios)
1286 3605 1310 3655 1.

176 3683 234 3730 tere
275 3675 410 3728 Ascalone
449 3677 553 3728 dabunt
587 3677 718 3742 Porbiger
768 3693 794 3742 p.
819 3675 853 3728 63
875 3691 950 3741 seqq.
986 3677 1014 3723 et
1042 3672 1138 3735 Biiqkh
1164 3671 1308 3738 Metrolog.

175 3747 284 3800 Handb.
311 3746 338 3798 d.
362 3745 410 3796 alt.
431 3747 530 3812 Geogr.
557 3747 594 3798 11.
620 3763 647 3813 p.
667 3747 717 3800 709
767 3745 931 3800 Untersuch.
949 3743 1060 3809 pansa
1078 3758 1147 3807 seq„
1166 3741 1213 3806 qui
1225 3742 1311 3793 Vene-

175 3824 203 3870 et
220 3815 433 3870 Rosenmueller.
451 3816 522 3867 Bibl.
535 3815 715 3884 Arcbaeolog.
767 3818 805 3867 ris
825 3816 904 3866 buius
924 3813 1025 3866 cultum
1043 3828 1104 3864 curu
1120 3812 1220 3863 veteris
1239 3829 1310 3864 oom-

175 3889 214 3952 11,
232 3891 257 3940 2.
277 3903 305 3954 p.
324 3885 376 3938 378
391 3901 468 3952 seqq.
767 3885 859 3938 mercii
872 3883 1022 3936 rationibus
1037 3885 1119 3934 etiam
1133 3882 1306 3936 coniunctum

210 3954 267 4009 ἔστι
292 3950 323 4006 di
347 3954 433 4006 τοῦτο
457 3947 490 4005 τὸ
513 3945 578 4018 iada
594 3985 630 3996 -
646 3947 718 4006 noiv-
767 3953 1311 4019 inissedeclaratilitcig:Urgesehichte

173 4044 231 4078 των
255 4017 445 4091 ἀρχαιότατον
477 4018 549 4088 ι’ριόν
573 4040 598 4074 κ.
627 4041 651 4075 τ.
678 4023 715 4091 1.]
768 4025 794 4078 d.
808 4023 916 4077 Philist.
929 4040 955 4089 p.
970 4024 1021 4072 242
1031 4039 1116 4089 seqq„
1134 4022 1237 4075 Rinols:
1256 4024 1309 4074 Die

172 4097 327 4151 Pausanias
351 4097 380 4158 l,
403 4097 436 4148 14
466 4095 594 4160 Assyrios
616 4096 717 4161 primos
768 4095 893 4160 Religion
907 4094 933 4144 d.
946 4089 1054 4146 Hellen.
1066 4109 1093 4158 p.
1104 4091 1138 4144 93
1148 4108 1204 4158 seq.
1228 4093 1309 4144 Hunc

174 4169 293 4221 omnium
304 4167 437 4217 Venerem
452 4165 585 4216 Uraniam
603 4165 719 4218 coluisse
768 4181 832 4216 vero
851 4163 952 4215 cultum
969 4178 1002 4212 ex
1013 4165 1096 4214 Asiae
1109 4163 1256 4229 superioris
1270 4178 1309 4212 re-

172 4240 270 4300 reiert‚
298 4237 362 4288 inde
385 4235 458 4287 illius
479 4234 581 4286 cultum
599 4235 717 4302 Paphios
768 4233 894 4304 gionibns
928 4233 1038 4285 ductum
1066 4234 1124 4298 ipse
1153 4231 1309 4284 Herodotus
1397 4265 1400 4272 .
1430 4235 1434 4242 ’

171 4311 201 4364 in
225 4309 316 4376 Cypro
342 4309 370 4358 et
392 4305 544 4357 Phoenices
572 4305 599 4354 in
622 4305 718 4357 Paleo-
766 4310 794 4368 1,
814 4303 861 4356 131
885 4305 1005 4356 indicare
1027 4302 1149 4366 videtur,
1172 4300 1208 4352 ad
1229 4315 1308 4366 quem

171 4382 247 4434 stine
264 4377 419 4446 accepisse,
437 4375 510 4428 unde
529 4374 668 4428 devenerit
682 4376 717 4428 ad
766 4377 856 4430 locum
873 4375 953 4444 plura
969 4373 1163 4426 adscribemus.
