2980 4932
231 263 295 309 v111

232 429 290 484 aut
309 419 508 485 locutionum
532 419 805 505 significationem
826 428 924 506 atque
942 441 1037 485 usum
1057 439 1311 506 exponeremus,
1331 444 1372 486 ne

232 539 457 626 grammaticis
492 537 621 624 quidem
654 539 753 604 rebus
781 537 940 625 neglectis
974 539 1046 627 (ubi
1072 539 1243 604 brevitatis
1271 563 1372 606 causa

232 659 275 723 ad
292 658 450 722 Matthiae
470 659 717 743 grammaticam
736 660 892 725 maiorem
914 679 977 722 sec.
999 657 1076 722 edit.
1097 655 1245 744 aliosque
1267 657 1368 726 libros

232 778 312 842 satis
338 775 491 862 vulgatos
514 777 638 863 passim
661 777 923 859 amandavimus)
952 798 991 838 ac
1016 776 1158 864 denique
1186 778 1293 863 ipsum
1320 802 1369 844 ar-

231 903 422 980 gumentum
444 897 505 960 rite
527 905 564 960 ut
582 894 837 978 illustraremus,
859 903 927 959 tum
949 892 1093 959 locorum
1109 895 1263 960 similium
1286 923 1369 965 com-

230 1014 400 1101 paratione
432 1021 501 1078 tum
534 1019 660 1080 summa
693 1037 819 1098 eorum,
858 1034 943 1102 quae
982 1013 1157 1078 recentiori
1198 1025 1304 1083 aetate
1350 1041 1371 1084 a

231 1132 533 1220 peregrinatoribus
555 1155 658 1221 aequo
681 1155 721 1200 ao
742 1135 823 1198 viris
840 1131 977 1197 literatis
997 1131 1040 1196 ad
1062 1153 1115 1197 res
1137 1132 1179 1196 ab
1202 1133 1368 1203 Herodoto

232 1260 381 1316 narratas
409 1249 546 1318 clariore
571 1253 606 1317 in
632 1253 705 1317 luce
729 1251 937 1318 collocandas
960 1250 1061 1316 allata
1082 1260 1209 1335 essent,
1232 1264 1265 1319 et
1286 1255 1368 1320 indi-

232 1373 306 1436 cata
334 1379 366 1434 et
394 1370 584 1434 diiudicata.
636 1370 721 1435 Cum
748 1372 835 1436 enim
858 1392 952 1435 nemo
975 1371 1121 1452 nesciat,
1150 1392 1248 1457 quam
1267 1373 1370 1438 multa

231 1489 283 1554 his
306 1490 511 1577 potissimum
533 1489 735 1576 temporibus
753 1491 896 1556 virorum
919 1488 1181 1554 doctissimorum
1206 1489 1370 1556 industria

233 1619 266 1674 et
287 1609 567 1697 peregrinatorum
588 1607 789 1672 eruditorum
817 1606 935 1672 studiis
961 1605 1004 1670 ad
1034 1605 1200 1670 meliorem
1222 1606 1370 1674 Herodo-

231 1738 306 1793 teae
335 1726 532 1792 narrationis
559 1724 810 1812 intelligentiam
840 1727 906 1791 sint
934 1727 969 1790 in
994 1723 1138 1788 medium
1160 1723 1303 1812 prolata,
1330 1751 1369 1792 ea

233 1848 342 1914 omnia
366 1843 566 1910 consulenda
587 1851 620 1909 ct
641 1866 701 1931 pro
723 1845 876 1910 editionis
898 1853 1029 1909 nostrae
1050 1841 1187 1909 consilio
1212 1846 1247 1908 in
1275 1867 1369 1910 usum

232 1976 379 2032 nostrum
393 1962 615 2030 convertenda
630 1964 833 2048 censuimus3
856 1965 977 2051 quippe
991 1962 1078 2028 unde
1094 1984 1161 2028 non
1175 1963 1218 2029 ad
1235 1965 1368 2051 scripto-

208 2065 301 2151 rem
334 2083 455 2164 solum,
489 2102 604 2146 verum
630 2080 673 2146 ad
700 2104 827 2146 omnem
855 2082 1085 2168 antiquitatem
1110 2079 1176 2144 late
1204 2088 1369 2167 patentem
1458 2099 1459 2116 ³

232 2204 408 2292 plurimum
437 2198 519 2264 lueis
545 2199 752 2264 redundaret.
807 2199 848 2264 In
876 2221 939 2288 quo
970 2199 1103 2285 negotio
1131 2207 1164 2262 et
1195 2197 1367 2264 brevitatis
1458 2209 1459 2260 ἴ

231 2331 265 2387 et
286 2318 530 2409 perspicuitatis
552 2318 727 2381 maximam
750 2317 845 2384 nobis
868 2339 980 2383 curam
1009 2316 1128 2399 fuisse,
1156 2317 1282 2380 monitu
1310 2320 1370 2382 vix

232 2462 324 2527 opus.
376 2439 486 2518 Quare
514 2457 597 2524 quae
627 2438 751 2524 priores
780 2436 940 2502 Herodoti
961 2437 1156 2524 interpretes
1179 2435 1366 2521 attulerant,
1458 2431 1460 2470 l

231 2581 271 2625 ea
297 2581 362 2622 non
390 2555 528 2640 integris
563 2577 673 2621 eorum
706 2557 818 2622 verbis
853 2553 1030 2642 repetenda
1064 2553 1162 2639 duxi,
1196 2579 1238 2622 ne
1271 2557 1368 2621 nimis

231 2683 406 2762 augeretur
429 2673 505 2738 libri
525 2673 645 2759 moles3
667 2675 727 2740 sed
743 2697 902 2740 summam
923 2683 1051 2739 tantum
1073 2697 1201 2760 eorum,
1225 2697 1309 2758 quae
1327 2675 1369 2740 ab

230 2795 298 2860 illis
319 2793 445 2880 prolata
464 2793 623 2878 vidimus,
652 2794 816 2859 indicasse
847 2794 950 2859 satius
977 2795 1086 2860 visum
1109 2803 1169 2859 est.
1221 2792 1262 2858 Id
1283 2795 1369 2858 enim

230 2915 422 3002 primarium
447 2913 511 2978 fuit
537 2913 725 2997 consilium,
751 2921 788 2978 ut
809 2913 1011 2981 Herodotum
1037 2912 1229 3001 perlecturis
1257 2913 1370 2975 autin

233 3032 343 3100 schola
370 3034 631 3118 interpretaturis
660 3033 746 3097 iusta
773 3032 967 3097 afferrentur
996 3030 1145 3096 subsidia
1169 3027 1212 3092 ad
1241 3027 1372 3114 singula

233 3153 400 3240 scriptoris
422 3150 525 3218 verba
546 3123 608 3216 rite
631 3149 846 3235 intelligenda
863 3151 999 3236 ipsaque
1019 3170 1072 3212 res
1086 3157 1236 3213 narratas
1252 3146 1370 3212 melius

232 3273 474 3358 cognoscendas
498 3291 536 3334 ac
565 3267 808 3348 diiudicandas3
838 3268 1031 3354 praesertim
1060 3289 1134 3332 cum
1158 3267 1247 3332 haud
1273 3267 1370 3355 pauci

231 3391 452 3478 reperiantur,
476 3386 595 3476 quibus
618 3407 638 3448 a
658 3383 858 3450 bibliotheca
878 3384 1136 3475 locupletissima
1155 3387 1287 3452 remotis
1305 3405 1371 3448 non

232 3530 271 3573 ea
292 3517 467 3596 suppetant
488 3505 646 3571 librorum
670 3504 852 3592 praesidia,
884 3529 969 3595 quae
998 3506 1041 3571 ad
1064 3505 1223 3570 Herodoti
1252 3499 1371 3566 intolli-

230 3628 377 3716 gentiam
399 3625 537 3691 multum
559 3623 742 3690 conserant.
786 3625 981 3692 Versionem
999 3625 1152 3688 Latinam
1174 3619 1263 3683 haud
1278 3617 1371 3682 addi-

230 3746 354 3828 dimus,
376 3766 464 3828 cum,
488 3765 572 3832 quae
594 3743 764 3810 intellectu
785 3743 936 3809 feruntur
951 3741 1138 3808 difficiliora
1145 3787 1154 3821 ,
1178 3759 1217 3802 ea
1232 3738 1267 3801 in
1283 3737 1370 3802 notis

229 3863 395 3952 explicata
416 3871 448 3927 et
469 3861 634 3927 illustrata
654 3863 876 3928 inveniantur.

314 3982 537 4070 Quaecunque
572 3982 607 4044 in
641 3979 727 4044 notis
765 3981 913 4042 Creazero
942 3974 1102 4040 debentur
1130 3980 1188 4038 aut
1216 3995 1259 4038 ex
1284 3973 1370 4037 eius-

230 4104 304 4169 dem
340 4097 669 4167 commentationibus
702 4093 897 4161 Herodoteis
937 4093 1066 4177 integra
1101 4100 1177 4156 sunt
1212 4101 1369 4175 assumta,

226 4223 331 4288 literis
355 4217 538 4284 initialibus
570 4217 649 4301 (Cr.)
681 4221 833 4277 accurate
862 4211 1092 4276 indicavimus.
1143 4209 1269 4274 Eodem
1297 4210 1370 4275 viro

225 4349 358 4404 auctore
381 4333 513 4400 additae
534 4353 661 4419 quoque
686 4338 763 4397 sunt
781 4329 913 4396 tabulae
935 4329 1096 4418 quaedam
1117 4327 1369 4415 geographicae,
