3058 4928
540 271 787 334 EUTERPE.
810 271 851 332 II.
874 280 918 336 91.

1236 271 1296 336 625

158 444 387 534 τετράγωνον,
410 447 504 535 πέριξ
523 445 560 515 di
578 441 684 514 αὐτοῦ
704 451 855 532 φοίνικες
877 445 1066 534 πεφύκασι·
1093 443 1134 516 τὰ
1155 445 1193 516 di
1213 446 1296 535 πρά-

159 558 250 618 πυλοι
272 553 333 617 τοῦ
356 552 432 638 1ροῦ
455 547 574 618 λίθινά
593 551 678 634 ἐστι,
703 547 808 636 κάρτα
833 549 979 638 μεγάλοι·
1033 551 1087 620 ἐπὶ
1107 549 1145 619 δέ
1166 547 1297 620 αὐτοῖσι

159 650 357 742 ἀνδριάντες
377 649 475 720 δύο
458 657 569 721 εστᾶσι
589 659 717 721 λίθινοι
735 651 885 742 μεγάλοι.
922 651 1012 722 ένόέ
1030 681 1076 746 tp
1064 657 1296 744 περιβεβλη-

159 758 248 849 μένιμ
272 753 379 846 τούτῳ
398 754 478 843 νηός
499 783 535 824 τε
555 762 625 841 ένι,
653 757 710 824 καὶ
728 753 860 844 ἄγαλμα
883 758 921 825 ἐν
946 751 1039 848 οὗτοι
1064 759 1220 846 ἐνέστηκε
1236 763 1298 826 τοῦ

158 859 316 948 Περσέος.
370 847 463 927 οὗτοι
488 887 520 928 οι
513 864 704 948 Χεμμῖται
724 862 875 947 λέγουσι,
901 854 962 928 τὸν
984 862 1119 948 Περσέα
1138 859 1299 941 πολλάκις

160 957 266 1052 μέν’
248 957 314 1030 ανά
329 957 393 1050 τὴν
410 967 475 1050 γῆν
499 969 690 1050 φαίνεσθαί
701 982 780 1050 σφι,
806 961 966 1041 πολλάκις
987 961 1025 1030 δὲ
1047 968 1113 1032 ἔσω
1130 991 1191 1032 τον
1177 967 1297 1052 ἱροῦ.

160 1059 345 1136 σανδάλιόν
361 1091 398 1134 τε
417 1061 523 1134 αὐτοῦ
546 1067 784 1154 πεφορημένον
803 1061 1039 1154 εὑρίσκεσθαι,
1064 1063 1122 1134 ido
1139 1063 1176 1136 τό
1195 1069 1297 1154 μέγα·

161 1265 199 1316 ΙΙ.
217 1281 245 1330 p.
257 1265 301 1316 86.
317 1263 377 1316 606.
396 1263 444 1326 IV,
462 1263 522 1328 66),
542 1263 704 1331 deirnrithy-

162 1335 321 1400 phellioum,
344 1332 451 1399 qualem
476 1334 609 1400 Panopoii
632 1335 705 1385 exbi-

162 1406 249 1455 bitum
260 1404 344 1455 iuisse
360 1407 477 1454 testatur
488 1403 642 1482 Stephanus
652 1406 705 1471 By-

162 1480 236 1526 πτολ.
256 1489 279 1524 s.
297 1490 323 1524 r.
346 1465 445 1530 Πανὸς
461 1465 544 1531 πόλις
561 1472 623 1524 οοΙΙ.
637 1475 705 1540 Piu-

161 1545 248 1596 tnreb.
276 1544 317 1593 De
341 1543 408 1594 Isid.
434 1546 461 1592 et
483 1541 556 1593 Osir.
581 1559 641 1610 esp.
664 1545 703 1595 14.

162 1613 273 1680 p.356,
298 1611 439 1662 sedidem
462 1611 558 1662 merito
579 1627 704 1678 quaeres,

163 1699 211 1734 our
226 1649 382 1733 Hdrodotus
407 1696 462 1731 non
476 1683 578 1732 Panem
596 1683 705 1747 dixerit,

163 1751 212 1803 ssd
220 1753 358 1814 Perseum,
372 1751 482 1800 Danaes
497 1750 590 1802 tilium.
615 1753 705 1814 Quare

164 1820 238 1872 uliud
258 1819 335 1886 qnid,
361 1819 433 1884 quod
450 1835 500 1870 uos
517 1820 615 1884 istest,
643 1821 706 1872 sub-

165 1892 251 1942 fuisse
264 1889 403 1952 existimo,
425 1889 497 1955 quod
509 1890 638 1940 Nostrum
653 1907 707 1941 mo-

165 1961 250 2023 verit,
278 1965 309 2010 ut
331 1961 459 2010 Perseum
485 1959 600 2025 diceret,
628 1975 707 2026 quem

166 2029 279 2082 eundem
303 2030 497 2095 Aegyptiorum
521 1999 602 2080 rebud
626 2031 707 2080 inter-

165 2101 251 2151 fuisse
268 2098 312 2149 vel
326 2100 420 2150 Persei
437 2098 548 2164 speenln
567 2096 708 2164 (Περσέως

166 2161 274 2235 σκοπὴ)
292 2185 346 2220 non
363 2169 445 2234 longe
463 2183 481 2218 ο.
498 2169 635 2219 Bolbitino
652 2167 707 2220 Nili

166 2241 238 2292 ostio
256 2240 311 2290 sits
323 2237 435 2304 (Herod.
450 2237 487 2301 ΙΙ,
503 2237 556 2320 15.)
575 2237 705 2289 declarat

165 2311 219 2374 Qui
246 2309 315 2359 enim
338 2308 417 2358 ludos
436 2307 577 2374 gymnicos
595 2308 707 2360 Graecis

165 2393 275 2445 prorsus
299 2377 400 2428 similes
423 2378 563 2443 ipsiusque
591 2379 708 2428 animum

165 2449 227 2500 inde
242 2447 322 2498 valde
339 2448 527 2511 advertentes,
551 2461 619 2514 quos
638 2447 707 2498 eele-

165 2519 240 2569 brsri
272 2518 380 2568 viderat
411 2518 439 2568 in
467 2518 533 2568 urbe
562 2518 707 2584 Aegyptio,

166 2589 201 2638 sd
220 2589 383 2640 Graecorum
399 2588 525 2637 instituta
540 2587 708 2638 revocandos

166 2659 286 2720 censuit,
320 2658 392 2708 idem
416 2671 522 2724 quoqne
544 2672 643 2708 numen
667 2673 710 2706 so-

166 2727 237 2790 lnre,
262 2728 289 2776 in
312 2729 389 2777 onius
408 2727 536 2776 honorem
559 2726 608 2778 hos
631 2727 709 2777 ludos

167 2797 261 2862 peregi
277 2797 407 2861 putebat,
426 2796 460 2845 sd
479 2795 611 2846 Grseonm
628 2811 710 2862 quen·

167 2866 230 2916 dam
248 2865 328 2914 deum
346 2865 502 2926 beroemve,
521 2865 568 2928 qni
586 2865 711 2914 similitu·

168 2934 257 2984 dinem
272 2933 409 2998 quendam
422 2933 550 2997 praebere
564 2932 710 2996 rideretur,

169 3003 222 3052 sibi
253 3001 436 3052 revocandum
466 3015 526 3052 esse
556 3001 712 3053 existimare

187 3071 266 3123 otuit.

168 3087 282 3189 putidi
301 3129 436 3202 septinnio
454 3135 505 3188 τοῦ
522 3131 628 3202 ιροῦκ
640 3154 663 3186 τ.
674 3135 711 3202 1.]

168 3201 311 3289 πρόπυλα,
328 3221 396 3272 qnae
409 3208 491 3257 etism
504 3207 631 3258 dicuntur
643 3221 713 3271 προ-

169 3271 285 3328 πύλαια.
312 3275 412 3326 Confer
425 3277 462 3340 11,
476 3278 524 3329 153
537 3277 628 3343 ibique
642 3281 712 3326 nott.

171 3342 280 3410 Quod
267 3339 332 3412 ιρὸν
350 3347 432 3423 dixit,
452 3347 479 3396 in
498 3361 574 3412 seqq
593 3347 714 3398 nornine-

170 3419 211 3467 vit
228 3407 361 3466 verisono
379 3412 617 3498 περιβεβλημένον
634 3416 713 3466 bene-

171 3503 223 3554 que
242 3485 368 3538 distinxit
388 3479 474 3549 νηὸν,
495 3485 513 3536 i.
534 3500 558 3536 ο.
578 3487 673 3536 sedem
689 3500 711 3535 s.

171 3555 342 3608 sediouism'
334 3569 423 3620 ipsam
439 3559 517 3619 septo
533 3569 612 3606 ssoro
629 3554 714 3616 inolu-

172 3643 244 3688 stru,
257 3626 285 3676 in
298 3631 353 3691 qun·
363 3623 441 3674 dei'
420 3639 526 3689 signum
541 3623 712 3676 collocutum.

172 3695 273 3748 Confer
295 3696 339 3756 ΙΙ,
364 3693 398 3746 63
420 3693 511 3759 ibique
534 3699 657 3744 nott.-
680 3695 714 3745 In

173 3781 247 3832 seqq.
266 3732 411 3816 ertiduium
433 3761 485 3812 τοῦ
507 3767 572 3814 onte
591 3760 717 3828 Περσέος

173 3851 235 3887 enm
246 3838 362 3886 reeentt.
378 3833 460 3884 edd·
452 3833 614 3884 inseruimus
631 3848 719 3899 epro-

173 3905 246 3956 bntis
257 3903 344 3956 libris.
362 3893 498 3960 πολλάκις
508 3919 556 3968 pro
566 3903 641 3970 vulg.
651 3901 718 3953 πολ-

173 3967 237 4024 λάκι
255 3973 329 4036 dedi,
346 3972 424 4035 utI,
444 3971 492 4052 36,
511 3973 559 4023 ubi
575 3973 631 4024 vid.
648 3976 717 4024 nott.

210 4011 365 4092 σανδάλιόν
387 4055 416 4091 τε
440 4032 530 4090 αὐτοῦ
555 4040 717 4122 πεφορημέ-

175 4125 228 4161 νον
239 4101 435 4177 εὖρίσκεοθαι]
451 4102 638 4163 σανδάλιονο.
651 4102 717 4160 σάν-

174 4177 276 4244 δαλον,
303 4181 374 4246 qnod
392 4179 465 4245 apud
482 4181 588 4232 Atticos
609 4181 643 4230 de
659 4195 718 4232 rnu-

174 4249 269 4300 liernm
283 4198 365 4301 soqleis
380 4247 536 4315 plerumque
553 4249 651 4301 dieitur
667 4249 717 4312 (oi.

176 4316 290 4370 Becker.
309 4315 429 4370 chartei.
447 4316 485 4369 11.
503 4331 531 4382 p.
551 4316 602 4372 868
620 4332 644 4370 s.
662 4317 717 4370 111.

215 4417 383 4462 ΠΕΙΙΟΒΟΤ.
409 4419 431 4461 1.

754 1281 781 1330 p.
795 1266 867 1333 218),
887 1266 931 1317 bio
948 1266 981 1316 de
998 1267 1117 1316 virorum
1136 1279 1243 1330 quoque
1257 1280 1300 1317 so-

754 1335 798 1386 les
808 1336 924 1401 ponitur,
940 1339 1014 1386 reete
1028 1339 1153 1385 monente
1162 1333 1297 1387 Fritnsob.

755 1406 796 1455 De
814 1405 926 1457 carmin.
941 1405 1117 1470 Aristophan.
1136 1407 1252 1470 mystico
1271 1421 1298 1470 p.

755 1474 798 1525 82.
832 1475 873 1525 Tu
893 1474 1131 1526 vid.Perinoniu1n
1147 1473 1182 1524 nd
1192 1475 1298 1526 delion.

754 1545 788 1594 V.
799 1545 835 1595 Η.
845 1545 869 1606 Ι,
880 1545 912 1596 18
922 1541 1183 1609 etqueSoblensnsr.
1194 1546 1223 1594 in
1232 1545 1299 1594 Lex.

755 1615 789 1665 N.
809 1615 843 1665 Τ.
862 1614 900 1664 11.
919 1630 945 1680 p.
966 1614 1033 1676 842,
1057 1613 1104 1679 qni
1120 1613 1189 1664 bene
1208 1618 1300 1664 monet

756 1684 784 1732 in
804 1699 883 1734 soors
906 1683 1044 1748 scriptura
1064 1683 1116 1732 hoo
1138 1683 1301 1734 vocobulum

756 1753 858 1818 passim
885 1768 933 1817 pro
967 1752 1074 1817 vulgari
1105 1753 1171 1817 poni
1197 1752 1301 1804 coloes·

757 1826 848 1872 mento
865 1827 948 1886 etque
962 1821 1113 1886 promiscue
1126 1821 1189 1872 diei.
1221 1821 1301 1885 Quod

757 1907 822 1942 vero
839 1891 866 1943 b.
885 1891 904 1941 1.
917 1895 1059 1954 narretur,
1077 1890 1149 1941 idox
1166 1891 1301 1942 communi

757 1965 880 2011 veterum
898 1961 1100 2026 superstitione,
1117 1975 1170 2026 quo
1190 1961 1301 2012 deorum

757 2031 939 2095 praesentium
966 2030 1019 2080 sibi
1047 2028 1194 2080 solutorem
1218 2031 1301 2080 omni-

758 2101 861 2166 busque
874 2100 967 2162 bonis,
986 2113 1056 2165 quse
1068 2107 1227 2163 censentur,
1247 2101 1302 2150 irn-

758 2170 843 2234 gibus
856 2170 1036 2236 potissimum,
1053 2169 1210 2220 effluentem
1224 2174 1303 2234 pute-

757 2240 825 2289 bant
827 2238 1043 2304 ,explicandum
1064 2239 1235 2304 Quapropter
1246 2255 1301 2290 me

758 2309 872 2360 moriem
882 2309 962 2360 buius
970 2308 1142 2374 praesentius
1151 2309 1231 2390 qussi
1240 2325 1303 2360 oon-

758 2384 898 2430 seorentes
914 2379 1129 2429 monstrabunt'
1122 2395 1196 2444 ipsos
1217 2378 1303 2442 locos,

758 2449 856 2532 quibus
874 2448 912 2499 dii
930 2448 1091 2510 institerint,
1110 2447 1174 2500 inde
1187 2449 1304 2500 maxime

759 2519 882 2584 insignes
901 2523 928 2568 et
946 2518 1104 2569 ieiioissimo
1125 2519 1244 2569 omnium
1262 2535 1304 2570 re-

759 2603 819 2638 rum
841 2592 975 2654 proventu
1001 2588 1106 2638 beatos.
1143 2589 1186 2638 De
1203 2589 1303 2639 Perseo

759 2656 829 2707 talin
846 2657 999 2722 prssdiosri
1019 2656 1093 2707 houd
1115 2659 1212 2707 mirum
1229 2658 1304 2708 vide-

759 2727 833 2776 bitur
851 2727 890 2787 ei,
908 2726 955 2791 qni
970 2725 1057 2790 qusiis
1072 2726 1138 2776 dens
1155 2727 1192 2776 sit
1204 2727 1305 2776 buben-

761 2797 812 2847 dus
838 2795 898 2856 ille,
927 2795 1106 2859 perspexerit,
1141 2810 1191 2845 nso
1218 2795 1303 2860 megin

760 2866 857 2915 mirum
883 2864 1021 2914 ridebitur
1038 2863 1072 2912 de
1093 2863 1212 2913 Heronio
1229 2864 1305 2914 eliis-

762 2948 830 2999 que,
853 2934 886 2984 de
904 2933 1001 2998 quibus
1021 2931 1122 2982 similis
1140 2931 1242 2982 trudito
1260 2930 1305 2982 de-

762 3003 893 3085 pepimus.
926 3001 988 3052 vid.
1009 3001 1081 3050 inire
1099 2999 1150 3060 IV,
1166 2999 1210 3050 82.
1246 3000 1304 3051 Nec

762 3073 816 3136 ipsi
841 3071 938 3121 desunt
962 3069 1024 3120 Indi
1047 3083 1158 3134 prorsus
1185 3083 1306 3135 congrus

763 3156 824 3192 oum
841 3141 916 3190 bisce
928 3145 1086 3190 enarrantes
1104 3137 1171 3202 (rid.
1186 3144 1256 3192 nott.
1270 3139 1306 3190 nd

763 3211 811 3272 IV,
829 3207 892 3272 82);
917 3208 982 3273 quin
1001 3209 1069 3259 adeo
1086 3207 1204 3273 vestigio
1225 3225 1307 3275 quse·

763 3247 826 3329 dsr'n
845 3279 872 3328 in
890 3279 957 3343 ipsis
981 3278 1066 3330 neoris
1088 3277 1175 3328 literis
1194 3279 1306 3345 reperiri

764 3347 872 3410 volunt,
900 3345 1002 3400 Psslm.
1028 3348 1116 3410 LXV,
1141 3347 1183 3400 12.
1225 3347 1305 3400 cont.

764 3418 890 3469 Creuzer.
909 3417 1030 3482 Symboi.
1049 3417 1074 3467 Ι.
1093 3433 1120 3481 p.
1140 3417 1201 3469 283.
1220 3419 1260 3469 ΙΙ.
1278 3434 1306 3482 p.

764 3487 826 3540 609.
859 3487 912 3537 Per
924 3487 1076 3538 Amerinam
1089 3485 1192 3551 passim
1208 3486 1306 3552 pedum

764 3557 942 3608 humanorum
957 3557 1075 3620 vestigia
1089 3555 1164 3605 sexis
1175 3557 1308 3621 impresse

763 3627 881 3678 inveniri
898 3625 990 3676 docuit
1007 3623 1084 3677 Boud
1101 3626 1144 3674 iu:
1169 3625 1309 3692 Sitnungs·

766 3696 936 3746 beriehted.
955 3696 982 3745 ir
1001 3695 1030 3744 k.
1044 3694 1129 3745 noan.
1147 3693 1174 3744 d.
1186 3695 1309 3745 Wissen-

768 3765 868 3816 subsit.
891 3764 957 3818 bist.
981 3763 1047 3829 phil.
1068 3762 1155 3814 class.
1182 3763 1260 3819 1856.
1284 3764 1308 3814 1.

768 3851 795 3900 p
814 3833 865 3886 143
883 3849 939 3915 seq
977 3835 1055 3895 Quas
1072 3832 1164 3882 omnis
1183 3833 1229 3896 qui
1247 3847 1310 3882 oon·

769 3903 883 3965 siderei,
901 3902 948 3952 rix
965 3901 1067 3952 referre
1083 3899 1158 3951 volet
1175 3899 1227 3951 hoo
1245 3901 1310 3952 dno·

769 3989 828 4023 rum
851 3972 1003 4022 cubitorum
1027 3968 1178 4020 sundslinm
1204 3969 1239 4020 sd
1262 3985 1310 4035 po·

766 4055 823 4092 rem
843 4041 968 4092 Niiinone
991 4039 1177 4090 inundationis
1202 4053 1310 4090 mensu-

767 4125 825 4161 rum
847 4111 1030 4174 Perseumque
1056 4109 1143 4174 ipsum
1165 4107 1199 4158 ad
1221 4123 1311 4174 oquae

767 4181 835 4230 rim:
854 4179 947 4244 qualis
960 4193 1046 4243 nuper
1063 4177 1171 4242 prolato.
1185 4178 1265 4229 rideo
1281 4179 1310 4226 in

768 4248 883 4370 osuppp.
915 4249 935 4300 ι.
967 4245 1105 4312 enrrotog.
1132 4250 1186 4298 οι.
1211 4245 1310 4298 nx1x.

769 4332 797 4384 μ’
870 4350 877 4368 ’
1056 4393 1098 4456 ιο
