<?xml version="1.0" encoding="UTF-8"?>
<!DOCTYPE html PUBLIC "-//W3C//DTD XHTML 1.0 Transitional//EN"
    "http://www.w3.org/TR/xhtml1/DTD/xhtml1-transitional.dtd">
<html xmlns="http://www.w3.org/1999/xhtml" xml:lang="en" lang="en">
 <head>
  <title>
</title>
<meta http-equiv="Content-Type" content="text/html;charset=utf-8" />
  <meta name='ocr-system' content='tesseract 3.04.00' />
  <meta name='ocr-capabilities' content='ocr_page ocr_carea ocr_par ocr_line ocrx_word'/>
</head>
<body>
  <div class='ocr_page' id='page_1' title='image "./herodotihalicar00bhgoog_0333.png"; bbox 0 0 3088 4944; ppageno 0'>
   <div class='ocr_carea' id='block_1_1' title="bbox 222 189 284 254">
    <p class='ocr_par' dir='ltr' id='par_1_1' title="bbox 222 189 284 254">
     <span class='ocr_line' id='line_1_1' title="bbox 222 189 284 254; baseline 0.032 -3"><span class='ocrx_word' id='word_1_1' title='bbox 222 189 284 254; x_wconf 87' lang='lat'><strong><em>308</em></strong></span> 
     </span>
    </p>
   </div>
   <div class='ocr_carea' id='block_1_2' title="bbox 657 198 922 260">
    <p class='ocr_par' dir='ltr' id='par_1_2' title="bbox 657 198 922 260">
     <span class='ocr_line' id='line_1_2' title="bbox 657 198 922 260; baseline 0.004 -3"><span class='ocrx_word' id='word_1_2' title='bbox 657 198 922 260; x_wconf 82' lang='lat' dir='ltr'><strong>HERODOTI</strong></span> 
     </span>
    </p>
   </div>
   <div class='ocr_carea' id='block_1_3' title="bbox 157 362 1357 882">
    <p class='ocr_par' dir='ltr' id='par_1_3' title="bbox 221 362 1357 568">
     <span class='ocr_line' id='line_1_3' title="bbox 221 362 1357 462; baseline 0.006 -24"><span class='ocrx_word' id='word_1_3' title='bbox 221 367 345 458; x_wconf 79' lang='grc' dir='ltr'><strong><em>νήσους</em></strong></span> <span class='ocrx_word' id='word_1_4' title='bbox 361 375 492 458; x_wconf 79' lang='grc' dir='ltr'><strong><em>έχουσι,</em></strong></span> <span class='ocrx_word' id='word_1_5' title='bbox 510 362 553 460; x_wconf 83' lang='grc' dir='ltr'><strong><em>ἦν</em></strong></span> <span class='ocrx_word' id='word_1_6' title='bbox 575 371 689 442; x_wconf 84' lang='grc' dir='ltr'><strong><em>δεινόν</em></strong></span> <span class='ocrx_word' id='word_1_7' title='bbox 704 368 823 442; x_wconf 85' lang='grc' dir='ltr'><strong><em>οὐδέν·</em></strong></span> <span class='ocrx_word' id='word_1_8' title='bbox 843 378 920 462; x_wconf 81' lang='grc' dir='ltr'><strong><em>τῇσι</em></strong></span> <span class='ocrx_word' id='word_1_9' title='bbox 939 371 977 443; x_wconf 72' lang='grc' dir='ltr'><strong><em>δὲ</em></strong></span> <span class='ocrx_word' id='word_1_10' title='bbox 996 376 1131 462; x_wconf 78' lang='grc' dir='ltr'><strong><em>λοιπῇσι</em></strong></span> <span class='ocrx_word' id='word_1_11' title='bbox 1152 370 1264 442; x_wconf 79' lang='grc' dir='ltr'><strong><em>πόλισι</em></strong></span> <span class='ocrx_word' id='word_1_12' title='bbox 1278 375 1357 444; x_wconf 74' lang='grc' dir='ltr'><strong><em>ἕαδε</em></strong></span> 
     </span>
     <span class='ocr_line' id='line_1_4' title="bbox 222 464 1054 568; baseline 0.005 -27"><span class='ocrx_word' id='word_1_13' title='bbox 222 479 318 563; x_wconf 83' lang='grc' dir='ltr'><strong><em>κοινῇ</em></strong></span> <span class='ocrx_word' id='word_1_14' title='bbox 326 471 420 544; x_wconf 82' lang='grc' dir='ltr'><strong><em>Ἴωσι</em></strong></span> <span class='ocrx_word' id='word_1_15' title='bbox 435 477 596 562; x_wconf 81' lang='grc' dir='ltr'><strong><em>ἕπεσθαι,</em></strong></span> <span class='ocrx_word' id='word_1_16' title='bbox 614 481 655 568; x_wconf 79' lang='grc' dir='ltr'><strong><em>τῇ</em></strong></span> <span class='ocrx_word' id='word_1_17' title='bbox 673 469 716 546; x_wconf 84' lang='grc' dir='ltr'><strong><em>ἀν</em></strong></span> <span class='ocrx_word' id='word_1_18' title='bbox 733 464 825 546; x_wconf 80' lang='grc' dir='ltr'><strong><em>οὗτοι</em></strong></span> <span class='ocrx_word' id='word_1_19' title='bbox 845 479 1054 566; x_wconf 77' lang='grc' dir='ltr'><strong><em>ἐξηγέωνται.</em></strong></span> 
     </span>
    </p>

    <p class='ocr_par' dir='ltr' id='par_1_4' title="bbox 157 573 1357 882">
     <span class='ocr_line' id='line_1_5' title="bbox 157 573 1357 669; baseline -0.003 -17"><span class='ocrx_word' id='word_1_20' title='bbox 157 591 215 654; x_wconf 81' lang='grc'><strong><em>152</em></strong></span> <span class='ocrx_word' id='word_1_21' title='bbox 296 573 353 658; x_wconf 80' lang='grc' dir='ltr'><strong><em>Ὡς</em></strong></span> <span class='ocrx_word' id='word_1_22' title='bbox 374 578 412 648; x_wconf 73' lang='grc' dir='ltr'><strong><em>δὲ</em></strong></span> <span class='ocrx_word' id='word_1_23' title='bbox 428 576 586 648; x_wconf 78' lang='grc' dir='ltr'><strong><em>ἀπικέατο</em></strong></span> <span class='ocrx_word' id='word_1_24' title='bbox 602 583 635 660; x_wconf 80' lang='grc' dir='ltr'><strong><em>ἐς</em></strong></span> <span class='ocrx_word' id='word_1_25' title='bbox 651 577 714 668; x_wconf 83' lang='grc' dir='ltr'><strong><em>τὴν</em></strong></span> <span class='ocrx_word' id='word_1_26' title='bbox 727 578 888 669; x_wconf 78' lang='grc' dir='ltr'><strong><em>Σπάρτην</em></strong></span> <span class='ocrx_word' id='word_1_27' title='bbox 901 586 970 651; x_wconf 75' lang='grc' dir='ltr'><strong><em>τόν</em></strong></span> <span class='ocrx_word' id='word_1_28' title='bbox 986 577 1109 650; x_wconf 81' lang='grc' dir='ltr'><strong><em>Ἰόνων</em></strong></span> <span class='ocrx_word' id='word_1_29' title='bbox 1129 579 1186 648; x_wconf 80' lang='grc' dir='ltr'><strong><em>καὶ</em></strong></span> <span class='ocrx_word' id='word_1_30' title='bbox 1204 581 1357 648; x_wconf 76' lang='grc' dir='ltr'><strong><em>Αἰολέων</em></strong></span> 
     </span>
     <span class='ocr_line' id='line_1_6' title="bbox 222 674 1355 774; baseline 0.003 -25"><span class='ocrx_word' id='word_1_31' title='bbox 222 686 257 750; x_wconf 83' lang='grc' dir='ltr'><strong><em>ολ</em></strong></span> <span class='ocrx_word' id='word_1_32' title='bbox 272 679 407 770; x_wconf 80' lang='grc' dir='ltr'><strong><em>ἄγγελοι</em></strong></span> <span class='ocrx_word' id='word_1_33' title='bbox 431 681 528 768; x_wconf 86' lang='grc' dir='ltr'><strong><em>(κατά</em></strong></span> <span class='ocrx_word' id='word_1_34' title='bbox 549 680 613 774; x_wconf 82' lang='grc' dir='ltr'><strong><em>γάρ</em></strong></span> <span class='ocrx_word' id='word_1_35' title='bbox 638 683 680 773; x_wconf 81' lang='grc' dir='ltr'><strong><em>δη</em></strong></span> <span class='ocrx_word' id='word_1_36' title='bbox 692 681 789 772; x_wconf 83' lang='grc' dir='ltr'><strong><em>τάχος</em></strong></span> <span class='ocrx_word' id='word_1_37' title='bbox 802 674 845 773; x_wconf 84' lang='grc' dir='ltr'><strong><em>ἦν</em></strong></span> <span class='ocrx_word' id='word_1_38' title='bbox 862 688 967 754; x_wconf 84' lang='grc' dir='ltr'><strong><em>ταῦτα</em></strong></span> <span class='ocrx_word' id='word_1_39' title='bbox 987 682 1226 774; x_wconf 81' lang='grc' dir='ltr'><strong><em>πρησσόμενα),</em></strong></span> <span class='ocrx_word' id='word_1_40' title='bbox 1247 687 1355 752; x_wconf 79' lang='grc' dir='ltr'><strong><em>εἵλον-</em></strong></span> 
     </span>
     <span class='ocr_line' id='line_1_7' title="bbox 222 778 1355 882; baseline 0.003 -28"><span class='ocrx_word' id='word_1_41' title='bbox 222 813 260 854; x_wconf 94' lang='grc' dir='ltr'><strong><em>το</em></strong></span> <span class='ocrx_word' id='word_1_42' title='bbox 274 783 337 875; x_wconf 83' lang='grc' dir='ltr'><strong><em>πρό</em></strong></span> <span class='ocrx_word' id='word_1_43' title='bbox 356 784 493 856; x_wconf 88' lang='grc' dir='ltr'><strong><em>πάντων</em></strong></span> <span class='ocrx_word' id='word_1_44' title='bbox 514 789 626 875; x_wconf 77' lang='grc' dir='ltr'><strong><em>λέγειν</em></strong></span> <span class='ocrx_word' id='word_1_45' title='bbox 642 785 702 858; x_wconf 86' lang='grc' dir='ltr'><strong><em>τὸν</em></strong></span> <span class='ocrx_word' id='word_1_46' title='bbox 717 789 876 874; x_wconf 80' lang='grc' dir='ltr'><strong><em>Φωκαέα,</em></strong></span> <span class='ocrx_word' id='word_1_47' title='bbox 897 793 944 882; x_wconf 78' lang='grc' dir='ltr'><strong><em>τῷ</em></strong></span> <span class='ocrx_word' id='word_1_48' title='bbox 962 785 1089 876; x_wconf 82' lang='grc' dir='ltr'><strong><em>οὔνομα</em></strong></span> <span class='ocrx_word' id='word_1_49' title='bbox 1103 778 1146 876; x_wconf 81' lang='grc' dir='ltr'><strong><em>ἦν</em></strong></span> <span class='ocrx_word' id='word_1_50' title='bbox 1162 785 1355 875; x_wconf 82' lang='grc' dir='ltr'><strong><em>Πύθερμος.</em></strong></span> 
     </span>
    </p>
   </div>
   <div class='ocr_carea' id='block_1_4' title="bbox 221 885 1509 988">
    <p class='ocr_par' dir='ltr' id='par_1_5' title="bbox 221 885 1509 988">
     <span class='ocr_line' id='line_1_8' title="bbox 221 885 1509 988; baseline 0 -30"><span class='ocrx_word' id='word_1_51' title='bbox 221 885 295 959; x_wconf 74' lang='lat' dir='ltr'><strong>ddi</strong></span> <span class='ocrx_word' id='word_1_52' title='bbox 311 889 506 980; x_wconf 83' lang='grc' dir='ltr'><strong><em>πορφύρεόν</em></strong></span> <span class='ocrx_word' id='word_1_53' title='bbox 519 919 556 960; x_wconf 89' lang='grc' dir='ltr'><strong><em>τε</em></strong></span> <span class='ocrx_word' id='word_1_54' title='bbox 577 885 652 980; x_wconf 83' lang='grc' dir='ltr'><strong><em>εἷμα</em></strong></span> <span class='ocrx_word' id='word_1_55' title='bbox 676 890 954 982; x_wconf 81' lang='grc' dir='ltr'><strong><em>περιβαλόμενος,</em></strong></span> <span class='ocrx_word' id='word_1_56' title='bbox 977 887 1020 974; x_wconf 83' lang='grc' dir='ltr'><strong><em>ιός</em></strong></span> <span class='ocrx_word' id='word_1_57' title='bbox 1038 887 1081 961; x_wconf 84' lang='grc' dir='ltr'><strong><em>άν</em></strong></span> <span class='ocrx_word' id='word_1_58' title='bbox 1100 888 1355 979; x_wconf 89' lang='grc' dir='ltr'><strong><em>πυνθανόμενοι</em></strong></span> <span class='ocrx_word' id='word_1_59' title='bbox 1365 904 1399 960; x_wconf 81' lang='lat' dir='ltr'><strong><em>tt</em></strong></span> <span class='ocrx_word' id='word_1_60' title='bbox 1507 933 1509 988; x_wconf 49' lang='lat' dir='ltr'><strong>r</strong></span> 
     </span>
    </p>
   </div>
   <div class='ocr_carea' id='block_1_5' title="bbox 156 991 1357 2226">
    <p class='ocr_par' dir='ltr' id='par_1_6' title="bbox 156 991 1357 2226">
     <span class='ocr_line' id='line_1_9' title="bbox 222 991 1353 1086; baseline -0.002 -22"><span class='ocrx_word' id='word_1_61' title='bbox 222 1001 369 1064; x_wconf 82' lang='grc' dir='ltr'><strong><em>πλεῖστοι</em></strong></span> <span class='ocrx_word' id='word_1_62' title='bbox 387 997 591 1065; x_wconf 80' lang='grc' dir='ltr'><strong><em>συνέλθοιεν</em></strong></span> <span class='ocrx_word' id='word_1_63' title='bbox 603 998 861 1086; x_wconf 76' lang='grc' dir='ltr'><strong><em>Σπαρτιητέων,</em></strong></span> <span class='ocrx_word' id='word_1_64' title='bbox 883 997 938 1064; x_wconf 86' lang='grc' dir='ltr'><strong><em>καὶ</em></strong></span> <span class='ocrx_word' id='word_1_65' title='bbox 959 991 1121 1076; x_wconf 88' lang='grc' dir='ltr'><strong><em>καταστάς</em></strong></span> <span class='ocrx_word' id='word_1_66' title='bbox 1155 1000 1249 1081; x_wconf 81' lang='grc' dir='ltr'><strong><em>ἔλεγε</em></strong></span> <span class='ocrx_word' id='word_1_67' title='bbox 1272 1002 1353 1064; x_wconf 88' lang='grc' dir='ltr'><strong><em>πολ-</em></strong></span> 
     </span>
     <span class='ocr_line' id='line_1_10' title="bbox 222 1094 1355 1190; baseline 0 -24"><span class='ocrx_word' id='word_1_68' title='bbox 222 1095 279 1183; x_wconf 88' lang='grc' dir='ltr'><strong><em>λά,</em></strong></span> <span class='ocrx_word' id='word_1_69' title='bbox 303 1100 479 1187; x_wconf 80' lang='grc' dir='ltr'><strong><em>τιμωρέειν</em></strong></span> <span class='ocrx_word' id='word_1_70' title='bbox 506 1100 659 1168; x_wconf 78' lang='grc' dir='ltr'><strong><em>ἑωυτοῖσι</em></strong></span> <span class='ocrx_word' id='word_1_71' title='bbox 680 1098 818 1190; x_wconf 81' lang='grc' dir='ltr'><strong><em>χρῄζων.</em></strong></span> <span class='ocrx_word' id='word_1_72' title='bbox 871 1097 1130 1188; x_wconf 88' lang='grc' dir='ltr'><strong><em>Λακεδαιμόνιοι</em></strong></span> <span class='ocrx_word' id='word_1_73' title='bbox 1161 1097 1199 1168; x_wconf 75' lang='grc' dir='ltr'><strong><em>δὲ</em></strong></span> <span class='ocrx_word' id='word_1_74' title='bbox 1221 1094 1263 1166; x_wconf 81' lang='grc' dir='ltr'><strong><em>οὔ</em></strong></span> <span class='ocrx_word' id='word_1_75' title='bbox 1288 1125 1355 1178; x_wconf 92' lang='grc' dir='ltr'><strong><em>κως</em></strong></span> 
     </span>
     <span class='ocr_line' id='line_1_11' title="bbox 220 1197 1352 1292; baseline -0.001 -22"><span class='ocrx_word' id='word_1_76' title='bbox 220 1198 362 1290; x_wconf 80' lang='grc' dir='ltr'><strong><em>ἤκουον,</em></strong></span> <span class='ocrx_word' id='word_1_77' title='bbox 377 1198 449 1271; x_wconf 83' lang='grc' dir='ltr'><strong><em>ἀλλ’</em></strong></span> <span class='ocrx_word' id='word_1_78' title='bbox 463 1199 606 1284; x_wconf 85' lang='grc' dir='ltr'><strong><em>ἀπέδοξέ</em></strong></span> <span class='ocrx_word' id='word_1_79' title='bbox 616 1222 677 1291; x_wconf 86' lang='grc' dir='ltr'><strong><em>σφι</em></strong></span> <span class='ocrx_word' id='word_1_80' title='bbox 694 1200 740 1292; x_wconf 82' lang='grc' dir='ltr'><strong><em>μὴ</em></strong></span> <span class='ocrx_word' id='word_1_81' title='bbox 753 1201 1037 1292; x_wconf 82' lang='grc' dir='ltr'><strong><em>τιμωρέεινἽωσι.</em></strong></span> <span class='ocrx_word' id='word_1_82' title='bbox 1065 1207 1099 1272; x_wconf 84' lang='lat' dir='ltr'><strong>oi</strong></span> <span class='ocrx_word' id='word_1_83' title='bbox 1111 1201 1173 1291; x_wconf 72' lang='grc' dir='ltr'><strong><em>μὲν</em></strong></span> <span class='ocrx_word' id='word_1_84' title='bbox 1186 1198 1228 1290; x_wconf 79' lang='grc' dir='ltr'><strong><em>δη</em></strong></span> <span class='ocrx_word' id='word_1_85' title='bbox 1246 1197 1352 1270; x_wconf 87' lang='grc' dir='ltr'><strong><em>ἀπαλ-</em></strong></span> 
     </span>
     <span class='ocr_line' id='line_1_12' title="bbox 222 1301 1352 1395; baseline -0.002 -21"><span class='ocrx_word' id='word_1_86' title='bbox 222 1304 400 1390; x_wconf 88' lang='grc' dir='ltr'><strong><em>λάσσοντο,</em></strong></span> <span class='ocrx_word' id='word_1_87' title='bbox 416 1305 677 1395; x_wconf 89' lang='grc' dir='ltr'><strong><em>Λακεδαιμόνιοι</em></strong></span> <span class='ocrx_word' id='word_1_88' title='bbox 692 1306 729 1376; x_wconf 76' lang='grc' dir='ltr'><strong><em>δὲ</em></strong></span> <span class='ocrx_word' id='word_1_89' title='bbox 749 1303 963 1395; x_wconf 88' lang='grc' dir='ltr'><strong><em>ἀπωσάμενοι</em></strong></span> <span class='ocrx_word' id='word_1_90' title='bbox 981 1311 1049 1374; x_wconf 76' lang='grc' dir='ltr'><strong><em>τῶν</em></strong></span> <span class='ocrx_word' id='word_1_91' title='bbox 1061 1302 1184 1375; x_wconf 82' lang='grc' dir='ltr'><strong><em>Ἰάνων</em></strong></span> <span class='ocrx_word' id='word_1_92' title='bbox 1202 1303 1279 1385; x_wconf 85' lang='grc' dir='ltr'><strong><em>τούς</em></strong></span> <span class='ocrx_word' id='word_1_93' title='bbox 1293 1301 1352 1392; x_wconf 82' lang='grc' dir='ltr'><strong><em>άμ-</em></strong></span> 
     </span>
     <span class='ocr_line' id='line_1_13' title="bbox 222 1403 1354 1504; baseline -0.003 -26"><span class='ocrx_word' id='word_1_94' title='bbox 222 1411 357 1495; x_wconf 81' lang='grc' dir='ltr'><strong><em>γέλους,</em></strong></span> <span class='ocrx_word' id='word_1_95' title='bbox 380 1404 469 1498; x_wconf 80' lang='grc' dir='ltr'><strong><em>ὅμως</em></strong></span> <span class='ocrx_word' id='word_1_96' title='bbox 490 1406 691 1479; x_wconf 81' lang='grc' dir='ltr'><strong><em>ἀπέστειλαν</em></strong></span> <span class='ocrx_word' id='word_1_97' title='bbox 710 1412 961 1504; x_wconf 75' lang='grc' dir='ltr'><strong><em>πεντηκοντέρῳ</em></strong></span> <span class='ocrx_word' id='word_1_98' title='bbox 980 1405 1124 1498; x_wconf 87' lang='grc' dir='ltr'><strong><em>ἀνδρας,</em></strong></span> <span class='ocrx_word' id='word_1_99' title='bbox 1144 1403 1188 1488; x_wconf 80' lang='grc' dir='ltr'><strong><em>τός</em></strong></span> <span class='ocrx_word' id='word_1_100' title='bbox 1200 1407 1264 1496; x_wconf 74' lang='grc' dir='ltr'><strong><em>μέν</em></strong></span> <span class='ocrx_word' id='word_1_101' title='bbox 1282 1408 1354 1497; x_wconf 78' lang='grc' dir='ltr'><strong><em>ἐμοὶ</em></strong></span> 
     </span>
     <span class='ocr_line' id='line_1_14' title="bbox 222 1509 1354 1604; baseline -0.003 -22"><span class='ocrx_word' id='word_1_102' title='bbox 222 1513 350 1596; x_wconf 90' lang='grc' dir='ltr'><strong><em>δοκέει,</em></strong></span> <span class='ocrx_word' id='word_1_103' title='bbox 375 1511 606 1594; x_wconf 82' lang='grc' dir='ltr'><strong><em>κατασκόπους</em></strong></span> <span class='ocrx_word' id='word_1_104' title='bbox 627 1518 695 1584; x_wconf 81' lang='grc' dir='ltr'><strong><em>των</em></strong></span> <span class='ocrx_word' id='word_1_105' title='bbox 720 1541 756 1584; x_wconf 86' lang='grc' dir='ltr'><strong><em>τε</em></strong></span> <span class='ocrx_word' id='word_1_106' title='bbox 776 1513 895 1604; x_wconf 86' lang='grc' dir='ltr'><strong><em>Κύρου</em></strong></span> <span class='ocrx_word' id='word_1_107' title='bbox 922 1511 1127 1603; x_wconf 77' lang='grc' dir='ltr'><strong><em>πρηγμάτων</em></strong></span> <span class='ocrx_word' id='word_1_108' title='bbox 1148 1513 1204 1579; x_wconf 83' lang='grc' dir='ltr'><strong><em>καὶ</em></strong></span> <span class='ocrx_word' id='word_1_109' title='bbox 1219 1509 1354 1600; x_wconf 83' lang='grc' dir='ltr'><strong><em>Ἰωνίης.</em></strong></span> 
     </span>
     <span class='ocr_line' id='line_1_15' title="bbox 221 1605 1355 1706; baseline 0 -22"><span class='ocrx_word' id='word_1_110' title='bbox 221 1611 418 1704; x_wconf 88' lang='grc' dir='ltr'><strong><em>ἀπικόμενοι</em></strong></span> <span class='ocrx_word' id='word_1_111' title='bbox 440 1614 477 1684; x_wconf 75' lang='grc' dir='ltr'><strong><em>δὲ</em></strong></span> <span class='ocrx_word' id='word_1_112' title='bbox 497 1605 590 1686; x_wconf 81' lang='grc' dir='ltr'><strong><em>οὗτοι</em></strong></span> <span class='ocrx_word' id='word_1_113' title='bbox 617 1619 650 1698; x_wconf 85' lang='grc' dir='ltr'><strong><em>ές</em></strong></span> <span class='ocrx_word' id='word_1_114' title='bbox 674 1616 835 1688; x_wconf 86' lang='grc' dir='ltr'><strong><em>Φιόκαιαν</em></strong></span> <span class='ocrx_word' id='word_1_115' title='bbox 866 1623 1015 1706; x_wconf 81' lang='grc' dir='ltr'><strong><em>ἔπεμπον</em></strong></span> <span class='ocrx_word' id='word_1_116' title='bbox 1034 1619 1068 1696; x_wconf 87' lang='grc' dir='ltr'><strong><em>ές</em></strong></span> <span class='ocrx_word' id='word_1_117' title='bbox 1089 1614 1218 1706; x_wconf 90' lang='grc' dir='ltr'><strong><em>Σάρδις</em></strong></span> <span class='ocrx_word' id='word_1_118' title='bbox 1240 1617 1355 1704; x_wconf 85' lang='grc' dir='ltr'><strong><em>σφέων</em></strong></span> 
     </span>
     <span class='ocr_line' id='line_1_16' title="bbox 222 1711 1354 1815; baseline -0.002 -28"><span class='ocrx_word' id='word_1_119' title='bbox 222 1715 338 1788; x_wconf 77' lang='grc' dir='ltr'><strong><em>αὐτοῖν</em></strong></span> <span class='ocrx_word' id='word_1_120' title='bbox 351 1716 411 1788; x_wconf 85' lang='grc' dir='ltr'><strong><em>τὸν</em></strong></span> <span class='ocrx_word' id='word_1_121' title='bbox 426 1718 672 1808; x_wconf 76' lang='grc' dir='ltr'><strong><em>δοκιμώτατον,</em></strong></span> <span class='ocrx_word' id='word_1_122' title='bbox 700 1727 747 1815; x_wconf 75' lang='grc' dir='ltr'><strong><em>τῷ</em></strong></span> <span class='ocrx_word' id='word_1_123' title='bbox 761 1718 890 1809; x_wconf 81' lang='grc' dir='ltr'><strong><em>οὕνομα</em></strong></span> <span class='ocrx_word' id='word_1_124' title='bbox 904 1711 947 1810; x_wconf 80' lang='grc' dir='ltr'><strong><em>ἦν</em></strong></span> <span class='ocrx_word' id='word_1_125' title='bbox 964 1726 1150 1808; x_wconf 90' lang='grc' dir='ltr'><strong><em>Λακρίνης,</em></strong></span> <span class='ocrx_word' id='word_1_126' title='bbox 1170 1715 1354 1808; x_wconf 81' lang='grc' dir='ltr'><strong><em>ἀπερέοντα</em></strong></span> 
     </span>
     <span class='ocr_line' id='line_1_17' title="bbox 220 1819 1352 1916; baseline -0.002 -24"><span class='ocrx_word' id='word_1_127' title='bbox 220 1821 325 1916; x_wconf 78' lang='grc' dir='ltr'><strong><em>Κύρῳ</em></strong></span> <span class='ocrx_word' id='word_1_128' title='bbox 346 1827 623 1912; x_wconf 88' lang='grc' dir='ltr'><strong><em>Λακεδαιμονίων</em></strong></span> <span class='ocrx_word' id='word_1_129' title='bbox 641 1826 757 1912; x_wconf 79' lang='grc' dir='ltr'><strong><em>ῥῆσιν,</em></strong></span> <span class='ocrx_word' id='word_1_130' title='bbox 779 1829 839 1913; x_wconf 80' lang='grc' dir='ltr'><strong><em>γῆς</em></strong></span> <span class='ocrx_word' id='word_1_131' title='bbox 857 1829 914 1912; x_wconf 80' lang='grc' dir='ltr'><strong><em>τῆς</em></strong></span> <span class='ocrx_word' id='word_1_132' title='bbox 931 1819 1086 1903; x_wconf 78' lang='grc' dir='ltr'><strong><em>Ἑλλάδος</em></strong></span> <span class='ocrx_word' id='word_1_133' title='bbox 1104 1828 1272 1912; x_wconf 88' lang='grc' dir='ltr'><strong><em>μηδεμίαν</em></strong></span> <span class='ocrx_word' id='word_1_134' title='bbox 1292 1819 1352 1891; x_wconf 86' lang='grc' dir='ltr'><strong><em>πό-</em></strong></span> 
     </span>
     <span class='ocr_line' id='line_1_18' title="bbox 156 1921 1353 2017; baseline -0.003 -21"><span class='ocrx_word' id='word_1_135' title='bbox 156 1937 214 1999; x_wconf 85' lang='grc'><strong><em>153</em></strong></span> <span class='ocrx_word' id='word_1_136' title='bbox 223 1935 278 1997; x_wconf 89' lang='grc' dir='ltr'><strong><em>λιν</em></strong></span> <span class='ocrx_word' id='word_1_137' title='bbox 290 1929 530 2016; x_wconf 87' lang='grc' dir='ltr'><strong><em>σιναμωρέειν,</em></strong></span> <span class='ocrx_word' id='word_1_138' title='bbox 555 1921 600 2006; x_wconf 80' lang='grc' dir='ltr'><strong><em>ὦς</em></strong></span> <span class='ocrx_word' id='word_1_139' title='bbox 623 1923 737 1997; x_wconf 76' lang='grc' dir='ltr'><strong><em>αὐτόν</em></strong></span> <span class='ocrx_word' id='word_1_140' title='bbox 750 1924 791 1997; x_wconf 83' lang='grc' dir='ltr'><strong><em>οὐ</em></strong></span> <span class='ocrx_word' id='word_1_141' title='bbox 807 1929 1072 2017; x_wconf 77' lang='grc' dir='ltr'><strong><em>περιοψομένων.</em></strong></span> <span class='ocrx_word' id='word_1_142' title='bbox 1114 1931 1224 1995; x_wconf 82' lang='grc' dir='ltr'><strong><em>Ταῦτα</em></strong></span> <span class='ocrx_word' id='word_1_143' title='bbox 1239 1924 1353 1995; x_wconf 84' lang='grc' dir='ltr'><strong><em>εἰπόν-</em></strong></span> 
     </span>
     <span class='ocr_line' id='line_1_19' title="bbox 221 2027 1357 2120; baseline -0.001 -23"><span class='ocrx_word' id='word_1_144' title='bbox 221 2057 276 2109; x_wconf 85' lang='grc' dir='ltr'><strong><em>τος</em></strong></span> <span class='ocrx_word' id='word_1_145' title='bbox 289 2034 349 2098; x_wconf 84' lang='grc' dir='ltr'><strong><em>τοῦ</em></strong></span> <span class='ocrx_word' id='word_1_146' title='bbox 361 2029 521 2120; x_wconf 81' lang='grc' dir='ltr'><strong><em>κήρυκος,</em></strong></span> <span class='ocrx_word' id='word_1_147' title='bbox 545 2032 676 2116; x_wconf 85' lang='grc' dir='ltr'><strong><em>λέγεται</em></strong></span> <span class='ocrx_word' id='word_1_148' title='bbox 690 2034 806 2118; x_wconf 83' lang='grc' dir='ltr'><strong><em>Κῦρον</em></strong></span> <span class='ocrx_word' id='word_1_149' title='bbox 822 2033 1015 2118; x_wconf 82' lang='grc' dir='ltr'><strong><em>ἐπείρεσθαι</em></strong></span> <span class='ocrx_word' id='word_1_150' title='bbox 1030 2027 1108 2110; x_wconf 80' lang='grc' dir='ltr'><strong><em>τοὺς</em></strong></span> <span class='ocrx_word' id='word_1_151' title='bbox 1124 2029 1308 2120; x_wconf 90' lang='grc' dir='ltr'><strong><em>παρεόντας</em></strong></span> <span class='ocrx_word' id='word_1_152' title='bbox 1322 2031 1357 2096; x_wconf 82' lang='lat' dir='ltr'><strong>oi</strong></span> 
     </span>
     <span class='ocr_line' id='line_1_20' title="bbox 217 2127 1353 2226; baseline 0 -26"><span class='ocrx_word' id='word_1_153' title='bbox 217 2127 402 2221; x_wconf 77' lang='grc' dir='ltr'><strong><em>Ἑλλήνων,</em></strong></span> <span class='ocrx_word' id='word_1_154' title='bbox 430 2139 520 2212; x_wconf 86' lang='grc' dir='ltr'><strong><em>τίνες</em></strong></span> <span class='ocrx_word' id='word_1_155' title='bbox 550 2133 661 2214; x_wconf 77' lang='grc' dir='ltr'><strong><em>ἐόντες</em></strong></span> <span class='ocrx_word' id='word_1_156' title='bbox 689 2131 866 2226; x_wconf 84' lang='grc' dir='ltr'><strong><em>ἄνθρωποι</em></strong></span> <span class='ocrx_word' id='word_1_157' title='bbox 892 2135 1151 2222; x_wconf 86' lang='grc' dir='ltr'><strong><em>Λακεδαιμόνιοι</em></strong></span> <span class='ocrx_word' id='word_1_158' title='bbox 1179 2136 1234 2202; x_wconf 78' lang='grc' dir='ltr'><strong><em>καὶ</em></strong></span> <span class='ocrx_word' id='word_1_159' title='bbox 1262 2132 1353 2202; x_wconf 93' lang='grc' dir='ltr'><strong><em>κόσοι</em></strong></span> 
     </span>
    </p>
   </div>
   <div class='ocr_carea' id='block_1_6' title="bbox 409 2305 576 2358">
    <p class='ocr_par' dir='ltr' id='par_1_7' title="bbox 409 2305 576 2358">
     <span class='ocr_line' id='line_1_21' title="bbox 409 2305 576 2358; baseline 0.012 -2"><span class='ocrx_word' id='word_1_160' title='bbox 409 2305 475 2357; x_wconf 70' lang='lat' dir='ltr'><strong><em>Cu,</em></strong></span> <span class='ocrx_word' id='word_1_161' title='bbox 492 2306 576 2358; x_wconf 83' lang='lat' dir='ltr'>CLII.</span> 
     </span>
    </p>
   </div>
   <div class='ocr_carea' id='block_1_7' title="bbox 219 2399 764 3175">
    <p class='ocr_par' dir='ltr' id='par_1_8' title="bbox 219 2399 764 3175">
     <span class='ocr_line' id='line_1_22' title="bbox 252 2399 764 2477; baseline 0.006 -18"><span class='ocrx_word' id='word_1_162' title='bbox 252 2399 299 2468; x_wconf 80' lang='grc' dir='ltr'><strong><em>Ὡς</em></strong></span> <span class='ocrx_word' id='word_1_163' title='bbox 317 2402 349 2459; x_wconf 74' lang='grc' dir='ltr'><strong><em>δέ</em></strong></span> <span class='ocrx_word' id='word_1_164' title='bbox 366 2400 515 2477; x_wconf 85' lang='grc' dir='ltr'><strong><em>ἀπικέατο]</em></strong></span> <span class='ocrx_word' id='word_1_165' title='bbox 532 2401 702 2460; x_wconf 82' lang='grc' dir='ltr'><strong><em>ἀπικέατο</em></strong></span> <span class='ocrx_word' id='word_1_166' title='bbox 721 2416 764 2462; x_wconf 81' lang='lat' dir='ltr'><strong>cst</strong></span> 
     </span>
     <span class='ocr_line' id='line_1_23' title="bbox 221 2471 762 2546; baseline 0.002 -17"><span class='ocrx_word' id='word_1_167' title='bbox 221 2479 309 2530; x_wconf 81' lang='lat' dir='ltr'><strong>torma</strong></span> <span class='ocrx_word' id='word_1_168' title='bbox 318 2479 414 2530; x_wconf 84' lang='lat' dir='ltr'><strong>aorieti</strong></span> <span class='ocrx_word' id='word_1_169' title='bbox 423 2480 535 2530; x_wconf 78' lang='lat' dir='ltr'><strong>secundi</strong></span> <span class='ocrx_word' id='word_1_170' title='bbox 549 2495 598 2545; x_wconf 87' lang='lat' dir='ltr'><strong>pro</strong></span> <span class='ocrx_word' id='word_1_171' title='bbox 611 2471 762 2546; x_wconf 77' lang='grc' dir='ltr'><strong><em>ἀφίκοντο,</em></strong></span> 
     </span>
     <span class='ocr_line' id='line_1_24' title="bbox 221 2549 764 2615; baseline 0.006 -16"><span class='ocrx_word' id='word_1_172' title='bbox 221 2551 294 2614; x_wconf 87' lang='lat' dir='ltr'><strong>quod</strong></span> <span class='ocrx_word' id='word_1_173' title='bbox 312 2551 399 2615; x_wconf 84' lang='lat' dir='ltr'><strong>ipsum</strong></span> <span class='ocrx_word' id='word_1_174' title='bbox 418 2553 445 2599; x_wconf 89' lang='lat' dir='ltr'><strong>ot</strong></span> <span class='ocrx_word' id='word_1_175' title='bbox 463 2549 490 2600; x_wconf 91' lang='lat' dir='ltr'><strong><em>b.</em></strong></span> <span class='ocrx_word' id='word_1_176' title='bbox 515 2549 534 2600; x_wconf 92' lang='grc'><strong><em>1.</em></strong></span> <span class='ocrx_word' id='word_1_177' title='bbox 559 2554 586 2600; x_wconf 85' lang='lat' dir='ltr'><strong>et</strong></span> <span class='ocrx_word' id='word_1_178' title='bbox 605 2549 628 2610; x_wconf 88' lang='grc' dir='ltr'><strong><em>Ι,</em></strong></span> <span class='ocrx_word' id='word_1_179' title='bbox 649 2549 698 2601; x_wconf 83' lang='grc'><strong>1611</strong></span> <span class='ocrx_word' id='word_1_180' title='bbox 717 2551 764 2602; x_wconf 86' lang='lat' dir='ltr'><strong><em>do-</em></strong></span> 
     </span>
     <span class='ocr_line' id='line_1_25' title="bbox 221 2617 762 2684; baseline 0.004 -15"><span class='ocrx_word' id='word_1_181' title='bbox 221 2617 319 2669; x_wconf 87' lang='lat' dir='ltr'><strong>derunt</strong></span> <span class='ocrx_word' id='word_1_182' title='bbox 341 2619 460 2668; x_wconf 83' lang='lat' dir='ltr'><strong>Dindori</strong></span> <span class='ocrx_word' id='word_1_183' title='bbox 481 2623 508 2669; x_wconf 87' lang='lat' dir='ltr'><strong>et</strong></span> <span class='ocrx_word' id='word_1_184' title='bbox 530 2619 657 2670; x_wconf 80' lang='lat' dir='ltr'><strong>Diotaoh:</strong></span> <span class='ocrx_word' id='word_1_185' title='bbox 682 2621 719 2673; x_wconf 81' lang='lat' dir='ltr'><strong><em>cf.</em></strong></span> <span class='ocrx_word' id='word_1_186' title='bbox 739 2622 762 2684; x_wconf 92' lang='lat'><strong><em>1,</em></strong></span> 
     </span>
     <span class='ocr_line' id='line_1_26' title="bbox 222 2686 761 2756; baseline 0.004 -17"><span class='ocrx_word' id='word_1_187' title='bbox 222 2687 255 2741; x_wconf 84' lang='grc'><strong><em>15</em></strong></span> <span class='ocrx_word' id='word_1_188' title='bbox 268 2688 359 2754; x_wconf 81' lang='lat' dir='ltr'><strong>ibique</strong></span> <span class='ocrx_word' id='word_1_189' title='bbox 371 2693 440 2738; x_wconf 88' lang='lat' dir='ltr'><strong>nott.</strong></span> <span class='ocrx_word' id='word_1_190' title='bbox 477 2690 531 2740; x_wconf 88' lang='lat' dir='ltr'><strong>Pro</strong></span> <span class='ocrx_word' id='word_1_191' title='bbox 547 2686 673 2754; x_wconf 81' lang='grc' dir='ltr'><strong><em>Φωκαέα,</em></strong></span> <span class='ocrx_word' id='word_1_192' title='bbox 688 2691 761 2756; x_wconf 88' lang='lat' dir='ltr'><strong>quod</strong></span> 
     </span>
     <span class='ocr_line' id='line_1_27' title="bbox 220 2758 759 2824; baseline 0.007 -17"><span class='ocrx_word' id='word_1_193' title='bbox 220 2758 249 2808; x_wconf 89' lang='lat' dir='ltr'><strong>in</strong></span> <span class='ocrx_word' id='word_1_194' title='bbox 266 2759 389 2808; x_wconf 76' lang='lat' dir='ltr'><strong>omnibus</strong></span> <span class='ocrx_word' id='word_1_195' title='bbox 409 2758 486 2808; x_wconf 86' lang='lat' dir='ltr'><strong>libris</strong></span> <span class='ocrx_word' id='word_1_196' title='bbox 504 2758 618 2824; x_wconf 80' lang='lat' dir='ltr'><strong>legitur,</strong></span> <span class='ocrx_word' id='word_1_197' title='bbox 643 2761 759 2811; x_wconf 88' lang='lat' dir='ltr'><strong>Bredov.</strong></span> 
     </span>
     <span class='ocr_line' id='line_1_28' title="bbox 220 2825 763 2894; baseline 0.002 -15"><span class='ocrx_word' id='word_1_198' title='bbox 220 2828 315 2894; x_wconf 80' lang='lat' dir='ltr'>p.141</span> <span class='ocrx_word' id='word_1_199' title='bbox 340 2828 453 2893; x_wconf 80' lang='lat' dir='ltr'><strong>corrigit</strong></span> <span class='ocrx_word' id='word_1_200' title='bbox 477 2825 621 2892; x_wconf 85' lang='grc' dir='ltr'><strong><em>Φωκαιέα,</em></strong></span> <span class='ocrx_word' id='word_1_201' title='bbox 646 2847 663 2881; x_wconf 94' lang='lat' dir='ltr'><strong>a</strong></span> <span class='ocrx_word' id='word_1_202' title='bbox 686 2831 763 2881; x_wconf 89' lang='lat' dir='ltr'><strong>Diet-</strong></span> 
     </span>
     <span class='ocr_line' id='line_1_29' title="bbox 221 2897 761 2962; baseline 0.009 -16"><span class='ocrx_word' id='word_1_203' title='bbox 221 2897 297 2948; x_wconf 86' lang='lat' dir='ltr'><strong>achio</strong></span> <span class='ocrx_word' id='word_1_204' title='bbox 323 2897 385 2948; x_wconf 90' lang='lat' dir='ltr'><strong>inde</strong></span> <span class='ocrx_word' id='word_1_205' title='bbox 411 2902 557 2962; x_wconf 85' lang='lat' dir='ltr'><strong>receptum.</strong></span> <span class='ocrx_word' id='word_1_206' title='bbox 600 2899 642 2949; x_wconf 82' lang='lat' dir='ltr'><strong><em>Ad</em></strong></span> <span class='ocrx_word' id='word_1_207' title='bbox 667 2916 761 2950; x_wconf 84' lang='lat' dir='ltr'><strong>vocem</strong></span> 
     </span>
     <span class='ocr_line' id='line_1_30' title="bbox 222 2959 762 3032; baseline 0.009 -16"><span class='ocrx_word' id='word_1_208' title='bbox 222 2959 380 3032; x_wconf 80' lang='grc' dir='ltr'><strong><em>Πύθερμος</em></strong></span> <span class='ocrx_word' id='word_1_209' title='bbox 420 2968 532 3032; x_wconf 81' lang='lat' dir='ltr'><strong>eiusque</strong></span> <span class='ocrx_word' id='word_1_210' title='bbox 566 2967 762 3020; x_wconf 75' lang='lat' dir='ltr'><strong>derivationem</strong></span> 
     </span>
     <span class='ocr_line' id='line_1_31' title="bbox 220 3037 763 3102; baseline 0.009 -16"><span class='ocrx_word' id='word_1_211' title='bbox 220 3037 338 3086; x_wconf 83' lang='lat' dir='ltr'><strong>conferri</strong></span> <span class='ocrx_word' id='word_1_212' title='bbox 353 3042 477 3102; x_wconf 79' lang='lat' dir='ltr'><strong>possunt,</strong></span> <span class='ocrx_word' id='word_1_213' title='bbox 495 3051 564 3102; x_wconf 87' lang='lat' dir='ltr'><strong>quae</strong></span> <span class='ocrx_word' id='word_1_214' title='bbox 575 3038 703 3090; x_wconf 80' lang='lat' dir='ltr'><strong>observat</strong></span> <span class='ocrx_word' id='word_1_215' title='bbox 713 3042 763 3091; x_wconf 87' lang='lat' dir='ltr'><strong><em>Le-</em></strong></span> 
     </span>
     <span class='ocr_line' id='line_1_32' title="bbox 219 3105 762 3175; baseline 0.011 -20"><span class='ocrx_word' id='word_1_216' title='bbox 219 3110 317 3157; x_wconf 87' lang='lat' dir='ltr'><strong>tronno</strong></span> <span class='ocrx_word' id='word_1_217' title='bbox 328 3106 443 3156; x_wconf 81' lang='lat' dir='ltr'><strong>Journal</strong></span> <span class='ocrx_word' id='word_1_218' title='bbox 456 3106 483 3156; x_wconf 92' lang='lat' dir='ltr'><strong><em>d.</em></strong></span> <span class='ocrx_word' id='word_1_219' title='bbox 493 3105 557 3158; x_wconf 79' lang='lat' dir='ltr'><strong>Ser.</strong></span> <span class='ocrx_word' id='word_1_220' title='bbox 573 3106 648 3161; x_wconf 79' lang='lat'>1840.</span> <span class='ocrx_word' id='word_1_221' title='bbox 662 3126 688 3175; x_wconf 89' lang='grc' dir='ltr'><strong><em>ρ.</em></strong></span> <span class='ocrx_word' id='word_1_222' title='bbox 704 3111 762 3161; x_wconf 78' lang='grc'><strong><em>172.</em></strong></span> 
     </span>
    </p>
   </div>
   <div class='ocr_carea' id='block_1_8' title="bbox 218 3199 763 4322">
    <p class='ocr_par' dir='ltr' id='par_1_9' title="bbox 218 3199 763 4322">
     <span class='ocr_line' id='line_1_33' title="bbox 255 3199 762 3277; baseline 0.006 -19"><span class='ocrx_word' id='word_1_223' title='bbox 255 3199 423 3272; x_wconf 79' lang='grc' dir='ltr'><strong><em>πορφύρεόν</em></strong></span> <span class='ocrx_word' id='word_1_224' title='bbox 445 3223 474 3258; x_wconf 87' lang='grc' dir='ltr'><strong><em>τε</em></strong></span> <span class='ocrx_word' id='word_1_225' title='bbox 492 3203 558 3275; x_wconf 84' lang='grc' dir='ltr'><strong><em>ελμα</em></strong></span> <span class='ocrx_word' id='word_1_226' title='bbox 579 3203 762 3277; x_wconf 83' lang='grc' dir='ltr'><strong><em>περιβαλόμε-</em></strong></span> 
     </span>
     <span class='ocr_line' id='line_1_34' title="bbox 220 3278 763 3346; baseline 0.007 -20"><span class='ocrx_word' id='word_1_227' title='bbox 220 3278 279 3346; x_wconf 85' lang='grc' dir='ltr'><strong><em>νος]</em></strong></span> <span class='ocrx_word' id='word_1_228' title='bbox 306 3279 350 3329; x_wconf 84' lang='grc' dir='ltr'><strong><em>Ι1ιι</em></strong></span> <span class='ocrx_word' id='word_1_229' title='bbox 375 3295 435 3329; x_wconf 89' lang='lat' dir='ltr'><strong>cum</strong></span> <span class='ocrx_word' id='word_1_230' title='bbox 457 3285 572 3332; x_wconf 81' lang='lat' dir='ltr'><strong>recentt.</strong></span> <span class='ocrx_word' id='word_1_231' title='bbox 598 3281 675 3332; x_wconf 80' lang='lat' dir='ltr'><strong>editt.</strong></span> <span class='ocrx_word' id='word_1_232' title='bbox 698 3282 763 3331; x_wconf 87' lang='lat' dir='ltr'><strong>acri·</strong></span> 
     </span>
     <span class='ocr_line' id='line_1_35' title="bbox 220 3342 763 3416; baseline 0.007 -18"><span class='ocrx_word' id='word_1_233' title='bbox 220 3349 323 3414; x_wconf 74' lang='lat' dir='ltr'><strong>primns</strong></span> <span class='ocrx_word' id='word_1_234' title='bbox 340 3364 389 3414; x_wconf 89' lang='lat' dir='ltr'><strong>pro</strong></span> <span class='ocrx_word' id='word_1_235' title='bbox 409 3342 670 3416; x_wconf 81' lang='grc' dir='ltr'><strong><em>περιβαλλόμενος.</em></strong></span> <span class='ocrx_word' id='word_1_236' title='bbox 697 3350 763 3402; x_wconf 84' lang='lat' dir='ltr'><strong>Cac-</strong></span> 
     </span>
     <span class='ocr_line' id='line_1_36' title="bbox 220 3418 762 3482; baseline 0.004 -14"><span class='ocrx_word' id='word_1_237' title='bbox 220 3425 306 3470; x_wconf 87' lang='lat' dir='ltr'><strong>terum</strong></span> <span class='ocrx_word' id='word_1_238' title='bbox 334 3418 405 3470; x_wconf 87' lang='lat' dir='ltr'><strong>bone</strong></span> <span class='ocrx_word' id='word_1_239' title='bbox 428 3419 473 3470; x_wconf 88' lang='lat' dir='ltr'><strong>hio</strong></span> <span class='ocrx_word' id='word_1_240' title='bbox 496 3424 576 3472; x_wconf 88' lang='lat' dir='ltr'><strong>notat</strong></span> <span class='ocrx_word' id='word_1_241' title='bbox 600 3420 762 3482; x_wconf 81' lang='lat' dir='ltr'><strong>Larcberua,</strong></span> 
     </span>
     <span class='ocr_line' id='line_1_37' title="bbox 219 3489 763 3556; baseline 0 -16"><span class='ocrx_word' id='word_1_242' title='bbox 219 3502 382 3556; x_wconf 83' lang='lat' dir='ltr'><strong>purpuream</strong></span> <span class='ocrx_word' id='word_1_243' title='bbox 409 3494 513 3539; x_wconf 82' lang='lat' dir='ltr'><strong>reatem</strong></span> <span class='ocrx_word' id='word_1_244' title='bbox 536 3489 692 3541; x_wconf 79' lang='lat' dir='ltr'><strong>mulieribus</strong></span> <span class='ocrx_word' id='word_1_245' title='bbox 716 3506 763 3554; x_wconf 88' lang='lat' dir='ltr'><strong><em>po-</em></strong></span> 
     </span>
     <span class='ocr_line' id='line_1_38' title="bbox 220 3559 763 3624; baseline 0.004 -16"><span class='ocrx_word' id='word_1_246' title='bbox 220 3561 274 3609; x_wconf 79' lang='lat' dir='ltr'><strong>tina</strong></span> <span class='ocrx_word' id='word_1_247' title='bbox 293 3575 373 3624; x_wconf 83' lang='lat' dir='ltr'><strong>qnam</strong></span> <span class='ocrx_word' id='word_1_248' title='bbox 391 3559 458 3608; x_wconf 85' lang='lat' dir='ltr'><strong>viria</strong></span> <span class='ocrx_word' id='word_1_249' title='bbox 481 3560 510 3609; x_wconf 87' lang='lat' dir='ltr'><strong>in</strong></span> <span class='ocrx_word' id='word_1_250' title='bbox 532 3575 584 3610; x_wconf 82' lang='lat' dir='ltr'><strong><em>usu</em></strong></span> <span class='ocrx_word' id='word_1_251' title='bbox 602 3561 701 3620; x_wconf 77' lang='lat' dir='ltr'><strong>luiss03</strong></span> <span class='ocrx_word' id='word_1_252' title='bbox 723 3561 763 3610; x_wconf 88' lang='lat' dir='ltr'><strong>in-</strong></span> 
     </span>
     <span class='ocr_line' id='line_1_39' title="bbox 220 3628 761 3694; baseline 0.004 -16"><span class='ocrx_word' id='word_1_253' title='bbox 220 3629 314 3679; x_wconf 80' lang='lat' dir='ltr'><strong>dutam</strong></span> <span class='ocrx_word' id='word_1_254' title='bbox 327 3645 344 3678; x_wconf 87' lang='grc' dir='ltr'><strong><em>ο</em></strong></span> <span class='ocrx_word' id='word_1_255' title='bbox 356 3628 502 3694; x_wconf 86' lang='lat' dir='ltr'><strong>Pythcrmo</strong></span> <span class='ocrx_word' id='word_1_256' title='bbox 515 3629 589 3680; x_wconf 90' lang='lat' dir='ltr'><strong>baud</strong></span> <span class='ocrx_word' id='word_1_257' title='bbox 607 3631 689 3681; x_wconf 89' lang='lat' dir='ltr'><strong>dubie</strong></span> <span class='ocrx_word' id='word_1_258' title='bbox 702 3645 761 3680; x_wconf 81' lang='lat' dir='ltr'><strong>eam</strong></span> 
     </span>
     <span class='ocr_line' id='line_1_40' title="bbox 220 3697 761 3761; baseline 0 -13"><span class='ocrx_word' id='word_1_259' title='bbox 220 3699 254 3748; x_wconf 90' lang='lat' dir='ltr'><strong><em>ob</em></strong></span> <span class='ocrx_word' id='word_1_260' title='bbox 281 3713 406 3761; x_wconf 78' lang='lat' dir='ltr'><strong>oensem,</strong></span> <span class='ocrx_word' id='word_1_261' title='bbox 435 3703 466 3748; x_wconf 89' lang='lat' dir='ltr'><strong>ut</strong></span> <span class='ocrx_word' id='word_1_262' title='bbox 489 3697 627 3750; x_wconf 87' lang='lat' dir='ltr'><strong>hominum</strong></span> <span class='ocrx_word' id='word_1_263' title='bbox 656 3701 761 3750; x_wconf 79' lang='lat' dir='ltr'><strong>animos</strong></span> 
     </span>
     <span class='ocr_line' id='line_1_41' title="bbox 220 3767 762 3834; baseline 0.002 -17"><span class='ocrx_word' id='word_1_264' title='bbox 220 3767 374 3818; x_wconf 74' lang='lat' dir='ltr'><strong>adverteret</strong></span> <span class='ocrx_word' id='word_1_265' title='bbox 392 3783 537 3834; x_wconf 83' lang='lat' dir='ltr'><strong>eorumque</strong></span> <span class='ocrx_word' id='word_1_266' title='bbox 555 3787 603 3821; x_wconf 88' lang='lat' dir='ltr'><strong>ora</strong></span> <span class='ocrx_word' id='word_1_267' title='bbox 621 3771 648 3820; x_wconf 89' lang='lat' dir='ltr'><strong>in</strong></span> <span class='ocrx_word' id='word_1_268' title='bbox 662 3785 762 3821; x_wconf 83' lang='lat' dir='ltr'><strong>aecon-</strong></span> 
     </span>
     <span class='ocr_line' id='line_1_42' title="bbox 219 3829 762 3898; baseline 0.004 -13"><span class='ocrx_word' id='word_1_269' title='bbox 219 3837 324 3887; x_wconf 87' lang='lat' dir='ltr'><strong>iicorot.</strong></span> <span class='ocrx_word' id='word_1_270' title='bbox 337 3867 372 3876; x_wconf 91' lang='lat'><em>-</em></span> <span class='ocrx_word' id='word_1_271' title='bbox 394 3837 436 3888; x_wconf 81' lang='lat' dir='ltr'><strong>lid</strong></span> <span class='ocrx_word' id='word_1_272' title='bbox 454 3839 539 3889; x_wconf 84' lang='lat' dir='ltr'><strong>verba</strong></span> <span class='ocrx_word' id='word_1_273' title='bbox 555 3829 593 3898; x_wconf 83' lang='grc' dir='ltr'><strong><em>άς</em></strong></span> <span class='ocrx_word' id='word_1_274' title='bbox 605 3829 762 3889; x_wconf 83' lang='grc' dir='ltr'><strong><em>άν-συνέλ-</em></strong></span> 
     </span>
     <span class='ocr_line' id='line_1_43' title="bbox 220 3904 761 3986; baseline 0.004 -32"><span class='ocrx_word' id='word_1_275' title='bbox 220 3904 305 3955; x_wconf 83' lang='grc' dir='ltr'><strong><em>θοιεν</em></strong></span> <span class='ocrx_word' id='word_1_276' title='bbox 316 3907 388 3986; x_wconf 77' lang='grc' dir='ltr'><strong><em>οοο1.</em></strong></span> <span class='ocrx_word' id='word_1_277' title='bbox 401 3912 472 3960; x_wconf 89' lang='lat' dir='ltr'><strong>nott.</strong></span> <span class='ocrx_word' id='word_1_278' title='bbox 481 3909 517 3959; x_wconf 82' lang='lat' dir='ltr'><strong><em>nd</em></strong></span> <span class='ocrx_word' id='word_1_279' title='bbox 530 3909 553 3973; x_wconf 84' lang='lat'><strong><em>1,</em></strong></span> <span class='ocrx_word' id='word_1_280' title='bbox 566 3911 608 3961; x_wconf 75' lang='lat'><strong><em>75.</em></strong></span> <span class='ocrx_word' id='word_1_281' title='bbox 639 3910 673 3960; x_wconf 91' lang='lat' dir='ltr'><strong><em>In</em></strong></span> <span class='ocrx_word' id='word_1_282' title='bbox 685 3923 761 3974; x_wconf 76' lang='lat' dir='ltr'><strong>seqq.</strong></span> 
     </span>
     <span class='ocr_line' id='line_1_44' title="bbox 220 3979 763 4032; baseline 0.006 -9"><span class='ocrx_word' id='word_1_283' title='bbox 220 3987 360 4032; x_wconf 84' lang='grc' dir='ltr'><strong><em>καταστας</em></strong></span> <span class='ocrx_word' id='word_1_284' title='bbox 385 3981 440 4028; x_wconf 81' lang='lat' dir='ltr'><strong>eat:</strong></span> <span class='ocrx_word' id='word_1_285' title='bbox 469 3981 506 4028; x_wconf 82' lang='lat' dir='ltr'><strong><em>ad</em></strong></span> <span class='ocrx_word' id='word_1_286' title='bbox 526 3979 654 4031; x_wconf 77' lang='lat' dir='ltr'><strong>dicendum</strong></span> <span class='ocrx_word' id='word_1_287' title='bbox 681 3979 763 4029; x_wconf 79' lang='lat' dir='ltr'><strong>corrri-</strong></span> 
     </span>
     <span class='ocr_line' id='line_1_45' title="bbox 218 4044 763 4112; baseline 0 -17"><span class='ocrx_word' id='word_1_288' title='bbox 218 4053 288 4096; x_wconf 79' lang='lat' dir='ltr'><strong>ctena</strong></span> <span class='ocrx_word' id='word_1_289' title='bbox 307 4044 340 4095; x_wconf 87' lang='lat' dir='ltr'><strong><em>de</em></strong></span> <span class='ocrx_word' id='word_1_290' title='bbox 358 4061 399 4109; x_wconf 83' lang='lat' dir='ltr'><strong><em>co,</em></strong></span> <span class='ocrx_word' id='word_1_291' title='bbox 416 4048 463 4112; x_wconf 90' lang='lat' dir='ltr'><strong>qni</strong></span> <span class='ocrx_word' id='word_1_292' title='bbox 480 4048 586 4100; x_wconf 87' lang='lat' dir='ltr'><strong>dicendi</strong></span> <span class='ocrx_word' id='word_1_293' title='bbox 605 4065 688 4101; x_wconf 80' lang='lat' dir='ltr'><strong>carran</strong></span> <span class='ocrx_word' id='word_1_294' title='bbox 706 4051 763 4097; x_wconf 76' lang='lat' dir='ltr'><strong>etat</strong></span> 
     </span>
     <span class='ocr_line' id='line_1_46' title="bbox 220 4115 762 4184; baseline 0.006 -21"><span class='ocrx_word' id='word_1_295' title='bbox 220 4119 248 4164; x_wconf 88' lang='lat' dir='ltr'><strong>et</strong></span> <span class='ocrx_word' id='word_1_296' title='bbox 271 4115 350 4180; x_wconf 82' lang='lat' dir='ltr'><strong>quasi</strong></span> <span class='ocrx_word' id='word_1_297' title='bbox 373 4119 509 4170; x_wconf 73' lang='lat' dir='ltr'><strong>consistit.</strong></span> <span class='ocrx_word' id='word_1_298' title='bbox 551 4121 613 4172; x_wconf 90' lang='lat' dir='ltr'><strong>Vid.</strong></span> <span class='ocrx_word' id='word_1_299' title='bbox 639 4121 762 4184; x_wconf 82' lang='lat' dir='ltr'><strong>Wytten·</strong></span> 
     </span>
     <span class='ocr_line' id='line_1_47' title="bbox 218 4184 760 4304; baseline 0.007 -71"><span class='ocrx_word' id='word_1_300' title='bbox 218 4184 345 4304; x_wconf 53' lang='lat' dir='ltr'><strong>Ragbium</strong></span> <span class='ocrx_word' id='word_1_301' title='bbox 359 4187 395 4236; x_wconf 87' lang='lat' dir='ltr'><strong><em>ad</em></strong></span> <span class='ocrx_word' id='word_1_302' title='bbox 412 4187 550 4242; x_wconf 78' lang='lat' dir='ltr'><strong>Plutarch.</strong></span> <span class='ocrx_word' id='word_1_303' title='bbox 567 4190 665 4242; x_wconf 85' lang='lat' dir='ltr'><strong>Moral.</strong></span> <span class='ocrx_word' id='word_1_304' title='bbox 679 4189 717 4240; x_wconf 92' lang='lat'><strong><em>11.</em></strong></span> <span class='ocrx_word' id='word_1_305' title='bbox 734 4203 760 4253; x_wconf 89' lang='lat' dir='ltr'><strong><em>p.</em></strong></span> 
     </span>
     <span class='ocr_line' id='line_1_48' title="bbox 221 4257 615 4322; baseline 0.005 -18"><span class='ocrx_word' id='word_1_306' title='bbox 221 4257 253 4306; x_wconf 55' lang='lat'><strong><em>³2</em></strong></span> <span class='ocrx_word' id='word_1_307' title='bbox 290 4271 346 4322; x_wconf 77' lang='lat' dir='ltr'><strong>neq.</strong></span> <span class='ocrx_word' id='word_1_308' title='bbox 612 4267 615 4274; x_wconf 94' lang='grc'><strong>’</strong></span> 
     </span>
    </p>
   </div>
   <div class='ocr_carea' id='block_1_9' title="bbox 815 2296 1353 2582">
    <p class='ocr_par' dir='ltr' id='par_1_10' title="bbox 815 2296 1353 2582">
     <span class='ocr_line' id='line_1_49' title="bbox 847 2296 1353 2373; baseline -0.012 -14"><span class='ocrx_word' id='word_1_309' title='bbox 847 2300 1069 2373; x_wconf 81' lang='grc' dir='ltr'><strong><em>Λακεδαιμόνιοι</em></strong></span> <span class='ocrx_word' id='word_1_310' title='bbox 1080 2300 1111 2356; x_wconf 73' lang='grc' dir='ltr'><strong><em>δέ</em></strong></span> <span class='ocrx_word' id='word_1_311' title='bbox 1121 2300 1157 2358; x_wconf 80' lang='grc' dir='ltr'><strong><em>οδ</em></strong></span> <span class='ocrx_word' id='word_1_312' title='bbox 1167 2321 1223 2364; x_wconf 88' lang='grc' dir='ltr'><strong><em>κως</em></strong></span> <span class='ocrx_word' id='word_1_313' title='bbox 1233 2296 1353 2370; x_wconf 81' lang='grc' dir='ltr'><strong><em>ἤκουον]</em></strong></span> 
     </span>
     <span class='ocr_line' id='line_1_50' title="bbox 815 2367 1352 2439; baseline -0.02 -7"><span class='ocrx_word' id='word_1_314' title='bbox 815 2380 900 2432; x_wconf 83' lang='lat' dir='ltr'><strong>Cobet</strong></span> <span class='ocrx_word' id='word_1_315' title='bbox 920 2380 989 2430; x_wconf 75' lang='lat' dir='ltr'><strong>scite</strong></span> <span class='ocrx_word' id='word_1_316' title='bbox 1003 2378 1129 2428; x_wconf 84' lang='lat' dir='ltr'><strong>amendat</strong></span> <span class='ocrx_word' id='word_1_317' title='bbox 1146 2367 1198 2424; x_wconf 86' lang='grc' dir='ltr'><strong><em>οόκ</em></strong></span> <span class='ocrx_word' id='word_1_318' title='bbox 1214 2367 1352 2439; x_wconf 79' lang='grc' dir='ltr'><strong><em>ἐσήκου-</em></strong></span> 
     </span>
     <span class='ocr_line' id='line_1_51' title="bbox 815 2445 1352 2514; baseline -0.017 -16"><span class='ocrx_word' id='word_1_319' title='bbox 815 2465 869 2512; x_wconf 92' lang='grc' dir='ltr'><strong><em>ον,</em></strong></span> <span class='ocrx_word' id='word_1_320' title='bbox 889 2463 942 2514; x_wconf 86' lang='lat' dir='ltr'><strong><em>quo</em></strong></span> <span class='ocrx_word' id='word_1_321' title='bbox 961 2448 1054 2498; x_wconf 90' lang='lat' dir='ltr'><strong>eodem</strong></span> <span class='ocrx_word' id='word_1_322' title='bbox 1069 2445 1153 2496; x_wconf 87' lang='lat' dir='ltr'><strong>verbo</strong></span> <span class='ocrx_word' id='word_1_323' title='bbox 1170 2445 1270 2495; x_wconf 82' lang='lat' dir='ltr'><strong>Noster</strong></span> <span class='ocrx_word' id='word_1_324' title='bbox 1287 2457 1352 2491; x_wconf 76' lang='lat' dir='ltr'><strong>neno</strong></span> 
     </span>
     <span class='ocr_line' id='line_1_52' title="bbox 815 2513 1352 2582; baseline -0.015 -13"><span class='ocrx_word' id='word_1_325' title='bbox 815 2523 857 2570; x_wconf 70' lang='lat' dir='ltr'><strong>m</strong></span> <span class='ocrx_word' id='word_1_326' title='bbox 879 2518 901 2582; x_wconf 86' lang='lat'><strong><em>1,</em></strong></span> <span class='ocrx_word' id='word_1_327' title='bbox 924 2518 984 2568; x_wconf 78' lang='grc' dir='ltr'><strong><em>ιιι.</em></strong></span> <span class='ocrx_word' id='word_1_328' title='bbox 1004 2516 1052 2578; x_wconf 79' lang='grc' dir='ltr'><strong><em>ιν,</em></strong></span> <span class='ocrx_word' id='word_1_329' title='bbox 1077 2514 1136 2567; x_wconf 81' lang='lat'><strong>133.</strong></span> <span class='ocrx_word' id='word_1_330' title='bbox 1160 2514 1209 2576; x_wconf 89' lang='lat' dir='ltr'><strong><em>v1,</em></strong></span> <span class='ocrx_word' id='word_1_331' title='bbox 1233 2513 1276 2564; x_wconf 84' lang='grc' dir='ltr'><strong><em>εο.</em></strong></span> <span class='ocrx_word' id='word_1_332' title='bbox 1303 2513 1352 2574; x_wconf 83' lang='lat' dir='ltr'><strong>rx,</strong></span> 
     </span>
    </p>
   </div>
   <div class='ocr_carea' id='block_1_10' title="bbox 813 2588 1354 2718">
    <p class='ocr_par' dir='ltr' id='par_1_11' title="bbox 813 2588 1354 2718">
     <span class='ocr_line' id='line_1_53' title="bbox 813 2588 1354 2718; baseline -0.026 -9"><span class='ocrx_word' id='word_1_333' title='bbox 813 2589 840 2640; x_wconf 49' lang='lat'><strong><em>9⁰</em></strong></span> <span class='ocrx_word' id='word_1_334' title='bbox 848 2588 944 2708; x_wconf 65' lang='lat' dir='ltr'><strong>Iiloline</strong></span> <span class='ocrx_word' id='word_1_335' title='bbox 954 2669 1014 2718; x_wconf 86' lang='lat' dir='ltr'><strong>cap.</strong></span> <span class='ocrx_word' id='word_1_336' title='bbox 1029 2652 1185 2718; x_wconf 76' lang='lat' dir='ltr'><strong>ocripsimne</strong></span> <span class='ocrx_word' id='word_1_337' title='bbox 1197 2646 1292 2714; x_wconf 85' lang='grc' dir='ltr'><strong><em>σφέων</em></strong></span> <span class='ocrx_word' id='word_1_338' title='bbox 1303 2640 1354 2698; x_wconf 83' lang='grc' dir='ltr'><strong><em>αό-</em></strong></span> 
     </span>
    </p>
   </div>
   <div class='ocr_carea' id='block_1_11' title="bbox 812 2711 1355 3559">
    <p class='ocr_par' dir='ltr' id='par_1_12' title="bbox 812 2711 1355 3559">
     <span class='ocr_line' id='line_1_54' title="bbox 812 2711 1353 2792; baseline -0.02 -15"><span class='ocrx_word' id='word_1_339' title='bbox 812 2724 878 2777; x_wconf 82' lang='grc' dir='ltr'><strong><em>τών</em></strong></span> <span class='ocrx_word' id='word_1_340' title='bbox 889 2725 947 2792; x_wconf 84' lang='lat' dir='ltr'><strong>(pro</strong></span> <span class='ocrx_word' id='word_1_341' title='bbox 959 2720 1092 2790; x_wconf 60' lang='lat' dir='ltr'><strong>oedtimsv)</strong></span> <span class='ocrx_word' id='word_1_342' title='bbox 1103 2728 1131 2773; x_wconf 92' lang='lat' dir='ltr'><strong>et</strong></span> <span class='ocrx_word' id='word_1_343' title='bbox 1139 2717 1268 2787; x_wconf 86' lang='grc' dir='ltr'><strong><em>μηδεμία</em></strong></span> <span class='ocrx_word' id='word_1_344' title='bbox 1276 2735 1292 2768; x_wconf 91' lang='grc' dir='ltr'><strong><em>ν</em></strong></span> <span class='ocrx_word' id='word_1_345' title='bbox 1302 2711 1353 2768; x_wconf 88' lang='grc' dir='ltr'><strong><em>πό-</em></strong></span> 
     </span>
     <span class='ocr_line' id='line_1_55' title="bbox 812 2790 1355 2862; baseline -0.015 -16"><span class='ocrx_word' id='word_1_346' title='bbox 812 2797 857 2846; x_wconf 88' lang='grc' dir='ltr'><strong><em>λιν</em></strong></span> <span class='ocrx_word' id='word_1_347' title='bbox 874 2811 921 2862; x_wconf 88' lang='lat' dir='ltr'><strong>pro</strong></span> <span class='ocrx_word' id='word_1_348' title='bbox 936 2792 1097 2860; x_wconf 85' lang='grc' dir='ltr'><strong><em>μηδεμιήν,</em></strong></span> <span class='ocrx_word' id='word_1_349' title='bbox 1116 2794 1263 2858; x_wconf 86' lang='lat' dir='ltr'><strong>praeeunte</strong></span> <span class='ocrx_word' id='word_1_350' title='bbox 1277 2790 1355 2840; x_wconf 82' lang='lat' dir='ltr'><strong>Gaia·</strong></span> 
     </span>
     <span class='ocr_line' id='line_1_56' title="bbox 812 2856 1355 2926; baseline -0.02 -8"><span class='ocrx_word' id='word_1_351' title='bbox 812 2865 909 2918; x_wconf 81' lang='lat' dir='ltr'><strong>sordio.</strong></span> <span class='ocrx_word' id='word_1_352' title='bbox 927 2865 980 2916; x_wconf 87' lang='lat' dir='ltr'><strong>Pro</strong></span> <span class='ocrx_word' id='word_1_353' title='bbox 991 2856 1153 2926; x_wconf 80' lang='grc' dir='ltr'><strong><em>ἀπορέοντα</em></strong></span> <span class='ocrx_word' id='word_1_354' title='bbox 1164 2861 1250 2912; x_wconf 87' lang='lat' dir='ltr'><strong>Cobet</strong></span> <span class='ocrx_word' id='word_1_355' title='bbox 1259 2875 1355 2925; x_wconf 87' lang='lat' dir='ltr'><strong>propo·</strong></span> 
     </span>
     <span class='ocr_line' id='line_1_57' title="bbox 812 2928 1354 3002; baseline -0.018 -15"><span class='ocrx_word' id='word_1_356' title='bbox 812 2937 854 2988; x_wconf 90' lang='lat' dir='ltr'><strong><em>nit</em></strong></span> <span class='ocrx_word' id='word_1_357' title='bbox 866 2928 1043 3002; x_wconf 77' lang='grc' dir='ltr'><strong><em>ἀγγελέοντα.</em></strong></span> <span class='ocrx_word' id='word_1_358' title='bbox 1059 2932 1165 2983; x_wconf 88' lang='lat' dir='ltr'><strong>Deinde</strong></span> <span class='ocrx_word' id='word_1_359' title='bbox 1177 2946 1225 2997; x_wconf 87' lang='lat' dir='ltr'><strong>pro</strong></span> <span class='ocrx_word' id='word_1_360' title='bbox 1234 2943 1354 2994; x_wconf 89' lang='grc' dir='ltr'><strong><em>σιναμω-</em></strong></span> 
     </span>
     <span class='ocr_line' id='line_1_58' title="bbox 813 2997 1354 3072; baseline -0.02 -14"><span class='ocrx_word' id='word_1_361' title='bbox 813 3006 887 3072; x_wconf 83' lang='grc' dir='ltr'><strong><em>ρέειν</em></strong></span> <span class='ocrx_word' id='word_1_362' title='bbox 899 3004 1021 3056; x_wconf 87' lang='lat' dir='ltr'><strong>nonnulli</strong></span> <span class='ocrx_word' id='word_1_363' title='bbox 1032 3003 1140 3054; x_wconf 73' lang='lat' dir='ltr'><strong>codices</strong></span> <span class='ocrx_word' id='word_1_364' title='bbox 1154 3015 1237 3065; x_wconf 88' lang='grc' dir='ltr'><strong><em>σιναμ</em></strong></span> <span class='ocrx_word' id='word_1_365' title='bbox 1246 3014 1261 3048; x_wconf 95' lang='grc' dir='ltr'><strong><em>ο</em></strong></span> <span class='ocrx_word' id='word_1_366' title='bbox 1270 2997 1354 3063; x_wconf 85' lang='grc' dir='ltr'><strong><em>ρέειν.</em></strong></span> 
     </span>
     <span class='ocr_line' id='line_1_59' title="bbox 814 3068 1355 3138; baseline -0.02 -10"><span class='ocrx_word' id='word_1_367' title='bbox 814 3077 868 3128; x_wconf 84' lang='lat' dir='ltr'><strong><em>Sed</em></strong></span> <span class='ocrx_word' id='word_1_368' title='bbox 884 3076 940 3127; x_wconf 83' lang='lat' dir='ltr'><strong>vid.</strong></span> <span class='ocrx_word' id='word_1_369' title='bbox 959 3075 1037 3138; x_wconf 87' lang='lat' dir='ltr'>v111,</span> <span class='ocrx_word' id='word_1_370' title='bbox 1056 3074 1098 3125; x_wconf 82' lang='lat'><strong><em>35.</em></strong></span> <span class='ocrx_word' id='word_1_371' title='bbox 1118 3073 1151 3134; x_wconf 88' lang='lat' dir='ltr'><strong><em>V,</em></strong></span> <span class='ocrx_word' id='word_1_372' title='bbox 1170 3071 1215 3122; x_wconf 79' lang='lat'><strong><em>92.</em></strong></span> <span class='ocrx_word' id='word_1_373' title='bbox 1234 3073 1259 3134; x_wconf 72' lang='lat'><strong><em>§-</em></strong></span> <span class='ocrx_word' id='word_1_374' title='bbox 1277 3068 1304 3120; x_wconf 85' lang='lat' dir='ltr'><strong><em>c.</em></strong></span> <span class='ocrx_word' id='word_1_375' title='bbox 1328 3071 1355 3118; x_wconf 91' lang='lat' dir='ltr'><strong>et</strong></span> 
     </span>
     <span class='ocr_line' id='line_1_60' title="bbox 814 3137 1354 3202; baseline -0.02 -4"><span class='ocrx_word' id='word_1_376' title='bbox 814 3147 887 3198; x_wconf 82' lang='lat' dir='ltr'><strong>conf.</strong></span> <span class='ocrx_word' id='word_1_377' title='bbox 917 3143 1017 3198; x_wconf 82' lang='lat' dir='ltr'><strong>Siebel.</strong></span> <span class='ocrx_word' id='word_1_378' title='bbox 1042 3143 1076 3193; x_wconf 91' lang='lat' dir='ltr'><strong><em>ad</em></strong></span> <span class='ocrx_word' id='word_1_379' title='bbox 1103 3144 1223 3192; x_wconf 77' lang='lat' dir='ltr'><strong>Paucae.</strong></span> <span class='ocrx_word' id='word_1_380' title='bbox 1247 3139 1285 3202; x_wconf 87' lang='lat'><strong><em>11,</em></strong></span> <span class='ocrx_word' id='word_1_381' title='bbox 1312 3137 1354 3200; x_wconf 79' lang='lat'><strong><em>32,</em></strong></span> 
     </span>
     <span class='ocr_line' id='line_1_61' title="bbox 814 3209 1355 3278; baseline -0.018 -12"><span class='ocrx_word' id='word_1_382' title='bbox 814 3217 839 3266; x_wconf 85' lang='lat'><strong><em>3.</em></strong></span> <span class='ocrx_word' id='word_1_383' title='bbox 876 3215 946 3266; x_wconf 82' lang='lat' dir='ltr'><strong>Add.</strong></span> <span class='ocrx_word' id='word_1_384' title='bbox 969 3214 1087 3264; x_wconf 70' lang='lat' dir='ltr'><strong>Bredov,</strong></span> <span class='ocrx_word' id='word_1_385' title='bbox 1110 3229 1136 3278; x_wconf 88' lang='lat' dir='ltr'><strong><em>p.</em></strong></span> <span class='ocrx_word' id='word_1_386' title='bbox 1158 3214 1191 3262; x_wconf 78' lang='lat'><strong><em>42</em></strong></span> <span class='ocrx_word' id='word_1_387' title='bbox 1216 3214 1243 3259; x_wconf 85' lang='lat' dir='ltr'><strong>et</strong></span> <span class='ocrx_word' id='word_1_388' title='bbox 1264 3209 1355 3258; x_wconf 86' lang='lat' dir='ltr'><strong><em>anaa</em></strong></span> 
     </span>
     <span class='ocr_line' id='line_1_62' title="bbox 813 3277 1354 3351; baseline -0.018 -17"><span class='ocrx_word' id='word_1_389' title='bbox 813 3286 841 3334; x_wconf 91' lang='lat' dir='ltr'><strong>in</strong></span> <span class='ocrx_word' id='word_1_390' title='bbox 850 3289 1051 3351; x_wconf 74' lang='lat' dir='ltr'><strong>programmate</strong></span> <span class='ocrx_word' id='word_1_391' title='bbox 1062 3281 1200 3334; x_wconf 81' lang='lat' dir='ltr'><strong>Bonnenai</strong></span> <span class='ocrx_word' id='word_1_392' title='bbox 1211 3279 1275 3330; x_wconf 87' lang='lat' dir='ltr'><strong>anni</strong></span> <span class='ocrx_word' id='word_1_393' title='bbox 1289 3277 1354 3327; x_wconf 71' lang='lat'>18:37</span> 
     </span>
     <span class='ocr_line' id='line_1_63' title="bbox 813 3349 1355 3417; baseline -0.024 -12"><span class='ocrx_word' id='word_1_394' title='bbox 813 3354 846 3404; x_wconf 89' lang='lat' dir='ltr'><strong><em>de</em></strong></span> <span class='ocrx_word' id='word_1_395' title='bbox 869 3355 1021 3406; x_wconf 73' lang='lat' dir='ltr'><strong>Homericis</strong></span> <span class='ocrx_word' id='word_1_396' title='bbox 1049 3351 1177 3417; x_wconf 75' lang='lat' dir='ltr'><strong>epithetis</strong></span> <span class='ocrx_word' id='word_1_397' title='bbox 1206 3349 1233 3397; x_wconf 92' lang='lat' dir='ltr'><strong>in</strong></span> <span class='ocrx_word' id='word_1_398' title='bbox 1260 3359 1355 3409; x_wconf 86' lang='grc' dir='ltr'><strong><em>μωρος</em></strong></span> 
     </span>
     <span class='ocr_line' id='line_1_64' title="bbox 813 3415 1354 3477; baseline -0.026 -3"><span class='ocrx_word' id='word_1_399' title='bbox 813 3425 983 3476; x_wconf 73' lang='lat' dir='ltr'><strong>exeuntibus.</strong></span> <span class='ocrx_word' id='word_1_400' title='bbox 1007 3425 1059 3474; x_wconf 86' lang='lat' dir='ltr'><strong>Eat</strong></span> <span class='ocrx_word' id='word_1_401' title='bbox 1078 3437 1155 3472; x_wconf 85' lang='lat' dir='ltr'><strong>vero:</strong></span> <span class='ocrx_word' id='word_1_402' title='bbox 1174 3417 1287 3477; x_wconf 79' lang='lat' dir='ltr'><strong>loedere,</strong></span> <span class='ocrx_word' id='word_1_403' title='bbox 1308 3415 1354 3462; x_wconf 84' lang='lat' dir='ltr'><strong><em>da-</em></strong></span> 
     </span>
     <span class='ocr_line' id='line_1_65' title="bbox 812 3496 1015 3559; baseline -0.01 -15"><span class='ocrx_word' id='word_1_404' title='bbox 812 3511 891 3544; x_wconf 83' lang='grc' dir='ltr'><strong><em>υααικι</em></strong></span> <span class='ocrx_word' id='word_1_405' title='bbox 908 3496 1015 3559; x_wconf 76' lang='lat' dir='ltr'><strong>inferre.</strong></span> 
     </span>
    </p>
   </div>
   <div class='ocr_carea' id='block_1_12' title="bbox 989 3657 1175 3712">
    <p class='ocr_par' dir='ltr' id='par_1_13' title="bbox 989 3657 1175 3712">
     <span class='ocr_line' id='line_1_66' title="bbox 989 3657 1175 3712; baseline -0.027 0"><span class='ocrx_word' id='word_1_406' title='bbox 989 3663 1055 3712; x_wconf 70' lang='lat' dir='ltr'><strong>Cir.</strong></span> <span class='ocrx_word' id='word_1_407' title='bbox 1075 3657 1175 3710; x_wconf 57' lang='lat'><em>011111.</em></span> 
     </span>
    </p>
   </div>
   <div class='ocr_carea' id='block_1_13' title="bbox 811 3751 1357 4318">
    <p class='ocr_par' dir='ltr' id='par_1_14' title="bbox 811 3751 1357 4318">
     <span class='ocr_line' id='line_1_67' title="bbox 847 3751 1355 3826; baseline -0.014 -11"><span class='ocrx_word' id='word_1_408' title='bbox 847 3765 921 3822; x_wconf 87' lang='grc' dir='ltr'><strong><em>τίνες</em></strong></span> <span class='ocrx_word' id='word_1_409' title='bbox 940 3755 1032 3820; x_wconf 84' lang='grc' dir='ltr'><strong><em>έόντες</em></strong></span> <span class='ocrx_word' id='word_1_410' title='bbox 1050 3751 1203 3826; x_wconf 82' lang='grc' dir='ltr'><strong><em>ἀνθρωττοι</em></strong></span> <span class='ocrx_word' id='word_1_411' title='bbox 1216 3757 1355 3810; x_wconf 83' lang='grc' dir='ltr'><strong><em>Λακεδαι-</em></strong></span> 
     </span>
     <span class='ocr_line' id='line_1_68' title="bbox 811 3828 1355 3900; baseline -0.015 -15"><span class='ocrx_word' id='word_1_412' title='bbox 811 3828 906 3900; x_wconf 89' lang='grc' dir='ltr'><strong><em>μόνιοι</em></strong></span> <span class='ocrx_word' id='word_1_413' title='bbox 925 3849 950 3883; x_wconf 87' lang='grc' dir='ltr'><strong><em>κ.</em></strong></span> <span class='ocrx_word' id='word_1_414' title='bbox 968 3849 991 3882; x_wconf 90' lang='grc' dir='ltr'><strong><em>τ.</em></strong></span> <span class='ocrx_word' id='word_1_415' title='bbox 1008 3831 1044 3898; x_wconf 68' lang='lat' dir='ltr'><strong>t]</strong></span> <span class='ocrx_word' id='word_1_416' title='bbox 1064 3833 1106 3884; x_wconf 78' lang='lat' dir='ltr'><strong><em>Ad</em></strong></span> <span class='ocrx_word' id='word_1_417' title='bbox 1123 3847 1201 3882; x_wconf 86' lang='lat' dir='ltr'><strong>usum</strong></span> <span class='ocrx_word' id='word_1_418' title='bbox 1217 3830 1355 3897; x_wconf 78' lang='lat' dir='ltr'><strong>participii</strong></span> 
     </span>
     <span class='ocr_line' id='line_1_69' title="bbox 813 3901 1354 3970; baseline -0.011 -15"><span class='ocrx_word' id='word_1_419' title='bbox 813 3910 840 3955; x_wconf 89' lang='lat' dir='ltr'><strong>et</strong></span> <span class='ocrx_word' id='word_1_420' title='bbox 868 3903 1035 3970; x_wconf 74' lang='lat' dir='ltr'><strong>pronominis</strong></span> <span class='ocrx_word' id='word_1_421' title='bbox 1054 3903 1090 3954; x_wconf 85' lang='grc' dir='ltr'><strong><em>ο1.</em></strong></span> <span class='ocrx_word' id='word_1_422' title='bbox 1109 3902 1209 3953; x_wconf 82' lang='grc' dir='ltr'><strong><em>Μο111ι.</em></strong></span> <span class='ocrx_word' id='word_1_423' title='bbox 1235 3901 1281 3952; x_wconf 82' lang='lat' dir='ltr'><strong>Gr.</strong></span> <span class='ocrx_word' id='word_1_424' title='bbox 1307 3901 1354 3951; x_wconf 83' lang='lat' dir='ltr'><strong>Gr.</strong></span> 
     </span>
     <span class='ocr_line' id='line_1_70' title="bbox 814 3969 1357 4040; baseline -0.015 -14"><span class='ocrx_word' id='word_1_425' title='bbox 814 3977 840 4037; x_wconf 70' lang='lat'><strong><em>§-</em></strong></span> <span class='ocrx_word' id='word_1_426' title='bbox 852 3974 912 4025; x_wconf 80' lang='grc'><strong>5117.</strong></span> <span class='ocrx_word' id='word_1_427' title='bbox 923 3991 948 4040; x_wconf 87' lang='lat' dir='ltr'><strong><em>p.</em></strong></span> <span class='ocrx_word' id='word_1_428' title='bbox 962 3973 1039 4026; x_wconf 79' lang='lat'>1118.</span> <span class='ocrx_word' id='word_1_429' title='bbox 1076 3973 1181 4026; x_wconf 87' lang='lat' dir='ltr'><strong>Similia</strong></span> <span class='ocrx_word' id='word_1_430' title='bbox 1194 3971 1269 4021; x_wconf 83' lang='lat' dir='ltr'><strong>hiare</strong></span> <span class='ocrx_word' id='word_1_431' title='bbox 1279 3969 1357 4034; x_wconf 73' lang='lat' dir='ltr'><strong>plura</strong></span> 
     </span>
     <span class='ocr_line' id='line_1_71' title="bbox 814 4041 1355 4112; baseline -0.015 -18"><span class='ocrx_word' id='word_1_432' title='bbox 814 4059 829 4094; x_wconf 87' lang='lat' dir='ltr'><strong>o</strong></span> <span class='ocrx_word' id='word_1_433' title='bbox 862 4045 976 4112; x_wconf 79' lang='lat' dir='ltr'><strong>tragicis</strong></span> <span class='ocrx_word' id='word_1_434' title='bbox 1008 4045 1098 4111; x_wconf 76' lang='lat' dir='ltr'><strong>poetic</strong></span> <span class='ocrx_word' id='word_1_435' title='bbox 1127 4041 1221 4094; x_wconf 87' lang='lat' dir='ltr'><strong>attulit</strong></span> <span class='ocrx_word' id='word_1_436' title='bbox 1251 4041 1355 4104; x_wconf 76' lang='lat' dir='ltr'><strong>Bergae</strong></span> 
     </span>
     <span class='ocr_line' id='line_1_72' title="bbox 814 4110 1355 4182; baseline -0.015 -18"><span class='ocrx_word' id='word_1_437' title='bbox 814 4114 850 4164; x_wconf 89' lang='lat' dir='ltr'><strong><em>ad</em></strong></span> <span class='ocrx_word' id='word_1_438' title='bbox 871 4114 997 4182; x_wconf 79' lang='lat' dir='ltr'><strong>Aeschyl.</strong></span> <span class='ocrx_word' id='word_1_439' title='bbox 1017 4114 1111 4181; x_wconf 83' lang='lat' dir='ltr'><strong>Suppl.</strong></span> <span class='ocrx_word' id='word_1_440' title='bbox 1130 4113 1192 4164; x_wconf 75' lang='grc'><strong>1127.</strong></span> <span class='ocrx_word' id='word_1_441' title='bbox 1229 4110 1260 4158; x_wconf 89' lang='lat' dir='ltr'><strong><em>ln</em></strong></span> <span class='ocrx_word' id='word_1_442' title='bbox 1278 4123 1355 4172; x_wconf 84' lang='lat' dir='ltr'><strong>aoqq.</strong></span> 
     </span>
     <span class='ocr_line' id='line_1_73' title="bbox 813 4175 1355 4256; baseline -0.013 -21"><span class='ocrx_word' id='word_1_443' title='bbox 813 4185 911 4252; x_wconf 88' lang='lat' dir='ltr'><strong>reliqui</strong></span> <span class='ocrx_word' id='word_1_444' title='bbox 928 4185 1008 4236; x_wconf 85' lang='grc' dir='ltr'><strong><em>πόλει</em></strong></span> <span class='ocrx_word' id='word_1_445' title='bbox 1032 4190 1060 4235; x_wconf 88' lang='lat' dir='ltr'><strong>et</strong></span> <span class='ocrx_word' id='word_1_446' title='bbox 1082 4175 1192 4248; x_wconf 82' lang='grc' dir='ltr'><strong><em>πρήσει,</em></strong></span> <span class='ocrx_word' id='word_1_447' title='bbox 1217 4179 1293 4228; x_wconf 83' lang='lat' dir='ltr'><strong>libris</strong></span> <span class='ocrx_word' id='word_1_448' title='bbox 1315 4178 1355 4256; x_wconf 66' lang='lat' dir='ltr'><strong>cic</strong></span> 
     </span>
     <span class='ocr_line' id='line_1_74' title="bbox 813 4247 1357 4318; baseline -0.018 -12"><span class='ocrx_word' id='word_1_449' title='bbox 813 4257 981 4318; x_wconf 76' lang='lat' dir='ltr'><strong>iubentibua3</strong></span> <span class='ocrx_word' id='word_1_450' title='bbox 1001 4255 1107 4306; x_wconf 84' lang='lat' dir='ltr'><strong>Bekker</strong></span> <span class='ocrx_word' id='word_1_451' title='bbox 1120 4257 1148 4302; x_wconf 86' lang='lat' dir='ltr'><strong>et</strong></span> <span class='ocrx_word' id='word_1_452' title='bbox 1159 4249 1271 4301; x_wconf 81' lang='lat' dir='ltr'><strong>Dictaclr</strong></span> <span class='ocrx_word' id='word_1_453' title='bbox 1291 4247 1357 4297; x_wconf 87' lang='grc' dir='ltr'><strong><em>πολι</em></strong></span> 
     </span>
    </p>
   </div>
   <div class='ocr_carea' id='block_1_14' title="bbox 0 0 1548 4944">
    <p class='ocr_par' dir='ltr' id='par_1_15' title="bbox 0 0 1548 4944">
     <span class='ocr_line' id='line_1_75' title="bbox 0 0 1548 4944; baseline 0 0"><span class='ocrx_word' id='word_1_454' title='bbox 0 0 1548 4944; x_wconf 95' lang='lat' dir='ltr'><strong><em> </em></strong></span> 
     </span>
    </p>
   </div>
  </div>
 </body>
</html>
