3032 4916
260 277 321 343 684
693 275 960 342 HERODOTI

260 453 327 536 νός.
361 457 398 524 ἐν
411 454 474 542 μὲν
488 449 552 542 γὰρ
566 466 651 520 τοῖσι
662 459 845 540 Κυπρίοισι
860 461 1000 541 είρῃται,
1013 446 1057 532 ὦς
1070 465 1217 540 τριταῖος
1230 452 1267 520 ἐκ
1278 451 1401 541 Σιιοίρ-

261 587 318 647 της
335 556 551 646 Ἀλέξανδρος
570 553 708 625 ἀπίκετο
729 558 762 636 ἐς
776 553 813 624 cd
821 553 923 625 Ἴλιον
941 553 1035 644 ἄγων
1056 553 1119 646 τὴν
1127 551 1283 644 Ἑλένην,
1308 553 1407 626 εὐαέι

262 692 297 734 τε
314 661 479 752 πνεύματι
494 659 700 750 χρησάμενος
713 661 769 730 καὶ
783 660 938 752 θαλάσσῃ
951 667 1041 750 λείῃ,
1063 663 1099 732 dv
1114 660 1151 730 dl
1167 657 1282 730 Ἰλιάδι
1297 663 1402 748 λέγει,

261 857 327 930 ἔστι,
346 855 406 915 ἀλλ’
421 855 507 914 ἄλλοι
519 853 609 929 τινός]
627 865 669 914 Ex
681 861 731 913 hoo
743 863 804 914 loco
855 864 955 916 addere
984 863 1088 930 placet,
1124 863 1203 914 nobis
1225 863 1314 914 rideri
1341 879 1403 914 οιιιι

262 937 331 988 satis
357 939 447 1002 patet,
477 933 609 984 Herodoti
634 937 725 983 aetate
750 934 804 984 iam
854 935 989 985 Herodoti
1008 934 1093 984 luisse
1111 934 1287 995 sententiam,
1310 939 1342 984 ut
1360 950 1402 984 se-

262 1007 361 1070 misse,
386 1006 432 1071 qui
454 1006 573 1055 Homero
594 1003 661 1054 haec
683 1004 804 1054 carmina
854 1005 935 1055 rioris
954 1005 1054 1056 aetatis
1079 1008 1177 1069 poetae
1200 1019 1233 1054 ea
1254 1004 1402 1056 tribuenda

262 1092 356 1142 parurn
372 1080 445 1126 recte
457 1075 617 1125 tribuerent.
640 1074 735 1140 prrtc
745 1090 804 1124 eer-
855 1075 920 1125 sint.
940 1075 973 1124 In
988 1073 1111 1125 clausula
1126 1073 1224 1124 addam
1233 1073 1401 1126 Deblmenni

262 1151 337 1207 mina,
351 1151 382 1196 ut
394 1145 444 1196 hoc
459 1149 566 1194 tentum
579 1143 730 1206 afferamus,
746 1159 805 1210 per·
855 1144 983 1194 iudicium
997 1145 1091 1210 ulique
1101 1145 1198 1194 mirum
1206 1145 1325 1210 (Herod.
1336 1161 1401 1211 pag.

262 1223 345 1282 petua
367 1216 445 1281 quasi
474 1215 544 1265 serie
571 1213 696 1278 exposite
719 1215 806 1264 conti·
858 1216 932 1276 lllll:
953 1215 1059 1276 „Wenu
1077 1214 1200 1265 Herodot
1217 1215 1332 1265 manche
1351 1216 1402 1266 Ge-

262 1303 344 1338 uuere
366 1285 430 1336 belli
452 1285 564 1335 Troiani
588 1284 733 1348 primordia
761 1300 806 1335 us·
856 1283 960 1346 dichte‚
985 1283 1029 1334 die
1051 1285 1094 1334 fur
1111 1283 1271 1334 Homeriseh
1295 1285 1402 1350 gulten,

263 1373 314 1423 quc
332 1355 366 1406 sd
385 1354 498 1406 Achillia
521 1356 604 1416 irem,
629 1354 676 1403 ubi
693 1354 805 1405 Homeri
856 1357 915 1405 dem
933 1355 1035 1404 Homer
1053 1354 1186 1419 abspraoh
1205 1355 1247 1416 11,
1268 1355 1328 1407 117.
1352 1355 1401 1416 IV,

262 1427 330 1478 Ilias
346 1425 493 1476 exorditur.
523 1426 614 1488 Quare
632 1423 723 1474 eodem
737 1425 804 1484 iure,
855 1425 902 1486 32,
921 1439 952 1474 so
970 1423 1099 1474 scheineu
1114 1423 1184 1474 doch
1202 1424 1245 1476 die
1257 1424 1402 1476 Ursacben

264 1513 316 1562 quo
326 1495 437 1546 Homeri
451 1495 581 1554 carmina,
594 1493 629 1542 sd
643 1493 748 1558 cyclum
759 1493 804 1559 qui
855 1495 944 1544 dieses
954 1493 1075 1544 Urtheils
1092 1493 1168 1544 nicht
1184 1494 1237 1544 ties
1253 1509 1287 1543 au
1300 1494 1401 1560 Hegea,

264 1567 364 1616 dicitur
374 1567 479 1630 epicum
489 1563 584 1615 reterri
594 1567 731 1628 poterunt.
741 1563 803 1614 Vid.
856 1563 918 1615 falls
941 1563 1032 1627 nicht,
1056 1565 1092 1614 im
1112 1563 1222 1614 Grande
1244 1563 1298 1614 ihm
1318 1566 1402 1615 unbe-

263 1634 443 1686 Henrichsen.
463 1633 481 1684 l.
495 1634 514 1684 1.
534 1649 597 1699 pag.
612 1635 645 1684 27
660 1649 746 1698 seqq,
765 1635 804 1683 in·
855 1637 953 1696 auset,
966 1634 1024 1684 sein
1037 1633 1190 1699 poetiscber
1200 1633 1266 1684 sinn
1278 1634 1323 1684 die
1334 1637 1402 1686 Ent-

262 1705 355 1771 primis
369 1721 397 1770 p.
417 1703 448 1754 31
468 1719 525 1770 seq.
562 1705 605 1754 De
621 1719 674 1768 quo
693 1703 805 1755 istorum
855 1703 1005 1770 scheidung
1023 1704 1134 1770 gelcnkt
1152 1703 1232 1753 betl“

262 1775 410 1827 carminum
428 1778 597 1842 argumento,
615 1773 745 1824 historico
760 1789 806 1838 po·
890 1764 921 1822 ἐν
942 1767 994 1838 μὲν
1018 1767 1069 1838 γὰρ
1089 1776 1163 1823 τοῖσι
1181 1771 1337 1836 Κυπρίοισι
1362 1773 1401 1824 εί-

262 1847 317 1896 tius
336 1861 415 1912 quarn
440 1846 532 1911 spico,
554 1848 586 1894 ut
606 1844 660 1893 iam
678 1845 806 1895 observet
856 1858 938 1909 ρῃιαι
954 1859 979 1892 ιι.
997 1859 1021 1893 τ.
1037 1841 1075 1910 t]
1102 1843 1205 1894 Eadem
1224 1844 1281 1894 fere
1303 1846 1402 1896 scribit

265 1915 425 1966 Aristoteles
445 1914 463 1968 1.
488 1915 506 1964 l.
532 1913 603 1978 (coll.
626 1915 805 1964 Henrichsen.
855 1913 984 1965 Eustath.
1002 1913 1037 1963 ad
1053 1913 1098 1964 Ili.
1110 1914 1159 1964 VI.
1173 1929 1200 1977 p.
1214 1913 1328 1977 touls,
1347 1915 1401 1964 dis

264 2003 290 2052 p.
312 1987 362 2036 lot
380 1985 484 2050 seqq),
507 1984 638 2035 classicus
657 1989 699 2034 est
716 1983 806 2034 Procli
856 1985 975 2035 sentiens
988 1999 1004 2032 a
1018 1983 1116 2034 Proclo
1131 1983 1192 2046 1.1.,
1204 1985 1249 2049 qui
1263 1983 1401 2044 Paridem,

263 2057 354 2116 locus,
374 2071 459 2120 nuper
475 2055 599 2105 detectus
617 2060 699 2120 etque
717 2055 805 2104 editus
855 2057 1019 2119 tempestate
1041 2069 1057 2102 a
1074 2053 1179 2104 Iunone
1196 2055 1335 2117 immissa,
1365 2055 1400 2105 ad

264 2128 307 2176 in:
342 2125 471 2176 Biblioth.
501 2123 527 2176 d.
559 2124 608 2174 alt.
636 2125 751 2174 Literat.
781 2123 804 2173 Ι.
856 2124 983 2175 Sidonem
995 2122 1114 2174 deletum
1126 2139 1186 2174 esse
1198 2123 1345 2190 urbemque
1359 2142 1402 2176 ce-

264 2195 366 2246 Auecd.
385 2211 412 2259 p.
432 2195 475 2245 2³.
495 2196 542 2256 24,
560 2194 693 2258 repetitus
708 2199 735 2242 et
752 2193 806 2242 sin·
856 2195 931 2259 pisse
947 2193 1051 2244 scribit.
1077 2195 1166 2258 Atque
1178 2193 1260 2244 etiam
1273 2196 1402 2260 Heynius

183 2265 192 2284 ⁸
264 2264 352 2330 gnlari
378 2280 444 2314 cure
467 2267 530 2327 post
557 2263 626 2312 alios
652 2261 805 2313 illustratus
857 2263 1401 2332 (Observasubtularibus-seseq.

264 2334 299 2384 ab
326 2334 419 2384 eodem
441 2332 622 2386 Henriobsau.
653 2331 671 2382 l.
695 2332 713 2382 l.
740 2347 804 2397 pag.
857 2339 878 2386 t.
891 2333 937 2400 V.)
956 2335 984 2382 in
996 2333 1130 2384 Herodoti
1148 2333 1207 2384 loco
1223 2339 1310 2384 totam
1326 2335 1401 2386 illam

266 2403 377 2464 18-26,
396 2403 442 2467 qui
460 2402 542 2451 etiam
561 2405 694 2466 quotquot
711 2401 806 2453 horum
858 2397 941 2468 ῥῆσιν
952 2404 1038 2454 serius
1052 2403 1182 2453 insertam
1194 2407 1286 2468 putat,
1299 2406 1402 2472 quippe

264 2473 411 2522 carminum
431 2475 540 2521 exstant
562 2471 729 2536 fragmenta,
753 2471 806 2522 col·
856 2473 980 2524 versibus
998 2489 1031 2524 ex
1049 2472 1172 2538 Odyssea
1195 2475 1402 2540 navigationem

262 2542 330 2608 legit
344 2557 377 2590 ac
391 2541 527 2591 recensuit
542 2556 569 2605 p.
581 2539 615 2591 34
630 2556 705 2607 seqq.
735 2542 805 2592 add.
855 2544 1003 2594 Alexandri
1020 2544 1049 2592 in
1065 2543 1219 2608 Aegyptum
1240 2544 1313 2595 haud
1331 2548 1402 2596 satis

264 2613 297 2662 de
312 2611 418 2676 Cypriis
437 2610 601 2661 carminibus
620 2611 805 2676 disputantem
854 2613 1043 2678 probantibus.
1087 2614 1145 2663 Neo
1173 2612 1252 2664 aliter
1280 2618 1403 2668 sensisse

263 2680 385 2733 Nitnsch.
416 2681 443 2730 in
464 2679 569 2731 Melett.
596 2681 691 2732 fascic.
713 2682 750 2732 11.
775 2699 802 2748 p.
854 2683 963 2734 ridetur
979 2683 1161 2744 Borbeolxius‚
1183 2684 1229 2748 qui
1247 2684 1332 2736 hocce
1357 2703 1402 2738 ca

266 2753 296 2803 15
315 2767 402 2816 seqq,
424 2750 551 2801 Welclrer
567 2751 677 2816 Episch.
692 2751 767 2818 cycl.
780 2753 803 2803 1.
855 2759 904 2819 put
926 2758 1081 2818 suspectum
1106 2758 1211 2815 censet,
1240 2755 1402 2821 refragante

264 2841 289 2889 p.
309 2820 361 2872 300
381 2837 457 2886 seq-q.
482 2821 520 2871 11.
545 2837 572 2886 p.
594 2822 629 2872 85
652 2837 728 2888 seqq.
755 2825 803 2873 127
854 2823 1032 2874 Henricbsen.
1052 2823 1071 2874 l.
1090 2822 1109 2872 l.
1130 2824 1243 2888 peg.5tl
1262 2840 1334 2890 seq.‚
1354 2827 1402 2892 qui

264 2890 803 2958 seqq.504seqq.‚Bode:Geschichted.
856 2893 957 2959 optime
979 2897 1083 2954 monet,
1108 2893 1221 2944 eandem
1246 2898 1401 2959 argumenti

263 2961 369 3014 Hellen.
388 2961 556 3012 Dichtlruust
570 2961 592 3011 1.
607 2977 634 3026 p.
649 2961 700 3013 366
718 2978 804 3029 seqq„
854 2963 1065 3028 discrepantiam
1077 2979 1194 3024 manere,
1205 2964 1264 3014 sive
1277 2966 1402 3018 Herodo-

262 3031 364 3098 unget:
378 3033 485 3097 Kypros
498 3029 600 3096 (Berol.
611 3031 689 3096 1841)
703 3033 725 3083 1.
740 3049 802 3098 pag.
854 3039 898 3084 tus
916 3033 985 3083 haec
1003 3033 1143 3098 scripserit
1162 3034 1221 3084 sire
1236 3034 1309 3086 alins
1327 3037 1402 3100 qnis-

263 3101 411 3166 eouseqq.
423 3100 545 3152 Nitascb.
558 3101 743 3168 Sageupoesie
757 3103 804 3152 der
854 3104 936 3169 piam.
977 3103 1034 3154 Neo
1056 3101 1121 3152 mihi
1139 3103 1197 3154 ulla
1220 3104 1293 3155 iusta
1314 3121 1401 3158 causa

263 3171 371 3222 Griech.
385 3188 412 3236 p.
426 3170 461 3221 48
479 3187 556 3236 seqq.
571 3172 605 3224 99
622 3188 711 3238 seqq..
729 3172 803 3223 Prel-
853 3175 981 3240 apparet,
1010 3189 1058 3223 cur
1084 3173 1182 3236 verbe,
1212 3174 1247 3224 ab
1274 3177 1401 3226 omnibns

262 3241 315 3292 lar:
339 3241 446 3292 Griech.
471 3241 622 3307 Mytholog.
645 3242 683 3292 Il.
706 3258 732 3307 p.
751 3242 803 3292 287
854 3244 937 3294 etiam
954 3241 1031 3293 libris
1049 3243 1240 3308 comprobata,
1260 3247 1354 3311 spuria
1373 3253 1401 3298 et

262 3325 338 3376 seqq.
346 3341 379 3350 -
389 3311 431 3361 De
443 3315 555 3362 auctore
565 3313 712 3362 carminum
718 3313 804 3362 Hero·
855 3313 976 3364 insiticia
995 3312 1118 3364 habeam.

262 3381 320 3430 doti
338 3383 430 3431 aetate
444 3381 498 3430 iam
514 3381 695 3447 disceptatum
708 3381 803 3444 fuisse,
889 3375 967 3432 εὐαίϊ
993 3397 1021 3432 τε
1050 3373 1190 3444 πνεύματι
1221 3377 1401 3449 χρησάμενος

262 3467 295 3501 ex
317 3449 452 3500 hocloco
476 3455 567 3516 petet,
595 3451 719 3515 idemque
741 3451 803 3501 aliis
854 3447 902 3502 καλ
929 3443 1059 3517 θαλάσσῃ
1089 3450 1159 3517 λείῃ]
1190 3455 1208 3504 1.
1235 3469 1259 3505 e.
1287 3457 1400 3506 seeundo

262 3535 370 3587 quoqne
397 3520 532 3570 Athenaei
561 3525 588 3570 et
616 3519 707 3572 Procli
735 3521 803 3572 locis
853 3530 925 3573 uento
942 3537 1002 3572 esus
1025 3527 1052 3571 et
1069 3524 1135 3572 mori
1156 3526 1302 3589 tranqrdllc.
1344 3527 1399 3576 Ee-

262 3590 466 3656 comprobatnr‚
491 3605 558 3656 quos
577 3589 655 3640 affert
673 3591 804 3640 Heuricb-
855 3593 914 3642 dem
925 3592 1127 3642 verbaexstent
1138 3607 1246 3658 quoque
1259 3595 1333 3659 apud
1343 3595 1399 3646 Eu·

262 3676 320 3711 sen.
331 3659 350 3710 l.
358 3659 376 3708 1.
389 3663 440 3724 pl
451 3675 526 3725 seqq.
537 3660 731 3710 accuratiorem
741 3660 804 3710 iude
854 3661 984 3712 ststbium
1002 3661 1021 3712 l.
1040 3660 1074 3723 1.,
1098 3677 1168 3727 qnae
1187 3679 1220 3712 ex
1236 3664 1297 3728 ipso
1313 3669 1398 3730 posta

261 3730 406 3780 instituens
416 3729 632 3794 disquisitionem
641 3729 674 3779 de
683 3745 747 3779 vero
757 3729 804 3780 bo·
855 3731 955 3796 Cyprio
976 3731 1100 3781 desumte
1114 3732 1201 3784 videri
1221 3733 1275 3782 iam
1294 3733 1396 3784 dudum

262 3816 320 3850 rum
341 3800 489 3849 carminum
513 3803 639 3862 auctore,
662 3815 741 3864 quem
756 3799 803 3848 alii
855 3805 995 3851 monuerat
1021 3800 1231 3867 Wesselingius:
1262 3803 1397 3865 „Videtur

262 3869 400 3921 Stesinum
407 3868 534 3934 Cyprium
542 3867 623 3931 (uude
632 3884 738 3933 quoque
746 3885 804 3918 oar·
854 3875 951 3936 poetes
967 3867 1023 3919 τῶν
1036 3870 1176 3932 Κυπρίων
1192 3872 1338 3923 dictionem
1352 3889 1397 3924 ex·

262 3940 363 3988 minum
381 3953 488 4000 nomen,
508 3938 573 3999 uisi,
592 3938 664 4004 quod
682 3938 743 3989 aliis
758 3954 803 3988 ve·
853 3940 995 4005 pressisse.
1030 3940 1209 3991 Notissimum
1232 3947 1274 3991 est
1292 3943 1397 4008 Sopho·

261 4009 318 4058 rius
330 4007 446 4070 ridetur,
459 4007 617 4070 exCpprr‘de,
630 4009 802 4070 tavanera,
853 4010 903 4061 clis
925 4010 991 4060 illud
1012 4009 1128 4062 Philoct.
1148 4010 1199 4061 ⁸22
1223 4009 1285 4074 (828
1303 4013 1396 4079 Br.).“

261 4075 329 4126 illud
346 4076 543 4141 derivandum),
561 4078 729 4143 Hegesinum
746 4077 802 4138 alii,
853 4079 933 4130 Unde
949 4078 1072 4143 Heynius
1093 4079 1112 4130 l.
1130 4079 1149 4130 l.
1165 4080 1313 4132 hexametri
1334 4099 1397 4148 par·

261 4146 409 4196 Homerum
427 4146 487 4208 alii,
514 4146 583 4197 alios
602 4147 648 4197 alii
668 4147 801 4198 ferebant.
854 4154 908 4200 tem
923 4148 1006 4198 eruit:

262 4214 319 4264 Nos
344 4213 392 4264 ills
416 4215 525 4280 quidem
549 4216 622 4266 haud
640 4221 803 4281 repetemus,
889 4245 922 4254 -
948 4212 1095 4280 πνεύματα
1126 4209 1301 4280 χρησάμενος
1333 4218 1397 4288 λείῃ

262 4297 331 4348 quae
355 4285 454 4334 eviris
475 4285 562 4335 doctis
581 4300 663 4350 snpra
684 4285 804 4335 laudatis
1021 4299 1050 4334 ss
1069 4281 1209 4352 θαλάσσῃ.

262 4351 332 4402 banc
345 4353 373 4402 iu
387 4367 442 4404 rem
453 4353 561 4418 prolata
572 4359 648 4414 sunt;
662 4353 714 4405 boe
722 4369 805 4405 uuum
856 4354 946 4420 Atque
958 4355 1172 4406 Friedemanuue
1184 4355 1346 4408 (loramentt.
1368 4358 1398 4412 iu
