3086 4952
641 271 767 334 OLlO.
790 273 816 334 I.
839 280 884 336 9⁵.
1265 273 1326 336 215

189 475 256 518 ναι.
300 443 487 536 Ἀσσυρίων
515 441 686 536 ἀρχόντων
711 451 769 537 τῆς
798 443 868 518 ἄνα
889 442 999 537 Ἀσίης
1027 442 1080 518 ἐπ’
1110 453 1186 518 ἔτεα
1217 456 1325 520 εἴκοσι

189 655 321 706 temesae
341 647 476 698 audirent.
511 649 588 712 Quae
611 662 671 698 cum
690 649 730 699 ita
779 649 927 714 imperasse
951 667 998 718 per
1019 653 1083 704 mille
1105 659 1230 704 trecentos
1246 667 1325 704 aerac-

191 719 255 779 sint,
275 732 334 766 earn
351 715 416 766 viris
440 717 527 768 doctis
552 717 616 768 olim
635 734 730 784 propo·
778 721 849 783 pinea
871 736 959 770 annos.
995 720 1073 774 Ocni.
1101 722 1213 774 Diodor.
1238 722 1322 776 sicul.

191 788 233 837 sui
251 787 444 849 coniecturam,
462 792 493 837 ut
510 787 610 852 Cyrum
624 803 729 838 reuera
781 789 818 851 ΙΙ,
844 788 878 838 28
897 790 943 839 fin.
970 791 1053 842 Vario
1073 794 1153 843 modo
1172 793 1240 844 baec
1262 810 1324 846 cum

189 857 299 910 minime
325 872 386 907 cum
412 858 533 924 Astyage
558 858 731 908 coniunctum
781 858 942 909 Herodoteis
966 859 1153 926 aliquomodo
1177 865 1323 916 conciliare

190 929 310 992 stirpeve
321 927 397 992 regie
415 932 502 978 ortum
515 932 671 992 statuerem,
683 928 731 978 sed
781 931 983 994 temporumque
999 929 1118 980 ordinem
1132 933 1254 984 stabilire
1265 939 1321 986 stu-

188 1013 238 1064 pro
262 1001 373 1061 senape
397 1001 445 1046 eut
467 997 560 1063 regulo
590 997 665 1047 illum
686 997 731 1048 ha·
782 997 898 1046 (luerunt
916 997 968 1046 viri
987 997 1068 1062 docti,
1085 1015 1197 1064 quorum
1216 1010 1323 1056 seuten-

187 1068 294 1130 berem,
319 1067 379 1132 qui,
398 1068 542 1118 Persarum
563 1065 648 1132 (quae
666 1083 732 1133 gens
784 1067 847 1128 ties,
867 1065 994 1116 hocloco
1019 1083 1072 1118 non
1095 1074 1267 1138 repetendas,
1285 1091 1324 1125 re-

186 1137 276 1188 Medis
293 1141 350 1186 tum
375 1143 434 1186 erat
452 1137 585 1202 subiecta)
606 1137 672 1199 dux,
692 1152 732 1187 ee·
784 1135 878 1186 censui
896 1135 924 1184 in
943 1141 1011 1186 nott.
1030 1137 1065 1186 ad
1083 1138 1189 1191 Ctesias
1198 1143 1322 1208 fragrem.

186 1207 291 1258 ditione
310 1211 385 1256 mota
402 1207 431 1256 in
447 1207 543 1260 summi
559 1207 732 1272 regisMedo·
783 1221 847 1271 pag.
866 1204 1025 1257 sle-424.
1058 1208 1175 1269 Quorum
1193 1211 1322 1278 plerique,
1379 1205 1385 1220 ’

186 1295 245 1328 rum
263 1277 353 1326 locum
370 1281 481 1327 evectus
501 1277 592 1340 fuerit,
604 1277 732 1342 Medique
783 1276 808 1325 si
825 1291 871 1326 eos
890 1276 1043 1340 exceperis,
1061 1277 1108 1341 qui
1129 1292 1145 1326 a
1168 1279 1260 1330 Cteeia
1277 1298 1324 1332 an-

185 1348 257 1414 regis
275 1361 381 1396 omnem
400 1350 577 1412 potestatem,
601 1346 730 1412 insignia,
781 1361 877 1396 norum
901 1361 1040 1396 numerum
1066 1347 1191 1398 consulto
1217 1355 1325 1402 auctum

185 1417 241 1468 alia
275 1417 448 1480 assumserit,
483 1421 524 1479 et,
557 1431 610 1482 quo
634 1415 729 1468 melius
782 1431 843 1466 esse
861 1415 955 1479 velint,
974 1415 1143 1466 Herodotum
1158 1418 1192 1468 de
1210 1433 1242 1468 eo
1256 1423 1326 1470 tem-

185 1488 320 1560 ipseipse
338 1487 454 1552 quodam
472 1485 593 1552 legitimo
616 1491 666 1536 aut
685 1486 730 1538 be·
779 1501 846 1550 pore
869 1489 988 1548 tentum,
1010 1502 1058 1551 per
1088 1487 1161 1551 quod
1183 1489 1325 1554 Assyrium

184 1557 314 1608 reditario
335 1557 439 1622 regiam
468 1561 632 1622 potestatem
656 1571 729 1607 exer·
778 1570 892 1620 regnum
914 1555 1059 1621 praecipue
1087 1557 1220 1622 floruerit,
1250 1558 1326 1626 loqui

186 1644 246 1679 cere
263 1627 414 1690 videretur,
439 1627 580 1677 Medorum
603 1627 676 1692 regie
699 1625 728 1676 fi·
778 1625 935 1676 existimant
956 1625 1000 1676 vel
1027 1627 1118 1691 potius
1143 1628 1176 1678 de
1199 1644 1231 1679 eo
1255 1634 1324 1680 tem-

184 1699 248 1749 liam
263 1698 291 1747 iu
306 1697 506 1748 matrimonium
517 1697 633 1747 duxerit.
652 1697 728 1760 Quae
777 1711 856 1815 pore,
879 1711 927 1761 per
956 1696 1029 1760 quod
1057 1701 1176 1760 superior
1201 1699 1269 1749 Asia
1293 1691 1323 1766 (ἡ

186 1784 234 1818 suo
254 1783 367 1818 assensu
386 1767 513 1832 probavit
530 1765 651 1831 Hupield
668 1765 687 1816 l.
707 1765 725 1818 l.
798 1765 848 1830 νω)
864 1765 893 1814 iu
916 1765 1088 1830 Assyriorum
1111 1766 1213 1819 ditione
1239 1769 1322 1820 luerit

184 1855 248 1904 pag.
268 1839 311 1888 sl.
336 1838 394 1888 Nec
410 1852 540 1902 repugno,
558 1837 583 1885 ei
601 1835 661 1900 quis
676 1836 727 1900 Cy·
778 1833 870 1900 (quem
905 1835 1067 1884 seutentiam
1107 1837 1188 1886 etiam
1229 1843 1321 1890 tuetur

184 1925 243 1959 rum
261 1908 360 1958 dixerit
374 1907 539 1958 satellitibus
558 1907 640 1971 regiis
653 1921 729 1969 prae·
780 1904 864 1954 Graff.
884 1903 903 1955 l.
920 1903 937 1954 l.
958 1901 1079 1968 μαρὰ),
1098 1905 1142 1955 rel
1160 1906 1194 1956 de
1211 1923 1242 1958 eo
1256 1914 1321 1958 teur-

185 1981 299 2040 lectnm,
324 1977 370 2042 qui
392 1992 456 2042 rege
484 1975 593 2026 sublato
617 1976 676 2040 ipse
699 1975 728 2024 iu
779 1989 857 2039 pere,
878 1973 950 2040 quod
967 1973 1003 2023 ad
1025 1989 1118 2024 recens
1142 1977 1222 2027 modo
1238 1979 1322 2043 Assy-

185 2049 244 2100 eius
259 2046 348 2097 locum
366 2046 541 2105 successerit;
564 2044 642 2110 quale
663 2044 728 2095 mul·
778 2045 880 2094 riorum
899 2059 1011 2108 regnum
1028 2045 1171 2108 pertineat,
1188 2062 1248 2097 cum
1260 2047 1322 2098 Cte-

185 2119 223 2167 tis
243 2121 307 2181 post
324 2117 400 2166 anuis
418 2116 447 2165 in
469 2115 588 2166 Arabum
605 2131 689 2180 regno
711 2129 728 2164 a
777 2115 835 2164 siae
852 2114 916 2164 anni
936 2114 1065 2164 advetus
1085 2114 1257 2180 Assyriorum
1278 2135 1320 2169 re·

187 2186 285 2237 Tuscis
297 2185 397 2234 lactum
412 2185 644 2250 eeseaccepimus.
663 2185 726 2234 Per·
777 2200 859 2250 gnum
877 2183 932 2232 sint
949 2184 1092 2236 referendi.
1124 2185 1178 2236 Sed
1201 2187 1268 2238 haec
1292 2196 1319 2239 et

188 2272 235 2306 see
252 2255 335 2320 igitur
352 2253 435 2305 multo
448 2260 529 2306 antea
543 2253 613 2305 idem
627 2255 726 2304 iecisse
777 2255 832 2304 eliu
848 2253 988 2315 eiusmodi,
997 2270 1067 2319 quae
1080 2254 1188 2306 silentio
1200 2263 1318 2322 praeter-

187 2323 409 2392 prandiorum,
429 2324 501 2390 qnod
525 2329 586 2390 post
604 2325 727 2374 fecerunt
778 2325 885 2374 mittere
901 2328 1032 2389 praestat,
1047 2324 1114 2375 talia
1132 2331 1203 2390 erint,
1221 2329 1318 2392 quibus

185 2397 299 2446 Turcae.
337 2394 425 2459 Atque
452 2396 506 2444 iam
529 2399 594 2444 ente
616 2395 727 2446 seditio·
777 2409 830 2460 que
849 2395 936 2444 minus
952 2395 1121 2458 assentieris,
1135 2395 1189 2446 alia
1208 2398 1319 2449 obstant

184 2482 244 2516 uem
262 2463 392 2514 adversus
406 2465 555 2530 Astyagem
567 2466 725 2530 motamOy-
777 2464 849 2514 haud
866 2464 984 2526 minore,
1003 2468 1034 2514 ut
1051 2465 1172 2530 pluribus
1196 2467 1253 2517 illic
1276 2485 1320 2519 ex-

183 2552 241 2586 rum
259 2535 350 2585 Persis
371 2535 432 2599 (qui
456 2534 596 2585 Medorum
614 2535 726 2600 imperio
776 2536 865 2600 posui.
885 2536 975 2598 Quare
989 2535 1061 2584 baud
1079 2536 1136 2585 scio
1153 2551 1189 2586 an
1208 2553 1317 2602 operam

182 2605 332 2670 paruerint)
357 2606 504 2668 imperasse
527 2605 624 2656 statuit
642 2605 725 2656 Graff.
776 2605 906 2670 perdant,
932 2605 978 2669 qui
1002 2605 1070 2654 talia
1092 2621 1184 2656 secum
1206 2607 1234 2656 iu
1259 2623 1321 2658 con-

181 2677 209 2726 ia
220 2677 425 2739 Progremmate
436 2673 655 2740 scbolast.,quod
668 2691 727 2740 pro·
776 2675 895 2726 cordiam
912 2675 1035 2740 redigere
1053 2675 1152 2738 velint,
1171 2676 1204 2725 de
1223 2678 1320 2742 quibus

182 2744 372 2796 diitWetalar.
396 2745 470 2795 18:³8.
491 2747 568 2808 Quae
587 2746 677 2795 omnia
694 2761 724 2795 eo
776 2746 843 2795 certi
862 2744 926 2811 quid
944 2745 1001 2794 erui
1020 2760 1100 2810 posse
1118 2745 1241 2810 despero.
1273 2748 1317 2798 Bi-

182 2817 238 2867 lere
257 2814 384 2876 redeunt,
404 2818 435 2864 nt
453 2830 564 2880 regnum
584 2815 725 2866 Medorum
775 2831 827 2865 nae
844 2816 916 2865 enim
933 2815 988 2864 iarn
1007 2815 1159 2880 antiquitus
1178 2817 1318 2867 exstitisse

182 2891 265 2952 etque
280 2886 424 2935 Persarum
441 2900 537 2935 revera
548 2901 631 2936 uuum
643 2885 725 2935 idem·
775 2885 900 2934 videntur
919 2883 1043 2934 diversae
1060 2884 1190 2934 narrandi
1204 2891 1231 2934 et
1248 2901 1319 2935 com·

182 2971 234 3021 que
248 2970 308 3005 esse
320 2961 541 3018 commonstrent,
555 2957 584 3005 in
600 2971 654 3022 que
668 2971 724 3005 mu·
774 2955 889 3020 putandi
911 2954 1044 3017 rationes,
1068 2969 1182 3018 quarum
1204 2953 1317 3004 alteram

182 3031 241 3076 tate
264 3025 392 3090 dynastia
412 3025 493 3076 aliam
511 3027 591 3076 modo
616 3030 723 3090 gentem
775 3025 809 3074 ab
828 3025 895 3090 ipsis
908 3024 1028 3088 Assyriis
1046 3039 1079 3074 ac
1093 3023 1184 3074 Persis
1202 3023 1317 3074 relatam

182 3096 365 3161 principatum
406 3096 556 3146 obtinuisse
591 3095 720 3146 videmus.
774 3095 882 3146 Ctesias
898 3093 980 3143 fuerit
1005 3097 1114 3144 secutus
1138 3098 1166 3143 et
1184 3098 1317 3160 quotquot

183 3165 261 3228 Quod
292 3181 352 3216 cum
385 3165 523 3216 docuisset
551 3165 724 3216 Scbloeserus
775 3164 821 3215 alii
846 3163 992 3228 scriptores
1019 3180 1049 3214 se
1072 3163 1108 3214 ad
1132 3163 1204 3214 huuc
1233 3165 1318 3231 appli-

182 3238 209 3285 iu
227 3235 464 3301 Universalgescb.
489 3235 511 3296 Ι,
536 3235 562 3285 1.
585 3251 648 3300 pag.
672 3235 723 3286 243
775 3235 893 3297 cuerint,
912 3233 1025 3284 alteram
1043 3249 1060 3284 a
1081 3234 1240 3299 Babyloniis
1263 3241 1318 3285 tra·

183 3321 252 3371 seq„
267 3306 375 3356 minime
387 3305 428 3355 illi
438 3305 626 3356 contradicere
643 3305 725 3356 debe·
774 3305 858 3355 ditem
876 3309 903 3354 ct
927 3319 988 3354 cum
1008 3305 1119 3354 Graecis
1138 3307 1318 3355 communica-

182 3377 230 3426 bat
246 3375 288 3425 vir
305 3376 415 3441 quidam
438 3375 535 3426 doctus
558 3375 587 3424 iu
609 3375 723 3426 Hermes
775 3381 830 3424 tam
860 3373 1015 3424 Herodotus
1048 3375 1184 3437 exceperit
1213 3380 1240 3424 et
1271 3375 1317 3439 qui

183 3447 284 3508 XXXI,
305 3445 724 3512 1.pag.esseq.uequoenim
774 3448 851 3509 post,
869 3441 1015 3492 Alexandri
1039 3443 1130 3506 magui
1155 3447 1260 3504 aetate,
1285 3443 1318 3492 de

136 3540 144 3555 ·
182 3517 328 3582 quidquam
353 3517 386 3566 iis
410 3515 529 3566 efficitur
550 3515 631 3577 locis,
656 3531 724 3580 quos
774 3513 816 3563 his
835 3512 1002 3577 scripserint.
1021 3510 1089 3560 Iude
1107 3511 1211 3575 explico
1222 3513 1318 3561 Bercsi

181 3589 210 3636 in
228 3601 304 3636 suam
322 3587 487 3636 senteutiam
505 3585 608 3635 attulit.
773 3597 859 3634 annos
878 3581 929 3632 526
946 3581 1128 3631 enumerantis
1152 3595 1213 3630 cum
1231 3581 1317 3630 Hero-

213 3647 364 3720 Ἀσσυρίων
398 3645 545 3720 ἀρχόντων
576 3651 626 3720 τῆς
662 3644 722 3704 ἅνω
773 3654 838 3702 doto
857 3666 1017 3702 consensum
1037 3651 1176 3714 proboque
1198 3649 1317 3699 Niebuh-

176 3717 268 3790 Ἀσίης
285 3717 331 3774 ἐπ’
350 3718 412 3774 ἔτεα
435 3721 526 3774 εἴκοσι
549 3720 596 3773 eorl
621 3738 722 3773 πεντα-
773 3723 806 3772 rii
824 3722 952 3783 rationes,
968 3720 1065 3784 quibus
1073 3719 1242 3769 Herodotum
1255 3734 1316 3769 nar-

180 3787 272 3860 νόσια]
302 3795 365 3846 Ι)ίοί
393 3796 439 3844 vix
465 3798 570 3860 potest,
605 3799 722 3859 quantas
773 3793 905 3842 rationem
923 3805 999 3840 suern
1018 3790 1052 3839 de
1068 3789 1109 3837 bis
1120 3788 1260 3854 Babylone
1271 3803 1315 3840 ac-

181 3866 276 3916 turbas
309 3863 353 3914 hie
382 3865 458 3916 locus
485 3866 520 3915 ils
552 3865 721 3927 excitaverit,
773 3862 878 3927 cepisse
896 3857 1196 3926 statuat(vid.Annall.
1217 3859 1312 3911 societ.

181 3936 227 4002 qui
249 3949 392 4000 regnorum
415 3935 497 3986 Asiae
522 3934 722 4000 antiquissimo·
773 3949 829 3999 reg.
858 3930 1025 3982 Berolinens.
1056 3945 1101 3979 an.
1129 3929 1206 3982 1820.
1235 3929 1311 3982 1821.

181 4021 239 4056 rum
253 4010 376 4070 tempora
389 4005 543 4056 accuratius
556 4004 666 4055 delinire
678 4020 722 4054 co·
773 4018 837 4068 pag.
856 4001 911 4067 48).
938 4001 992 4052 Sed
1016 4015 1076 4051 eum
1099 3999 1187 4065 ipsum
1211 4000 1315 4052 dissen-

181 4075 240 4126 uati
255 4079 329 4126 sunt.
348 4075 464 4126 Multum
482 4075 553 4126 enim
570 4074 604 4124 ab
624 4089 656 4124 eo
675 4089 722 4124 nu·
773 4089 832 4124 sum
850 4072 897 4138 qui
915 4085 1073 4136 componere
1090 4071 1186 4136 possit,
1201 4071 1248 4121 vix
1266 4087 1315 4122 uu-

181 4161 264 4208 mero,
285 4161 364 4212 quem
382 4145 555 4211 Assyriorum
572 4159 655 4210 reguo
669 4145 722 4195 No·
773 4159 854 4209 quam
871 4147 1006 4206 repertum
1029 4142 1063 4190 iri
1085 4155 1243 4206 persuasum
1268 4142 1315 4192 be-

182 4221 238 4268 ster
254 4215 400 4278 adscribit,
417 4215 462 4266 ille
481 4214 584 4278 differt,
609 4229 723 4279 quemn
773 4213 947 4278 beatisque
972 4211 1118 4278 quidquem
1141 4212 1176 4262 ad
1199 4227 1232 4261 ea
1254 4211 1313 4260 illu-

182 4286 275 4336 Otesia
308 4286 442 4350 proditum
475 4285 566 4352 plnres
596 4283 722 4349 deinceps
773 4283 885 4333 stranda
898 4297 930 4332 ex
947 4281 1124 4332 orientalibus
1136 4279 1313 4346 scriptoribus

181 4357 356 4423 repetierunt,
374 4355 502 4422 Assyrios
521 4353 627 4406 scilicet
640 4353 724 4405 Asiae
772 4352 950 4416 lucrabimur,
969 4353 1016 4418 qui
1038 4367 1119 4418 quam
1143 4349 1320 4416 negligenter
