3064 4940
266 179 324 242 146
695 197 986 312 ΗΕΒΟΒΟΤΙ.

339 339 501 430 Ἀρκαδίην
518 347 552 434 μ’
573 358 679 436 αἰτεῖς;
701 363 776 446 μίγα
794 362 826 447 μ’
850 373 954 450 αἰτεῖς·
976 370 1013 438 οδ
1032 403 1078 442 τοι
1101 381 1194 451 δώσω.

341 451 445 512 πολλοὶ
467 451 500 514 ἔν
518 448 661 548 Ἀρκαδίῃ
679 465 891 554 βαλανηφάγοι
912 470 1020 562 ἄνδρες
1041 481 1140 566 ἔασιν,

340 550 375 609 οἴ
391 545 420 612 σ’
443 547 700 626 δποκωλδσοοσιν.
724 561 782 650 lyei
804 573 837 636 δέ
856 599 901 639 τοι
923 573 961 641 οδ
979 606 1007 642 τι
1027 593 1185 680 μεγαίρω·Ι

338 647 423 715 διδσω
444 680 490 719 τοι
508 662 619 744 Τεγέην
639 673 835 755 ποσσίκροτον
856 671 1061 768 ὀρχήσασθαι,

336 753 387 815 καί
405 751 499 822 καλὸν
521 767 625 829 πεδίον
644 776 753 860 σχοίνῳ
773 776 1035 865 διαμετρήσασθαι.

194 921 197 927 ·
255 899 365 964 Ταῦτα
379 891 425 978 ὥς
438 897 682 996 ἀπενειχθέντα
703 912 855 1005 ἥκουσαν
869 932 904 996 οἱ
915 936 1190 1026 Λακεδαιμόνιοι,
1213 940 1379 1030 Ἀρκάδων

249 996 311 1086 μὲν
331 1005 400 1070 τῶν
419 1000 533 1078 ἄλλων
551 1009 743 1105 ἀπείχοντο·
772 1030 807 1094 ol
825 1027 880 1114 et,
904 1037 1007 1116 πέδας
1027 1039 1223 1133 φερόμενοι,
1245 1049 1299 1114 ἐπὶ
1320 1055 1374 1116 Τε-

248 1101 367 1192 γεήτας
388 1109 642 1208 ἐστρατεύοντο,
663 1134 799 1222 χρησμῷ
818 1135 966 1230 κιβδήλῳ
986 1149 1139 1231 πίσυνοι,
1160 1142 1208 1226 ’ὠς
1228 1147 1269 1238 δή
1284 1152 1374 1232 ἐξαν-

248 1209 531 1304 δραποδιούμενοι
553 1221 630 1304 τούς
655 1229 825 1318 Τεγεήτας.
853 1239 1057 1324 ἑσσωθέντες
1088 1246 1126 1314 δὲ
1147 1255 1187 1340 σή
1215 1262 1376 1344 συμβολή,

247 1306 319 1382 ὅσοι
332 1311 446 1387 αὐτῶν
460 1324 715 1416 ἐζωγρήθησαν,
737 1337 839 1415 πέδας
852 1365 888 1406 τε
902 1347 1048 1433 ἔχοντες,
1070 1345 1303 1444 reuomente
1317 1358 1375 1428 αὐ-

278 1527 377 1581 nollet
395 1523 425 1583 ἐν
440 1526 570 1610 Ἀρκαδιή
588 1541 786 1616 βαλανηφάγοι
837 1555 905 1608 adeo
925 1565 955 1610 ut
974 1562 1150 1622 interminas
1166 1577 1221 1624 tres
1241 1577 1304 1641 viui,
1324 1580 1379 1644 qui·

243 1589 356 1668 ἄνδρες]
369 1599 566 1678 βαλανηφάγοι
576 1622 648 1682 eunt,
661 1623 704 1685 qni
712 1624 786 1688 plan·
837 1626 887 1679 bne
905 1645 1003 1684 nomen
1015 1637 1120 1705 Hagios
1139 1644 1243 1709 Sestio,
1262 1647 1378 1698 leralrim

244 1673 316 1725 δέδαε
339 1685 480 1732 vescuntur.
517 1685 587 1738 Nam
612 1697 676 1742 anta
694 1692 787 1746 invan-
837 1699 952 1767 Ellendt
966 1706 1047 1774 Pieli,
1058 1725 1130 1763 nuno
1141 1719 1318 1782 reperiantur,
1338 1735 1378 1769 ac-

243 1749 299 1796 tam
322 1744 427 1812 frugem
450 1754 540 1819 priseo
567 1774 635 1812 aevo
664 1762 786 1816 homines
838 1779 931 1823 curate
959 1779 1071 1832 tradunt
1098 1784 1203 1837 Leuke:
1233 1789 1326 1840 Moron
1354 1791 1375 1839 I.

242 1815 387 1882 glandibus
404 1825 483 1886 pania
501 1827 562 1881 loeo
577 1831 662 1884 vitam
682 1842 787 1888 euston-
837 1857 864 1908 p.
877 1843 912 1895 90
924 1861 1000 1914 aeqq.
1012 1851 1050 1902 11.
1062 1869 1089 1919 p.
1105 1855 1148 1907 48.
1167 1859 1200 1908 L.
1218 1859 1299 1910 Rosa:
1319 1862 1377 1911 Rer-

241 1893 315 1938 tasee
330 1891 443 1957 antiqua
458 1897 512 1949 sort
530 1901 615 1966 lama;
635 1907 705 1958 unde
722 1925 786 1976 quo·
837 1929 886 1964 aen
906 1916 942 1967 im
960 1921 1109 1987 Peloponn.
1126 1927 1150 1978 1.
1169 1943 1232 1994 pag.
1251 1931 1294 1981 uu.
1313 1931 1376 1980 (lur-

241 1972 292 2020 que
310 1959 370 2022 ipsu
388 1977 518 2032 quercus,
538 1987 608 2038 qnae
620 1977 722 2029 victum
741 1997 786 2030 ne·
836 1985 905 2036 tius:
919 1988 1373 2076 Derl'eloponnes'.1.p.251seqq.

239 2027 387 2077 caesarium
405 2038 575 2104 suppeditat,
595 2043 623 2092 ln
641 2051 727 2097 enoria
744 2066 785 2100 ar·
870 2049 901 2104 ol
916 2051 961 2121 δὲ,
980 2056 1068 2120 πέδας
1086 2081 1240 2132 φερομενοι
1258 2085 1283 2120 κ.
1295 2085 1317 2118 τ.
1337 2070 1372 2134 4.]

238 2091 348 2142 boribus
374 2104 415 2148 eat
440 2102 548 2170 habita,
580 2113 679 2178 qnippe
701 2117 782 2167 altrix
833 2123 875 2172 Ad
887 2131 1092 2188 grammaticam
1104 2135 1158 2186 loei
1169 2143 1334 2189 structuram
1348 2141 1373 2188 iel

237 2175 269 2207 ao
292 2163 383 2211 nutrix
407 2173 485 2231 quasi
506 2175 642 2230 hominurn
665 2183 781 2235 infirmo·
832 2193 989 2258 tenendum,
1017 2203 1082 2262 poni
1108 2204 1153 2252 hio
1175 2201 1206 2253 οί
1228 2205 1272 2270 δὲ,
1303 2210 1373 2272 quod

235 2242 294 2276 rum
308 2231 481 2302 radiumque,
509 2247 595 2294 omnia
614 2252 720 2311 generis
740 2255 779 2302 in·
830 2272 883 2306 non
902 2259 983 2310 aliam
1002 2267 1036 2314 ad
1051 2283 1208 2332 personam,
1232 2280 1263 2322 ut
1280 2277 1371 2340 vulgo,

235 2298 297 2360 opit
316 2297 507 2372 laborantIum.
534 2312 777 2371 Hincvooabnlum
828 2325 865 2372 ait
882 2327 1065 2393 referendum,
1085 2338 1133 2385 aed
1150 2339 1185 2386 ad
1203 2340 1276 2402 ipsos
1287 2344 1369 2392 Lace-

232 2361 430 2433 βαλανηφαγοι
457 2376 492 2425 οδ
514 2381 656 2446 antiquum
679 2401 775 2437 aevum
827 2391 993 2445 daemonius.
1030 2399 1083 2448 Ubi
1101 2403 1173 2452 enim
1189 2397 1258 2453 ἀλλὰ
1275 2423 1367 2471 exepe-

232 2432 312 2483 debet
344 2437 438 2489 reterri
466 2445 626 2514 priscosque
654 2453 774 2506 hemines
826 2460 935 2522 clabos,
954 2465 1064 2525 ponitur
1073 2483 1220 2532 pronomen
1232 2488 1291 2522 cum
1303 2492 1365 2538 par-

230 2503 324 2566 rudos,
345 2507 391 2569 qui
407 2511 488 2572 pn'mi
506 2518 623 2568 omnium
643 2521 773 2574 Graeciae
824 2525 960 2578 tleuleee.
991 2533 1068 2593 Quod
1084 2537 1386 2603 irequenalleredoto.

229 2573 374 2623 Arcadiam
387 2580 523 2632 tenuerint
541 2585 632 2650 ibique
649 2603 772 2650 perman·
823 2609 883 2643 ease
907 2597 985 2647 multi
1004 2605 1149 2657 ostendunt
1170 2609 1223 2661 loci
1245 2628 1262 2662 a
1279 2615 1364 2666 Kr'ue·

228 2640 323 2692 aerInt.
366 2643 413 2693 Or.
438 2653 544 2702 confert
566 2654 717 2719 Boettiger.
741 2660 769 2708 in
821 2677 884 2726 gero
909 2672 1033 2733 congesti
1056 2675 1083 2724 in
1102 2677 1264 2734 Commeutt.
1288 2690 1362 2739 eritt.

228 2708 300 2758 loliis
318 2709 385 2774 illie,
414 2717 510 2780 quibua
531 2721 606 2770 Iovia
633 2724 768 2786 Mytholo-
821 2729 854 2780 tle
872 2732 1024 2802 Thucydid.
1037 2757 1063 2806 p.
1079 2747 1129 2796 264
1144 2750 1193 2814 (ad
1212 2752 1280 2806 eale.
1295 2758 1360 2808 edit.

226 2778 297 2842 giem
316 2789 474 2845 persecutus
493 2793 546 2849 eet,
565 2805 629 2854 pag.
649 2793 682 2841 62
699 2794 765 2862 ibiq.
819 2799 961 2868 Diouya),
985 2823 1012 2860 ν.
1038 2828 1060 2864 e.
1080 2815 1107 2878 I,
1130 2818 1188 2872 107,
1213 2823 1271 2875 123,
1301 2829 1360 2882 1153.

225 2847 364 2899 laudatum
383 2851 493 2905 eomer.
517 2856 551 2906 ad
570 2859 711 2911 Claudiae.
737 2881 764 2930 p.
818 2869 850 2930 V,
871 2872 930 2936 1²0,
949 2878 995 2928 ubi
1012 2881 1195 2940 aliosaimilea
1212 2893 1306 2946 Nostri
1323 2899 1362 2948 lo-

224 2919 284 2968 578.
322 2920 363 2968 'Iu
388 2921 450 2970 add.
469 2923 608 2978 Plutarch.
634 2929 690 2983 vit.
715 2934 766 2986 Co·
817 2955 864 2990 eoa
882 2943 1077 3016 indicavimus,
1101 2963 1128 3007 et
1147 2959 1227 3026 VIII,
1248 2966 1308 3018 115.
1325 3000 1360 3008 -

222 2987 319 3036 riolen.
339 3003 397 3052 cap.
411 2991 436 3039 3.
457 2991 547 3043 Nouni
559 2991 675 3064 Dionys.
685 3003 763 3070 XIII,
816 3009 951 3078 Suscepto
969 3019 1021 3070 luit
1045 3023 1113 3076 haee
1134 3033 1271 3095 expeditio
1295 3053 1360 3105 rege

221 3055 281 3104 230,
815 3079 933 3135 Oharillo
945 3103 1356 3164 neuveropruaperoeueeeeen.

255 3121 445 3185 ποσσίκροτον
472 3119 664 3202 ὀρχήσασθαι]
690 3143 762 3204 „Ra-
812 3150 871 3201 Rex
882 3155 952 3207 euim
964 3159 1022 3224 ipae
1036 3164 1113 3217 elada
1125 3179 1239 3236 accepta
1250 3183 1357 3243 eaptus,

219 3191 274 3239 rina
286 3191 449 3245 vocabulum
459 3200 761 3268 uooor‘aeotovcureti-
811 3219 934 3289 plerique
946 3229 1142 3295 Spartanorum
1160 3243 1203 3292 vel
1221 3249 1295 3310 eapti
1313 3249 1357 3300 vel

218 3260 268 3308 bue
280 3259 445 3358 tribreiturin
453 3267 561 3334 Orphie.
571 3273 760 3340 hymmxXXI
811 3290 874 3342 fusi.
906 3295 1091 3357 Interfuerant
1107 3314 1248 3364 certamini
1260 3317 1302 3367 vel
1317 3321 1355 3370 se·

685 3369 759 3404 ,κα-
810 3362 899 3415 minae
927 3368 1122 3440 Tegeatarum
1153 3383 1229 3436 uulua
1256 3389 1295 3436 rei
1325 3389 1353 3437 in

483 3410 504 3457 ri
517 3411 687 3470 fertilitatem
699 3439 758 3488 spe·
809 3437 964 3488 memoriam
982 3443 1079 3496 Martia
1097 3455 1191 3502 statue
1208 3455 1235 3503 in
1250 3456 1353 3521 Tegea-

215 3469 290 3515 etare
302 3469 661 3539 observatGuil.Konerin:
680 3492 757 3544 Com·
808 3505 897 3554 tarum
921 3508 980 3560 loro
997 3521 1097 3568 erecta.
1134 3521 1217 3573 Plura
1231 3525 1351 3578 Pauaan.

213 3540 308 3587 mentt.
316 3539 350 3590 de
360 3544 569 3615 rebb.Tegeatt.
581 3571 657 3623 capp.
665 3563 758 3624 priora
808 3572 911 3627 Lacon.
929 3578 980 3642 111,
1001 3585 1025 3634 7.
1049 3587 1148 3643 Aroad.
1169 3592 1245 3656 VIII,
1262 3597 1287 3646 5.
1305 3597 1349 3660 48,

212 3601 434 3682 (Berelin.1843)
447 3633 473 3682 p.
486 3620 537 3685 12„
557 3625 603 3675 ubi
614 3635 756 3692 poetarum
808 3657 922 3706 quonum
936 3651 1147 3720 eonl.Polyaen.
1161 3661 1349 3730 Strateg.1,8.

211 3673 361 3729 afferuntur
391 3684 459 3748 loci,
489 3690 518 3740 in
543 3696 641 3758 quibus
663 3701 756 3768 Tegea
840 3716 958 3785 χρησμῷ
974 3720 1142 3795 κιβδήλῳ]
1157 3730 1293 3800 κίβδηλος
1306 3753 1350 3788 εο-

211 3745 384 3806 praedicatur
416 3746 553 3836 εὔμηλος,
586 3758 752 3836 εδρδχορος.
790 3779 865 3831 ·tlem
889 3799 970 3839 sensu
989 3791 1022 3841 de
1045 3799 1154 3849 oraculo
1178 3806 1292 3869 ancipiti
1315 3825 1348 3858 ao

210 3813 329 3865 Verbum
346 3815 604 3898 διαμετρησασθαι,
626 3849 753 3894 monente
804 3851 897 3903 salluui
919 3857 956 3920 V,
975 3861 1018 3911 91.
1062 3867 1150 3934 Vulgo
1181 3887 1213 3923 ae
1238 3881 1347 3942 proprie

210 3881 240 3931 O.
262 3883 295 3934 O.
314 3885 437 3942 Mueller.
465 3897 532 3951 Dor.
551 3903 574 3954 Ι.
593 3921 620 3970 p.
639 3909 698 3974 152,
717 3914 752 3963 ad
802 3919 835 3970 de
852 3926 940 3976 numia
959 3929 1058 3983 dieitur
1075 3937 1247 4005 adulterinim
1270 3949 1344 4000 conl.

210 3955 312 4002 etatum
335 3962 362 4007 et
384 3963 567 4022 uenditionem
584 3974 701 4031 Helotae
727 3999 748 4033 e.
801 3990 1158 4073 Arietoplr.Av.158ibiq.
1178 4012 1268 4066 Schol.

207 4019 356 4086 κληρωσοδ
366 4037 483 4098 spectat,
494 4041 541 4102 qui
553 4052 654 4097 certam
667 4066 750 4115 quan·
835 4049 898 4111 ὅσοι
915 4056 1010 4119 αὐτῶν
1026 4063 1236 4149 ἐζωγρήθησαν]
1253 4085 1342 4152 Vulgo

208 4089 270 4140 dam
287 4095 346 4158 agri
367 4103 517 4160 portionem
540 4113 659 4178 accipiat
683 4123 750 4171 esai·
798 4119 920 4196 αὐτέων,
941 4139 1017 4190 euius
1035 4141 1095 4195 loeo
1113 4161 1173 4199 eum
1186 4151 1340 4208 Gaiefordio

206 4165 333 4226 gnatam,
353 4181 433 4232 quam
450 4176 531 4226 colat.
566 4181 608 4232 De
624 4185 684 4250 ipso
701 4190 748 4241 Te·
798 4203 966 4262 reposuimus
984 4201 1091 4276 αὐτῶν,
1109 4216 1246 4286 plerisque
1263 4223 1339 4276 libris

201 4238 335 4296 peritarum
351 4249 418 4302 egro
435 4248 462 4294 et
476 4246 610 4302 urbelute
625 4260 746 4324 patente,
796 4267 1037 4336 adstipulantibus.
1071 4283 1150 4337 conf.
1178 4291 1208 4352 1,
1234 4293 1277 4345 2⁰.
1304 4327 1337 4336 ..,
