3088 4922
235 275 297 338 528
668 279 936 341 ΗΕΒΟΒΟΤΙ

231 455 361 536 οἰδασι,
388 447 521 542 ούδαμή
543 451 721 539 Αἰγύπτου
744 451 941 543 ἐδυνάσθην
966 451 1119 525 ἀκοῦσαι.
1155 455 1211 523 καί
1230 451 1298 543 μήν
1319 449 1369 523 ότι

231 581 271 641 γε
290 553 332 625 ού
354 551 435 646 παρ’
458 551 628 646 Ἑλλήνων
655 563 777 646 ἔλαβον
805 555 842 627 τό
869 555 997 649 οὕνομα
1020 563 1082 628 τοῦ
1103 553 1282 648 Ἡρακλέος
1304 563 1367 627 Αἰ·
1446 629 1457 646 ,

231 657 383 746 γύπτιοι,
408 657 493 729 ἀλλὰ
505 656 665 750 Ἕλληνες
684 666 812 750 μᾶλλον
832 658 913 752 παρ’
936 670 1150 751 Αἰγυπτίων,
1176 663 1233 731 καί
1251 657 1367 750 Ἐλλή-

230 789 303 833 νων
326 753 418 834 οὗτοι
440 767 475 832 οἰ
490 767 630 855 θέμενοι
654 769 702 858 τῷ
724 761 973 854 Ἀμφιτρύωνος
997 765 1086 861 γόνῳ
1104 762 1253 855 τοῦνομα
1267 761 1367 854 Ἡρα-

231 870 329 954 κλέα,
354 866 461 938 πολλοὶ
486 896 542 956 μοι
566 870 623 938 καὶ
650 866 735 938 ἄλλα
755 868 916 960 τεκμήριά
935 874 1003 941 ἐστι
1025 876 1124 940 τοῦτο
1151 867 1239 939 οὕτω
1267 875 1367 958 ἔχειν,

232 966 271 1040 ἐν
287 971 325 1042 δὲ
344 973 400 1040 καὶ
418 971 510 1058 τόδε,
531 969 582 1044 ὅτι
600 1000 636 1042 τε
657 977 717 1042 τοῦ
731 967 909 1062 Ἡρακλέος
932 974 1051 1046 τούτου
1075 979 1110 1046 οἰ
1121 977 1236 1060 γονέες
1257 971 1366 1062 ἀμφό-

119 1071 134 1091 “
231 1101 321 1166 τεροι
344 1066 448 1165 ἦσαν,
470 1072 687 1168 Ἀμφιτρύων
708 1077 764 1146 καί
785 1073 968 1168 Ἀλκμήνη,
997 1078 1173 1168 γεγονότες
1190 1075 1227 1146 τὸ
1245 1073 1366 1147 ἀνέκα-

231 1190 297 1250 θεν
323 1175 382 1249 ἄπ’
406 1178 603 1267 Αἰγύπτου,
632 1181 689 1250 καί
717 1177 805 1250 διότι
827 1180 1008 1268 Αἰγύπτιοι
1031 1179 1110 1253 οὔτε
1135 1183 1368 1260 Ποσειδέωνος

231 1280 310 1352 ούτε
332 1283 553 1374 Διοσκούρων
572 1282 613 1353 eei
639 1281 809 1372 οὐνόματά
826 1306 908 1373 φασι
934 1291 1078 1372 εἰδέναι,
1103 1281 1186 1356 olel
1209 1304 1270 1373 σφι
1292 1285 1368 1358 caol

232 1377 325 1457 οὗτοι
348 1384 386 1458 ἐν
409 1405 494 1459 τοῖσι
522 1385 652 1458 ἄλλοισι
676 1399 787 1458 θεοῖσι
815 1383 1067 1480 ἀποδεδέχαται.
1116 1389 1172 1458 καί
1194 1386 1262 1478 μήν
1281 1397 1315 1457 εἰ
1330 1415 1369 1474 γε

232 1488 313 1584 παρ’
328 1487 499 1582 Ἐλλήνων
513 1499 634 1580 ἔλαβον
648 1488 777 1581 οὔνομά
792 1519 852 1561 τευ
871 1498 1046 1584 δαίμονος,
1068 1493 1200 1562 τούτων
1213 1488 1275 1562 ούκ
1293 1487 1368 1581 ήκι-

232 1616 293 1664 στα
317 1592 402 1665 ἀλλὰ
419 1595 561 1685 μάλιστα
574 1602 714 1685 ἔμελλον
729 1595 864 1686 μνήμην
879 1599 985 1685 ἕξειν,
1006 1608 1102 1689 εἰπερ
1116 1597 1173 1665 καὶ
1194 1595 1267 1666 τότε
1285 1623 1368 1666 ναυ-

233 1787 294 1822 ease
317 1771 517 1838 exspectanda,
541 1788 574 1823 ex
591 1772 665 1823 notis
689 1772 777 1823 hiero·
827 1777 891 1824 ante
913 1789 975 1824 cum
997 1774 1094 1824 iisdem
1117 1771 1250 1823 edidimus
1271 1762 1303 1821 τὸ
1321 1760 1369 1820 ού-

232 1842 366 1909 glyphrers
377 1843 548 1909 potissimum
562 1843 658 1904 ducta,
678 1843 775 1908 quibus
828 1857 902 1908 νομα
918 1859 967 1909 pro
986 1834 1126 1924 τούνομαι
1151 1843 1224 1908 quod
1243 1857 1308 1894 vero
1326 1841 1370 1891 de

232 1913 299 1964 haec
315 1917 374 1963 totu
394 1928 438 1963 res
461 1912 606 1963 clariore
597 1928 627 1962 ru
645 1911 705 1963 luce
722 1912 776 1964 col·
826 1913 891 1964 inde
908 1914 1028 1964 occurrit
1049 1903 1178 1977 τοῦνομα
1200 1904 1370 1977 (Ηρακλέα),

232 1983 345 2034 locetur.
372 1983 433 2033 Hoc
450 1997 515 2033 vero
529 1982 580 2034 hoc
599 1998 632 2032 ex
649 1982 776 2034 locoHe-
826 1983 978 2034 Florentini
995 1984 1055 2035 eod.
1075 1983 1241 2033 auctoritate
1259 1981 1369 2042 nititnr3

232 2054 322 2104 rodoti
351 2057 505 2116 teneamus,
543 2053 675 2117 distingui
705 2053 776 2102 inter
826 2053 900 2118 vulg
921 2043 1046 2119 οὕνομα,
1065 2052 1236 2118 quodBekk.
1250 2066 1310 2101 curn
1329 2065 1371 2100 re-

232 2123 376 2174 Herculem
401 2123 496 2184 deum,
521 2121 627 2188 qualern
646 2121 775 2188 Aegyptii
826 2127 911 2174 centt.
930 2123 991 2174 edd.
1011 2122 1161 2174 revocavit.
1198 2121 1241 2172 01.
1251 2121 1370 2172 Bredov.

232 2193 386 2255 habuerint,
406 2198 434 2242 et
452 2159 522 2241 int’er
537 2190 681 2242 Herculem
693 2192 777 2243 Grae·
827 2209 853 2258 p.
871 2193 984 2245 201.-
1005 2193 1048 2244 Ad
1065 2183 1221 2255 ἀνέκαθεν,
1246 2191 1319 2258 quod
1337 2189 1371 2240 de

233 2277 339 2324 corum,
359 2263 468 2312 heroiim
486 2263 577 2326 potius
592 2276 672 2326 quarn
687 2261 776 2324 deum,
827 2268 948 2342 tempore
965 2263 1122 2326 adhibetur,
1141 2263 1178 2313 cl.
1196 2261 1219 2324 Ι,
1239 2261 1298 2312 170.

233 2337 264 2382 ut
281 2333 327 2398 qui
341 2336 451 2397 propter
466 2330 572 2382 multa
564 2347 593 2381 ιιι
604 2332 684 2382 terris
699 2347 778 2398 egre·
861 2321 905 2382 ὅτι
928 2345 957 2382 τε
979 2329 1030 2382 τοῦ
1044 2299 1197 2397 Ἡρακλέος
1219 2323 1324 2380 τούτου
1342 2324 1373 2378 οἰ

233 2403 278 2468 gie
297 2402 479 2468 perpetrata'
471 2417 499 2450 ιιι
518 2401 622 2452 coelum
641 2406 703 2466 poet
721 2402 777 2452 ine·
827 2399 923 2467 γονέες
941 2417 967 2451 κ.
986 2417 1010 2452 τ
1022 2399 1057 2468 λ.]
1077 2400 1222 2453 Commode
1239 2399 1368 2452 Larclrer.

233 2473 269 2521 rit
285 2477 422 2537 receptus.
448 2472 708 2536 Hunchegyptioa'
701 2487 777 2538 igno·
827 2471 922 2522 laudat
944 2470 1083 2523 Plutarch.
1112 2472 1145 2522 de
1166 2471 1274 2523 Socrat.
1300 2471 1367 2522 Gon.

233 2557 294 2592 rare
312 2542 412 2592 asserit
429 2546 505 2606 pater
523 2541 664 2606 historiae,
681 2547 713 2592 ut
730 2542 776 2607 qui
827 2558 854 2607 p.
874 2542 939 2604 577,
963 2542 1012 2592 nbi
1028 2547 1192 2593 memoretur
1213 2539 1367 2606 antiquissi-

234 2611 342 2662 omniuo
370 2611 532 2676 apotheosin
561 2626 642 2677 qnam
676 2617 778 2662 vocant
829 2627 901 2662 mum
912 2611 1072 2662 Haliartiin
1085 2611 1201 2662 Boeotia
1218 2607 1368 2676 sepulcrum

233 2681 375 2746 ignorasse
390 2681 544 2733 videantur.
573 2681 662 2743 Quare
679 2683 778 2733 ineam
828 2681 988 2745 Alcmenae,
1017 2681 1105 2732 literis
1133 2682 1293 2747 inscriptum
1316 2679 1370 2730 ior·

233 2751 326 2816 potius
336 2749 452 2802 inclinat
464 2751 637 2814 sententiam,
654 2757 686 2801 ut
695 2752 778 2803 Grae·
828 2767 887 2802 mae
916 2751 1061 2816 peculiaria
1085 2751 1133 2802 sed
1156 2750 1290 2801 barbarae
1314 2751 1370 2800 iere

235 2836 281 2872 coe
307 2822 343 2872 ab
365 2821 507 2888 Aegyptiis
527 2821 671 2872 Herculem
703 2837 779 2873 acce·
829 2822 1024 2888 Aegyptiisque
1042 2821 1153 2881 similie;
1172 2821 1213 2870 ita
1231 2826 1261 2870 ut
1277 2820 1371 2885 Agesi-

234 2891 307 2956 pieee
334 2891 427 2955 malit,
455 2890 556 2941 additis
582 2893 702 2954 caussis,
731 2907 778 2943 our
827 2891 897 2954 laus,
916 2891 962 2956 qni
979 2889 1130 2957 sepulcrum
1145 2891 1266 2956 aperuit,
1280 2889 1371 2940 iuhe-

233 2963 275 3011 ita
296 2961 350 3011 sibi
372 2961 490 3028 placeat.
527 2962 648 3024 Quorum
673 2975 778 3013 summa
828 2967 941 3028 gyptum
954 2962 1073 3012 mitteret
1085 2961 1270 3026 inscriptionis
1282 2975 1370 3010 exem-

235 3047 267 3082 eo
285 3031 369 3095 redit,
392 3035 423 3082 ut
442 3031 539 3083 Graeci
556 3035 635 3082 vetus
654 3031 779 3082 Oriente·
827 3031 900 3096 pler,
920 3031 991 3097 qnod
1005 3031 1160 3082 sacerdotes
1178 3029 1308 3096 legerent..
1332 3031 1372 3079 Ac

234 3099 301 3150 lium
319 3117 419 3152 numen
436 3102 532 3167 utique
545 3102 711 3167 acceperint,
729 3101 777 3152 sed
827 3117 857 3152 re
868 3117 934 3152 vera
944 3117 1026 3152 unum
1038 3101 1172 3168 quendam
1183 3117 1217 3150 ex
1228 3099 1370 3166 Aegyptus

234 3171 354 3221 hnmana
371 3172 458 3222 forma
476 3177 504 3221 et
523 3169 615 3222 indole
632 3172 707 3222 istud
725 3172 778 3222 sibi
828 3171 1016 3222 sacerdotibus
1045 3171 1135 3238 legere
1163 3171 1285 3236 potuisse
1316 3174 1371 3219 tra-

235 3245 325 3290 mente
338 3241 566 3292 informaverint'
559 3256 587 3290 ιο
602 3255 777 3306 eoqneomne
828 3241 905 3292 dunt.
924 3269 960 3279 -·
978 3242 1020 3292 Ad
1037 3241 1170 3292 Herodoti
1187 3240 1275 3291 locunr
1293 3237 1371 3289 intel·

234 3311 345 3360 virtutis
364 3310 499 3360 humanae
517 3310 653 3375 exemplar
670 3325 777 3376 reprae-
827 3310 965 3376 ligendum
992 3311 1043 3362 hoc
1075 3312 1182 3361 omnino
1211 3315 1241 3360 tu
1274 3309 1370 3375 paucis

235 3380 494 3443 soutariroluerint‚
506 3380 686 3432 deinaturum
700 3381 778 3447 quasi
828 3385 907 3431 tene:
944 3381 1146 3446 Amphitryonis
1174 3395 1260 3445 aeque
1288 3385 1370 3446 etque

236 3448 271 3500 nd
288 3449 433 3500 humanam
445 3465 558 3515 eamque
573 3452 702 3516 optimam
716 3466 779 3501 con·
828 3450 974 3501 Alcmenae
997 3465 1083 3516 genus
1107 3449 1194 3516 repeti
1220 3465 1238 3498 c
1260 3449 1370 3511 Perseo,
1386 3463 1389 3469 ¹

235 3519 394 3571 formantes.
436 3520 478 3571 De
502 3519 620 3570 Hercule
642 3521 778 3586 Aegyptio
829 3520 875 3586 qni
894 3521 952 3585 ipse
968 3521 1085 3571 refertur
1103 3521 1137 3571 ad
1155 3517 1264 3582 Belum,
1283 3520 1371 3584 Aegy·

235 3588 357 3654 plnrihus
367 3605 474 3656 quoque
482 3590 541 3654 agit
550 3589 637 3640 Raoul
646 3590 779 3642 Rochette
828 3591 868 3655 pti
881 3605 980 3656 regem.
1005 3588 1243 3656 Itaquellercules
1255 3593 1371 3654 paterna

236 3659 256 3710 l.
277 3661 396 3740 aupral.
417 3675 481 3739 pag
500 3659 548 3711 301
569 3674 645 3725 seqq.
829 3665 857 3712 et
874 3665 998 3710 materna
1015 3661 1099 3725 stirpe
1115 3659 1267 3724 Aegyptius
1285 3657 1372 3708 fertur

222 3715 385 3796 οὐδαμῇ
408 3721 565 3795 Αἰγύπτου]
600 3730 647 3782 Gr.
674 3729 779 3780 confert
829 3745 862 3780 ex
880 3729 1044 3780 Graecorum
1068 3729 1178 3780 fabulis.
1201 3757 1235 3768 -
1263 3725 1371 3792 Reliqui

235 3797 367 3850 Valcken.
393 3803 451 3851 not.
475 3799 510 3849 ad
534 3799 658 3862 Euripid.
676 3799 779 3864 Hippo
829 3800 858 3849 in
883 3803 961 3850 textu
982 3791 1181 3878 Διοσκούρων,
1213 3797 1278 3848 licet
1299 3811 1371 3847 unns

235 3865 285 3932 lyt.
306 3869 383 3920 1012.
401 3885 465 3935 pag.
484 3869 548 3931 272,
571 3867 619 3918 ubi
640 3867 718 3934 plura
735 3869 778 3920 his
828 3869 896 3920 liber
925 3861 1104 3932 Διοσκόρων,
1138 3868 1230 3918 Attico
1264 3865 1372 3917 dicendi

236 3936 336 3987 similia
353 3936 468 4018 collegit
480 3939 524 3988 vir
541 3937 724 3989 doctissimus.
830 3953 913 3989 more.
950 3939 1003 3990 Sed
1027 3937 1169 4003 vulgatum
1188 3942 1262 3987 recte
1278 3941 1372 3986 tuetur

271 3997 301 4054 ἐν
321 4001 353 4056 δὲ
370 4003 418 4057 καί
436 3999 521 4087 τόδε]
531 4007 621 4074 Vulgo
640 3998 778 4072 ἰνσὲσὴ
830 4007 966 4060 Schaeier.
984 4008 1111 4074 adGreg.
1125 4007 1186 4056 Cor.
1201 4022 1228 4070 p
1241 4005 1292 4056 000
1307 4005 1371 4058 ndd.

236 4069 283 4123 καὶ
308 4067 388 4138 τόδε,
419 4077 466 4128 nbi
489 4069 540 4142 δή,
567 4076 639 4143 quod
662 4093 679 4127 a
702 4077 778 4129 libris
829 4077 948 4129 Lobeclr.
970 4077 1004 4128 ud
1030 4078 1104 4143 Phry
1105 4075 1177 4127 nich.
1201 4091 1229 4140 p.
1253 4075 1315 4126 205.
1337 4102 1371 4112 -

236 4144 314 4193 abest
324 4147 443 4211 seriptis
453 4148 617 4197 recentiores
631 4147 777 4198 eiecerunt.
829 4148 862 4197 ln
880 4162 966 4212 soqqr
976 4095 1104 4226 δαίμωνγ
1110 4148 1156 4196 vix
1175 4145 1265 4195 differt
1289 4145 1372 4211 cigni-

235 4213 387 4280 Utrumque
402 4220 539 4265 caeterum
551 4218 678 4266 Nostro·
670 4233 777 4276 ruusn;
829 4217 958 4268 flectione
975 4233 992 4267 a
1011 4209 1082 4272 θεὸς
1104 4231 1186 4266 sensu
1210 4215 1308 4265 latiore
1333 4215 1372 4264 di-

236 4283 308 4334 conl.
329 4284 352 4345 Ι,
374 4286 432 4336 185.
450 4284 509 4336 102.
528 4285 566 4346 ΙΙ,
582 4285 625 4335 78.
648 4287 706 4337 170.
726 4287 777 4349 ΙΙΙ,
829 4287 969 4346 vinitatis3
989 4287 1025 4337 cl.
1044 4289 1114 4336 nott.
1132 4285 1238 4347 nle,
1259 4285 1319 4336 110.

239 4353 279 4402 Ιι.
304 4352 348 4405 38.
388 4352 472 4404 Plura
500 4322 778 4418 8ο1ιτιείςίι.Ριιιι1ό
863 4347 974 4404 τούτων
997 4346 1049 4404 οὐκ
1074 4345 1175 4420 ἥκιστα
1198 4323 1268 4402 ἀλλὰ
1293 4345 1373 4454 μόλι-
