3088 4922
219 281 281 345 tto

651 282 923 346 HERODOTI

214 454 378 529 Ὠκεανόν
397 455 511 543 ἐόντα,
534 454 682 547 Ὅμηρον
705 454 779 545 δέἥ
798 484 874 527 τινα
895 463 965 528 τόν
984 457 1149 548 πρότερον
1161 455 1356 546 γενομένων
1393 514 1399 526 .

219 563 385 651 ποιητέων
393 560 499 630 δοκέω
513 557 662 650 τοῦνομα
676 556 817 649 εὑρόντα
833 564 865 641 ἐς
874 560 1078 651 τὴντοίησιν
1094 565 1339 632 ἐσενείκασθαι.
1350 573 1397 628 tlt

172 679 213 741 24
292 670 337 734 Εί
347 663 384 733 δὲ
399 668 461 749 δεῖ,
471 664 690 753 μεμψάμενον
698 663 833 752 γνώμας
845 662 903 744 τός
917 668 1149 756 προκειμένας,
1159 661 1265 734 αὐτόν
1278 666 1356 753 περὶ

219 776 288 840 τῶν
303 766 464 856 ἀφανέων
478 766 617 856 γνόμην
632 764 878 854 ἀποδέξασθαι,
901 769 1038 858 φράσω,
1060 768 1145 838 διότι
1166 796 1222 856 μοι
1245 768 1356 838 δοκέει

220 870 438 962 esuriretur
453 867 471 938 ὁ
488 878 612 950 Nartes
625 877 686 940 τοῦ
706 870 834 960 θέρεος.
862 870 925 960 τὴν
946 869 1139 960 χειμερινὴν
1161 867 1253 960 ὥρην
1273 869 1354 942 ἄσε-

220 974 425 1063 λαυνόμενος
445 969 463 1041 ό
485 969 579 1062 ἥλιος
593 976 629 1042 ἐκ
649 979 706 1063 τῆς
723 972 861 1064 ἀρχαίης
882 976 1036 1058 διεξόδου
1058 971 1125 1044 ὑπὸ
1145 980 1215 1043 τόν
1234 975 1355 1064 χειρισό-

218 1159 310 1196 raonem
328 1141 376 1206 (de
391 1141 448 1191 Nili
466 1141 642 1208 incremento)
661 1158 683 1192 s.
703 1159 762 1192 cau-

218 1231 272 1266 sam
287 1228 356 1264 suam
374 1211 410 1260 ad
427 1211 557 1262 οδιοιιηωι
575 1213 693 1263 reiecerit
716 1209 761 1275 (ab

220 1300 266 1346 eo,
285 1281 356 1348 quod
376 1280 521 1332 obscurum
532 1285 582 1342 est,
602 1295 762 1346 suspensam

219 1355 315 1406 iecerit
339 1367 389 1402 uec
409 1349 486 1400 firmo
513 1349 659 1416 validoque
683 1367 763 1416 argu·

218 1426 309 1476 mento
328 1419 503 1486 confirmarit)
522 1435 569 1470 non
587 1420 673 1479 taber,
697 1421 765 1486 quod

218 1509 264 1544 nos
281 1493 417 1542 convincat.
457 1489 608 1540 Obscurum
626 1494 717 1540 autem
732 1490 762 1540 il-

219 1562 267 1614 lud
290 1577 312 1611 e.
338 1552 370 1609 τὸ
392 1549 500 1623 ἀφανὲς
522 1559 651 1624 iutelligit
675 1559 761 1610 Ocea·

219 1648 282 1683 num
302 1635 329 1680 et
344 1628 377 1679 de
395 1644 427 1678 eo
444 1627 573 1692 tabulam,
593 1629 692 1695 quippe
706 1645 761 1679 rem

219 1703 311 1752 fictam
329 1715 381 1749 nec
394 1697 449 1748 ullo
468 1697 547 1748 modo
564 1698 705 1762 probatam
721 1703 762 1748 at-

236 1787 271 1821 ue
295 1774 426 1833 opertam.
468 1767 544 1818 Idem
566 1767 685 1818 aiiirmet
709 1769 763 1818 No-

219 1857 232 1892 s
247 1857 275 1891 er
292 1840 345 1900 IV,
363 1838 380 1889 8
404 1837 438 1890 ab
457 1837 575 1888 Homero
598 1838 628 1886 in
649 1837 691 1888 his
709 1837 763 1887 dis-

219 1910 333 1970 cedens,
351 1908 380 1957 iu
398 1905 474 1957 cuiue
491 1907 582 1956 verbis
604 1907 638 1957 de
652 1907 762 1958 Oceano

220 1983 273 2031 iam
297 1978 361 2030 olim
386 1975 554 2026 desudarunt
577 1977 651 2027 docti
669 1977 764 2040 Gram-

220 2049 329 2111 matioi,
353 2051 385 2096 ut
409 2063 422 2095 e
442 2045 576 2096 Strabone
594 2047 618 2096 I.
643 2061 670 2111 p.
692 2046 718 2096 9.
738 2062 761 2096 s.

219 2137 246 2185 p.
260 2121 277 2170 4
295 2117 429 2168 novimus.
466 2116 509 2166 Tu
520 2115 577 2166 vid.
590 2116 701 2167 Homer.
717 2116 761 2167 Ili.

219 2189 297 2248 XIV,
316 2187 367 2236 245
390 2187 418 2234 et
436 2198 506 2250 quae
524 2185 556 2234 de
574 2185 686 2235 Homeri
703 2201 763 2236 seu·

219 2258 306 2309 tentia
325 2254 434 2304 uberius
453 2255 603 2319 disputavit
618 2255 714 2304 Ukert.
735 2257 763 2304 iu

221 2323 375 2392 Geograph.
398 2324 425 2374 d.
451 2323 498 2374 Gr.
521 2338 548 2374 u.
573 2325 668 2375 Roem.
688 2325 716 2386 Ι,
736 2326 761 2375 2.

219 2412 283 2463 ρετ·
301 2393 407 2459 eseqq.
495 2451 503 2470 ,

256 2461 276 2530 η
291 2477 355 2512 τινα
371 2459 429 2511 τῶν
447 2474 587 2522 προτερον
603 2458 763 2524 γενομένων

220 2531 372 2599 ποιητέων]
394 2530 471 2581 Geni.
484 2531 527 2592 11,
543 2529 575 2580 53
588 2529 679 2595 ibique
691 2535 762 2584 nott.

398 2701 463 2753 Cre.
483 2702 583 2752 XXIV.

257 2799 294 2857 Εί
310 2799 341 2855 δὲ
358 2801 447 2854 δεί-
459 2795 669 2869 ἀποδέξασθαι]
691 2794 762 2854 ἀπο-

220 2873 390 2929 δείκνυσθαι
414 2866 531 2940 γνοόμην
553 2879 595 2924 est
616 2877 763 2925 sententium

220 2950 364 3005 declarare,
382 2948 407 2996 in
418 2945 521 2995 meditor
535 2945 663 3006 proferre.
683 2943 761 2994 Geni.

219 3017 272 3079 111,
291 3017 335 3067 82.
355 3014 414 3066 loo.
434 3013 488 3075 IV,
507 3013 550 3064 97.
572 3013 631 3065 132.
651 3014 681 3076 1,
701 3013 762 3064 207.

220 3084 486 3146 170.11‚146,ubi
508 3083 565 3133 vid.
585 3087 656 3133 nott.
692 3083 763 3132 Item

217 3147 435 3217 ἀποφαίνεσθαι
447 3153 525 3214 vm,
536 3153 580 3204 49.
599 3152 668 3202 Add.
679 3152 764 3201 Heiu-

220 3223 289 3275 dori.
310 3221 344 3272 ad
359 3219 475 3272 Platon.¹
487 3221 570 3287 Gorg.
589 3235 653 3286 pag.
668 3220 711 3271 68.
726 3251 761 3260 -

219 3291 372 3357 „Herodoti
397 3291 559 3340 seutentiam
583 3291 676 3355 paucis
703 3307 763 3342 ver-

218 3364 260 3414 bis
284 3363 452 3411 contractam
475 3359 589 3425 praehet
612 3375 718 3425 quoque
738 3361 761 3412 1.

218 3433 302 3483 Laur.
322 3429 415 3495 Lydus
434 3429 468 3480 de
482 3445 582 3482 menes.
603 3447 631 3495 p.
649 3429 699 3480 263
719 3429 762 3481 ed.

221 3499 340 3553 Boeth.“
372 3499 414 3550 ct.

254 3563 307 3635 τὴν
329 3558 490 3633 χειμερινὴν
509 3557 589 3631 οἳρην
608 3558 763 3620 ἀπελαυνό-

219 3654 306 3705 μενος
325 3633 339 3687 ὁ
359 3634 439 3703 ἣλιος
456 3651 482 3684 κ.
503 3651 525 3686 τ.
547 3635 585 3702 h]
613 3638 631 3690 i.
652 3653 676 3688 e.
696 3639 762 3700 „roh

217 3726 266 3773 per
282 3708 408 3758 hibernum
421 3713 515 3768 tenpus
528 3709 646 3770 repulsae
659 3708 767 3770 eprr'orr'

219 3794 294 3828 eur-ars
312 3775 489 3834 obtimates,
508 3777 606 3825 accedit
617 3777 653 3825 ud
666 3775 764 3841 Libyae

219 3849 335 3912 νερίοιιεε
348 3843 524 3908 ταμενὶοιεε.“
547 3843 589 3894 Ad
607 3846 694 3908 ipsam
706 3861 765 3894 ren-

220 3915 334 3966 teotiurn
364 3915 484 3974 faciunt,
517 3929 586 3978 quae
614 3914 765 3978 disputavit

220 3983 338 4036 Bredov.
356 3984 384 4032 in
397 3982 547 4048 Ursuolog.
559 3983 693 4033 Herodot.
706 3999 765 4048 spe-

221 4053 283 4103 cim.
297 4067 360 4117 pag.
373 4051 442 4102 VII:
462 4051 621 4113 „Herodoto
634 4057 707 4102 terra
724 4055 766 4102 est

220 4121 317 4186 plane,
345 4121 430 4171 coelo·
441 4129 591 4170 concavato
611 4122 639 4171 iu
657 4121 765 4172 modurn

219 4189 409 4254 hemisphaerii
428 4189 547 4249 obtecta,
569 4191 646 4241 cuius
666 4192 766 4256 margi·

219 4273 268 4310 nes
287 4259 414 4309 extremis
429 4263 520 4307 terrae
532 4257 631 4308 finibus
650 4260 765 4324 iungun-

221 4329 299 4391 tur“‚
329 4332 357 4377 et
382 4341 446 4392 pag.
465 4325 553 4375 XIII:
585 4327 632 4390 „in
650 4328 702 4379 hoo
725 4327 766 4378 ia-

172 4532 227 4544 ⁴

813 1145 907 1208 queari
931 1143 1043 1196 coelesti
1066 1144 1107 1193 sol
1129 1147 1250 1207 tempore
1268 1149 1356 1194 aesta-

813 1213 849 1263 tis
869 1214 1055 1279 quotidianam
1074 1217 1148 1264 tenet
1165 1213 1239 1262 viam
1255 1213 1315 1276 sere
1331 1218 1355 1263 in

813 1283 910 1334 medio:
927 1284 1015 1334 hieme
1033 1288 1125 1334 autem
1138 1283 1289 1348 ingruente,
1308 1283 1354 1334 iri·

814 1353 924 1418 goribus
953 1370 970 1404 a
1005 1358 1096 1404 meatu
1126 1368 1175 1402 suo
1207 1355 1235 1401 iu
1265 1353 1352 1418 magis

813 1423 947 1473 australes
985 1422 1054 1474 coeli
1088 1427 1180 1487 partes
1216 1421 1352 1486 depulsus,

812 1494 913 1542 transit
929 1485 963 1540 τὰ
977 1482 1036 1541 ἄνω
1052 1488 1102 1556 τῆς
1112 1482 1229 1557 Λιβύης.
1264 1492 1353 1553 Quan-

813 1562 847 1612 do
866 1563 950 1629 igItur
972 1561 1014 1610 sol
1033 1561 1175 1613 Graeciam
1199 1559 1287 1610 calore
1310 1576 1354 1610 ae-

812 1633 894 1681 statis
911 1632 980 1680 uritr
999 1630 1093 1680 eodem
1110 1635 1231 1694 tempore
1249 1631 1278 1678 iu
1294 1645 1353 1694 par-

811 1701 887 1751 tibus
910 1701 1021 1751 Africae
1043 1699 1223 1761 australibus,
1248 1698 1305 1749 sole
1326 1699 1354 1747 iu

812 1771 928 1820 medinm
952 1769 1057 1820 coelum
1081 1769 1238 1830 recedente,
1268 1768 1353 1818 hIems

813 1844 867 1902 est,
896 1854 1059 1905 quamquem
1083 1855 1137 1888 non
1163 1838 1248 1888 hiems
1272 1839 1355 1888 Grae-

813 1910 885 1969 ciae;
897 1925 999 1971 rerum,
1014 1925 1075 1959 oum
1089 1907 1129 1958 sol
1142 1911 1262 1972 tempore
1274 1907 1355 1958 Grae-

813 1980 853 2030 eit
870 1979 976 2029 aestivo
995 1994 1012 2027 ο
1029 1978 1118 2042 Libya
1137 1981 1164 2026 et
1179 1977 1293 2028 Graecia
1311 1993 1353 2027 eo·

814 2049 875 2100 dem
892 2049 948 2098 iere
966 2049 1056 2112 spatio
1084 2047 1187 2096 distare
1204 2047 1354 2108 videbatur,

812 2119 897 2168 hiems
911 2119 1014 2182 Libyca
1033 2117 1147 2167 eundem
1165 2116 1222 2166 fere
1239 2115 1354 2166 calorem

812 2189 911 2248 habet,
943 2203 1021 2252 quem
1047 2191 1198 2236 ceterarum
1225 2189 1354 2235 terrarum
1399 2227 1408 2246 ,

814 2262 913 2308 aeetae.
952 2255 1067 2318 Quando
1089 2261 1180 2306 autem
1199 2255 1299 2320 frigore
1317 2256 1355 2304 in·

814 2331 926 2394 grueute
946 2326 987 2375 sol
1004 2327 1032 2375 iu
1050 2325 1117 2376 fines
1136 2323 1205 2375 coeli
1222 2324 1354 2374 australes

814 2397 962 2462 repellitur,
981 2410 1094 2446 neeesse
1107 2398 1157 2454 est,
1175 2397 1206 2443 ut
1218 2392 1267 2450 sol,
1286 2407 1355 2442 mar-

814 2468 870 2532 gini
894 2465 1030 2530 laquearis
1054 2463 1179 2514 coelestis
1207 2461 1355 2512 Inclinetse

814 2535 936 2600 propior,
959 2533 1151 2584 vehementiori
1171 2531 1262 2582 calore
1278 2547 1355 2596 supe-

813 2606 885 2655 rIora
904 2603 1013 2654 Africae
1037 2603 1143 2653 adurat.
1181 2602 1280 2666 Itaque
1301 2617 1356 2651 non

812 2673 899 2726 tolum
917 2672 979 2721 Iudi
1004 2675 1032 2721 et
1049 2671 1196 2736 Aethiopes
1221 2672 1271 2722 sub
1296 2675 1357 2722 ortu

813 2743 893 2806 solis,
919 2741 966 2791 sed
986 2741 1067 2791 etiem
1085 2741 1232 2804 Aethiopes
1251 2740 1356 2805 Libyci,

814 2813 861 2878 qui
882 2825 963 2875 super
981 2811 1134 2874 Aegyptum
1152 2809 1292 2873 habitant,
1315 2825 1358 2859 ca-

813 2887 868 2933 lore
890 2882 951 2931 aoh's
978 2875 1106 2943 propioris
1136 2879 1299 2941 aduruntur,
1326 2883 1358 2927 ut

813 2952 972 3018 nigrescant
989 2954 1017 3000 et
1037 2950 1126 2998 crines
1153 2949 1256 3013 crispos
1275 2947 1358 2998 maxi-

814 3037 856 3071 me
878 3021 949 3070 iuter
967 3033 1060 3068 omnes
1084 3019 1207 3068 homiues
1229 3017 1356 3078 hebetat,

813 3090 877 3151 VII,
896 3088 931 3140 70
949 3089 999 3138 cir.
1017 3087 1070 3150 111,
1089 3087 1170 3138 101.“

848 3149 878 3208 ἐκ
893 3155 943 3221 τῆς
964 3149 1084 3221 ἀρχαίης
1103 3146 1248 3222 διεξόδου]
1267 3149 1357 3216 διέξο-

813 3225 864 3283 δος
888 3227 1029 3277 Herodoto
1059 3231 1100 3276 est
1127 3241 1234 3285 curares,
1264 3231 1359 3274 meatur

812 3299 873 3347 rotis
883 3297 908 3345 in
920 3301 989 3346 coelo
1006 3312 1028 3347 s.
1039 3298 1090 3357 via,
1109 3311 1181 3362 pssum
1200 3297 1240 3345 rol
1252 3309 1358 3356 pereur-

813 3369 860 3428 rit‚
891 3371 923 3416 ut
946 3365 1065 3431 explicet
1086 3364 1212 3429 Schwgh.
1237 3363 1264 3412 iu
1291 3363 1356 3414 Lex.

813 3435 915 3486 Herod.
934 3449 956 3485 s.
971 3451 998 3485 v.
1035 3435 1111 3485 Aliae
1129 3433 1205 3484 vocis
1224 3432 1358 3494 notiones,

813 3509 941 3556 monente
956 3505 1028 3572 δικ,
1053 3505 1147 3568 attigit
1164 3501 1358 3566 Wytteubech.

815 3576 850 3625 ad
873 3575 947 3624 Plut.
971 3574 1040 3622 Mor.
1065 3573 1093 3635 1,
1120 3574 1146 3622 2.
1172 3587 1198 3636 p.
1220 3569 1281 3622 973.
1323 3571 1359 3620 Et

815 3644 888 3694 eous.
918 3641 1020 3692 Herod.
1049 3641 1078 3702 1,
1111 3639 1161 3691 196
1190 3639 1257 3702 ibiq.
1289 3641 1358 3688 nott.

814 3714 888 3763 Hinc
906 3711 1002 3774 Its-25
1026 3707 1169 3770 διεξιέναι.
1213 3707 1298 3759 Plura
1315 3709 1360 3758 da-

814 3782 855 3831 bit
874 3783 921 3832 Gr.
942 3780 976 3829 ad
995 3779 1097 3831 Plotia.
1127 3795 1153 3844 p.
1173 3777 1224 3830 189
1241 3778 1273 3830 B.
1310 3777 1361 3826 Le·

815 3850 937 3900 tronnius
949 3849 1020 3899 hunc
1030 3849 1119 3899 locum
1135 3853 1258 3898 tractans
1270 3845 1361 3912 (Iour-

815 3919 863 3970 ual
881 3917 1046 3970 desSavans
1063 3916 1139 3968 18³9.
1157 3933 1183 3982 p.
1200 3916 1246 3967 131
1260 3912 1361 3980 seqq),

816 3990 856 4038 ita
871 3985 975 4039 Gallice
994 3987 1096 4037 reddit:
1117 3987 1204 4050 „dens
1222 3985 1250 4035 lu
1268 3984 1362 4034 saisou

816 4055 954 4108 hiveruale
979 4055 1006 4107 Ie
1025 4055 1115 4117 soleii,
1140 4053 1238 4106 chasse
1260 4053 1293 4104 de
1312 4067 1362 4102 eon

817 4126 950 4177 ancienne
963 4129 1042 4176 route
1055 4124 1135 4188 (c'est
1149 4125 1165 4174 b
1178 4125 1236 4174 dire
1248 4123 1281 4172 de
1295 4121 1363 4172 celle

817 4194 883 4261 qu'il
913 4210 929 4244 a
954 4195 1041 4245 suivie
1065 4193 1197 4258 jusqu'eu
1224 4189 1362 4258 tropique)

817 4280 867 4330 par
892 4263 1002 4327 l'hiver,
1032 4279 1062 4313 se
1090 4263 1176 4328 dirige
1202 4261 1284 4312 vers“
1308 4263 1362 4311 eto.

819 4333 898 4396 Quod
919 4347 983 4383 vero
1003 4323 1061 4382 ὑπὸ
1080 4329 1132 4380 τοῦ
1150 4327 1290 4396 χειμῶνος
1308 4329 1364 4394 legi
