2980 4932
192 219 231 278 70
626 214 892 276 HERODOTI

190 397 310 462 δοῦναι
324 387 386 480 τὴν
400 389 502 476 θεὸν,
517 391 555 462 τό
568 385 738 481 ἀνθρώπῳ
754 401 869 474 τυχεῖν
886 385 1023 478 ἄριστόν
1041 391 1121 460 ἐστι.
1145 389 1225 480 μετὰ
1243 389 1323 460 ταύ-

188 523 251 586 την
270 494 308 564 δὲ
326 492 388 584 τὴν
406 492 510 584 εὐχὴν
517 547 527 583 ,
555 491 599 574 ὣς
619 491 804 580 ἔθυσάν-τε
823 496 880 563 καὶ
903 491 1143 584 εὐωχήθησαν,
1170 523 1322 565 κατακοι-

129 637 134 650 ·
186 600 353 692 μηδέντες
369 601 406 669 έν
426 596 517 694 αὐτῷ
535 603 580 693 τῷ
604 601 663 690 rep
679 600 713 665 οί
727 605 860 686 νεηνίαι
882 596 994 669 οὐκέτι
1014 596 1218 690 ἀνέστησαν,
1247 597 1320 670 ἀλλ’

187 707 225 774 έν
242 705 334 773 τέλεϊ
348 701 455 798 τούτῳ
476 709 621 792 ἔσχοντο.
645 698 787 792 Ἀργεῖοι
804 706 844 774 δέ
859 724 976 794 σφεων
994 702 1125 786 εἰκόνας
1143 705 1323 796 ποιησόμε-

187 835 239 879 νοι
262 803 432 878 ἀνέθεσαν
454 809 487 888 ές
503 803 679 894 Δελφοὺς,
704 800 748 887 τός
771 804 906 900 ἀνδρῶν
929 805 1076 900 όρίστων
1096 812 1298 898 γενομένων.

140 926 181 989 32
259 909 381 981 Σόλων
392 911 455 1000 μὲν
469 911 506 980 δὲ
521 907 736 1001 εὐδαιμονίης
750 918 922 1004 δευτερεῖα
937 919 1034 1004 ἔνεμε
1046 913 1202 984 τούτοισι.
1221 923 1325 1006 ΙΙροῑ-

187 1037 243 1096 σος
260 1014 298 1084 δέ
321 1016 501 1104 σπερχθεὶς
524 1013 613 1084 εἶπε·
642 1007 682 1085 Ὦ
705 1019 792 1098 ξεῖνε
808 1016 984 1107 Ἀθηναῖε,
1004 1013 1025 1105 ἡ
1046 1017 1083 1084 δέ
1101 1013 1244 1106 ἡμετέρη
1268 1017 1325 1088 εὐ·

187 1125 344 1210 δαιμονίη
365 1116 454 1190 οὕτω
472 1145 521 1188 τοι
544 1115 744 1210 ἀπέρριπται
763 1123 796 1198 ἐς
816 1119 853 1187 τό
875 1119 997 1206 μηδὲν,
1022 1115 1107 1186 ὥστε
1125 1117 1206 1189 οὐδὲ
1230 1127 1324 1190 ίδιω-

186 1228 273 1298 τέων
289 1221 425 1315 ἀνδρῶν
442 1219 555 1305 ἀξίους
577 1217 679 1310 ἡμέας
697 1223 867 1309 ἐποίησας;
906 1216 941 1288 Ὁ
963 1220 1001 1289 δέ
1019 1218 1108 1288 εἶπε·
1131 1211 1171 1289 Ὦ
1188 1230 1324 1310 Κροῖσε,

187 1328 408 1419 ἐπιστάμενόν
424 1353 466 1416 με
480 1325 518 1396 τό
532 1337 630 1395 θετον
647 1328 715 1394 πᾶν
732 1321 788 1394 ἐόν
807 1322 979 1416 φθονερόν
996 1324 1101 1392 τεκαὶ
1121 1329 1323 1416 ταραχῶδες,

185 1499 280 1547 πάντα.
284 1495 301 1523 “
318 1497 384 1616 Estss
387 1497 459 1547 enirn
478 1495 580 1546 dictum
597 1509 660 1560 pro:
686 1483 729 1544 ότι
781 1495 890 1560 Innop.
910 1491 970 1546 132.
989 1491 1095 1544 Bitonis
1114 1497 1223 1545 tenrum
1235 1494 1325 1546 hume

184 1557 325 1615 τοιούτων
355 1561 462 1616 τέκνων
494 1555 621 1630 έαόρησε.
657 1563 728 1618 Add.

183 1635 312 1688 Kuehner
329 1635 377 1688 Gr.
397 1637 444 1688 Gr.
465 1639 491 1700 5.
510 1635 570 1714 771,
589 1635 616 1688 8.

217 1695 279 1755 αλλ’
304 1695 335 1754 έν
362 1701 456 1755 τέλεϊ
482 1696 574 1773 τούτῳ
599 1700 727 1770 ἔσχοντο]

183 1777 203 1829 i.
222 1792 247 1828 e.
265 1754 566 1839 ..morianensem
582 1775 730 1827 consumtifl

184 1846 227 1898 01.
247 1811 375 1897 ΙέοεΙιοετ
392 1845 439 1898 Gr.
456 1845 503 1898 Gr.
518 1849 544 1910 5.
562 1846 623 1910 400,
643 1849 670 1898 2.
684 1845 730 1912 qni

114 1913 118 1922 ”
184 1914 330 1967 vernacule
352 1915 392 1965 sic
417 1915 551 1967 reddidit:
581 1918 640 1981 „sic
663 1916 730 1967 blic-

184 1988 237 2038 ben
255 1986 283 2036 in
301 1984 402 2035 diesem
420 1985 499 2038 Ende
520 1986 567 2037 des
590 1985 728 2036 Lebens.“

184 2055 264 2109 Unde
293 2069 375 2119 quem
401 2055 428 2108 h.
451 2055 470 2108 l.
500 2071 587 2122 nuper
610 2055 729 2106 tentavit

185 2123 401 2177 emendationem
434 2126 458 2178 I.
488 2125 521 2178 G.
552 2125 708 2176 Pittakis
701 2140 729 2175 m

184 2193 382 2248 Schneidewin.
393 2195 531 2274 Philolog.
541 2195 619 2246 VIII.
629 2211 656 2260 p.
668 2193 728 2256 528,

184 2265 319 2316 scribone:
339 2259 455 2330 ἔσχοντο
478 2257 569 2332 τούτῳ
596 2263 625 2330 (i.
646 2281 670 2316 e.
690 2263 729 2330 τρῑ

182 2323 285 2402 όπνῳ,
308 2335 381 2400 qnod
407 2351 441 2386 ex
470 2314 732 2412 νατακοιμηδέντές

183 2371 730 2484 εορο1ε1ιιτ)έντελεῖ,ἰ.ε.έποιμη’οη

184 2487 237 2524 σαν
259 2467 378 2552 χάλκεον
405 2473 497 2540 (Hom.
523 2473 632 2537 Ili.X1,
656 2472 728 2538 241),

184 2536 322 2610 νήγρετον
346 2531 455 2606 ὕπνον,
477 2559 510 2594 es
527 2543 608 2594 facile
627 2543 729 2594 cerebi-

184 2629 253 2664 mus.
278 2613 387 2663 Laudat
411 2613 454 2664 Cr.
486 2613 522 2664 ad
549 2613 617 2664 haec
639 2612 728 2663 Phile-

184 2699 255 2735 mon.
282 2683 348 2733 Lex.
374 2682 420 2734 Gr.
445 2699 473 2748 p.
495 2683 531 2734 04
558 2699 618 2750 sqq.
643 2687 670 2733 et
693 2682 728 2732 ud

183 2755 338 2804 universnm
367 2754 531 2803 sententiam
553 2759 730 2818 veterumque

184 2823 218 2874 de
235 2827 322 2873 morte
346 2837 379 2872 ao
396 2823 455 2873 vite
471 2823 601 2874 iudicium
620 2823 728 2874 Platon.

184 2893 297 2944 Lachet.
328 2907 355 2956 p.
380 2891 475 2943 1951)
507 2909 567 2958 sqq.
592 2892 674 2959 Gorg.
701 2909 727 2957 p.

185 2964 235 3014 512
261 2961 285 3012 A
308 2959 369 3012 coll.
389 2961 492 3013 Criton.
518 2979 542 3014 c.
567 2962 600 3014 10
623 2979 681 3028 seq

184 3035 218 3085 51
245 3033 277 3083 Β.
308 3030 339 3082 C.
382 3030 454 3084 Add.
482 3031 586 3083 Juliani
615 3033 729 3083 morien-

178 3103 220 3152 tis
243 3099 327 3151 verbe
351 3101 424 3166 apud
445 3100 579 3152 Ammian.
605 3102 727 3154 Marcell.

214 3207 330 3304 Ἀργειόι
343 3235 376 3288 δέ
385 3251 481 3304 σφεων
490 3231 604 3298 εἰκόνας
617 3255 643 3290 τ.
654 3256 678 3290 τ.
691 3239 727 3307 t]

182 3313 226 3363 De
244 3308 445 3376 significatione
463 3309 545 3360 medii
565 3311 643 3361 verbi
665 3325 728 3360 ποι-

182 3377 280 3430 εῖσθαι
300 3379 455 3446 (faciendum
477 3379 583 3444 curare)
611 3381 657 3431 vix
687 3385 728 3430 est

183 3449 255 3514 qnod
279 3465 445 3502 moneamus.
469 3451 511 3503 Ol.
536 3455 607 3502 nott.
628 3450 664 3501 ad
689 3451 726 3514 11,

183 3519 242 3572 100.
265 3519 324 3572 127.
345 3520 405 3572 148.
426 3521 485 3573 175.
509 3521 593 3572 Addit
614 3521 657 3572 Or.
677 3521 726 3571 Er-

181 3591 254 3641 nesti
275 3589 309 3641 ad
333 3590 439 3642 Gallim.
465 3591 558 3657 hymn.
582 3593 610 3641 in
634 3591 724 3642 Ceret.

181 3660 224 3725 to,
237 3660 305 3711 hoec
321 3677 429 3726 quoque
443 3661 586 3726 adnotans,
596 3661 668 3710 has
660 3676 725 3712 rme·

181 3731 258 3795 ginee
277 3731 395 3780 tebenno
416 3727 570 3798 (τηβέννῳ,
591 3731 663 3796 quod
681 3747 725 3781 ve·

181 3799 302 3850 stimenti
321 3815 407 3864 genus
431 3815 491 3850 esse
512 3797 634 3862 constet)
648 3801 726 3851 indn-

180 3875 224 3920 tes
248 3869 347 3930 tuisse,
369 3871 441 3919 teste
463 3869 568 3920 Polluo.
592 3871 654 3934 VII,
680 3871 723 3922 01.

180 3938 241 3989 coll.
261 3937 399 4003 Heringae
419 3937 499 3988 Obsr.
519 3956 542 3990 o.
562 3939 614 3990 111.
634 3956 661 4006 p.
680 3941 724 3993 29.

179 4009 223 4061 30.
242 4009 270 4058 et
287 4008 406 4058 Peneon.
432 4007 467 4070 ΙΙ,
491 4009 533 4071 20,
558 4010 604 4073 qui
622 4015 724 4074 narret,

179 4075 301 4128 Cleobim
320 4081 348 4126 et
364 4077 490 4127 Bitonem
512 4078 592 4142 Argis
611 4079 639 4127 in
658 4083 724 4129 tem-

178 4147 222 4212 plo
241 4146 374 4213 Apollinis
390 4147 469 4212 Lycii
487 4147 516 4196 in
534 4162 665 4199 marmore
681 4165 725 4199 ex-

178 4217 279 4268 hibitos
289 4232 358 4280 esse,
366 4221 480 4266 matrem
486 4215 624 4278 vehentes,
631 4217 664 4268 de
670 4233 723 4286 quo

178 4287 282 4341 consul.
300 4287 450 4356 Boettiger.
471 4287 675 4353 Kunetmythol.
695 4289 722 4342 d.

780 1567 818 1616 ris
848 1563 981 1630 geatsntis
1018 1568 1138 1614 statuam
1168 1566 1197 1615 in
1230 1565 1324 1616 eodem

780 1635 915 1718 Apollinis
933 1633 1033 1700 templo
1053 1649 1136 1699 supro
1154 1635 1208 1685 ism
1226 1651 1324 1686 memo-

780 1706 899 1757 ravimus
917 1719 972 1756 nna
990 1719 1051 1756 oum
1076 1703 1251 1758 celeberrimo
1271 1707 1326 1773 cpi-

782 1780 942 1844 grammate.

950 1948 1017 2000 Cer.
1036 1947 1153 1998 XXXII.

814 2044 915 2100 Σόλων
933 2044 985 2116 μὲν
998 2044 1030 2101 δέ
1048 2080 1083 2090 -
1100 2041 1240 2116 τοότοισι]
1260 2053 1279 2102 i.
1301 2069 1325 2105 e.

780 2121 924 2183 „secundas
943 2121 1074 2185 felicitatis
1098 2129 1191 2184 partes
1213 2120 1253 2172 liis
1280 2125 1327 2173 tri-

780 2157 861 2242 l'utt.“
903 2191 996 2241 Dictio
1035 2191 1139 2242 redolet
1176 2193 1327 2243 certamine

780 2261 945 2311 Graecorum
964 2261 1091 2326 gymnicis
1111 2261 1260 2326 ludosque,
1279 2263 1326 2312 ubi

781 2330 848 2381 haec
863 2331 947 2380 verba
964 2331 1122 2396 plerumque
1141 2330 1174 2382 de
1191 2331 1324 2382 iudicibus

781 2415 803 2453 s.
822 2404 924 2467 agonot
913 2401 995 2450 thetis
1021 2405 1181 2464 occurrunt,
1206 2402 1252 2467 qui
1270 2402 1323 2466 pri-

780 2486 852 2534 mes,
883 2470 1017 2520 secundas
1042 2440 1259 2522 decernnn’tff-
1281 2470 1324 2522 Ad

780 2536 933 2659 σπερέξελς
958 2541 1030 2591 conf.
1049 2546 1119 2592 nott.
1139 2542 1174 2592 ed
1193 2541 1225 2605 V,
1245 2540 1288 2593 33.

778 2625 876 2746 ολ.
900 2579 1326 2744 ίίῗέλλίλῗίλίίλόῖόλ.

781 2759 805 2800 λε
833 2753 858 2800 iu
883 2749 982 2801 nihilum
1008 2753 1149 2815 proficitur,
1172 2753 1190 2803 i.
1213 2767 1237 2802 e.
1257 2753 1327 2804 nihili

780 2823 937 2884 aestimatur,
954 2823 1021 2871 uallo
1038 2821 1092 2871 loco
1109 2829 1234 2872 centetum.
1270 2823 1326 2873 Ubi

779 2889 915 2956 particula
943 2883 975 2940 di
1004 2891 1083 2940 initio
1111 2893 1243 2943 sermonis
1271 2909 1325 2943 non

780 2961 982 3011 adversativam
1001 2961 1101 3011 retinet
1118 2963 1188 3026 vim,
1214 2963 1261 3012 sed
1279 2978 1326 3013 eu-

780 3035 827 3096 get
844 3031 899 3080 vim
919 3031 1154 3098 interrogationis,
1179 3047 1259 3099 quem
1278 3049 1325 3083 rex

780 3101 999 3180 indignabundus
1019 3101 1084 3152 edit.

816 3161 1004 3236 ἐπιστάμενόν
1023 3185 1056 3236 με
1073 3161 1105 3220 τὸ
1123 3168 1261 3220 δειον-
1278 3186 1324 3220 τα-

780 3237 1223 3374 iilmii⁹l1l²limt⁸⁰v¹¹ii¹¹li
1251 3241 1325 3376 ἕλ’*

888 3348 894 3361 .
967 3350 973 3374 ,
1030 3327 1071 3363 .e
1162 3349 1168 3374 ‚
1225 3349 1231 3362 .
1270 3349 1276 3364 .
1316 3350 1323 3364 .

780 3397 909 3446 expressa
932 3387 960 3432 et
984 3381 1133 3446 impietatis
1157 3381 1265 3431 nomine
1285 3388 1324 3431 ta-

779 3456 845 3502 xata
863 3453 891 3500 in
908 3451 1049 3502 Plutarchi
1065 3452 1112 3517 qui
1129 3451 1216 3501 fertur
1232 3451 1324 3502 libello

778 3521 813 3572 dc
829 3521 963 3572 Herodoti
986 3522 1120 3586 malignit.
1148 3521 1218 3586 Opp.
1238 3521 1276 3572 11.
1295 3537 1323 3587 p.

777 3591 878 3644 sets.
908 3591 998 3657 Magis
1019 3592 1090 3642 enim
1112 3591 1215 3656 placuit
1231 3591 1324 3642 Plato·

777 3661 819 3710 nis
838 3663 987 3742 sententie,
1016 3668 1043 3712 ct
1064 3664 1125 3726 ipss
1149 3661 1241 3711 multis
1261 3662 1324 3712 dein

776 3731 908 3797 repetita·
928 3723 943 3781 ὁ
962 3726 1077 3796 φθόνος
1095 3727 1148 3792 ἔξω
1167 3729 1218 3781 τοῦ
1237 3729 1323 3781 δείοο

776 3799 866 3866 χοροῦ
890 3797 1321 3868 ίστατατ,1ηΡ1ιεεδτ.μ.217

776 3872 808 3921 A.
834 3885 860 3936 p.
884 3869 935 3922 352
958 3872 1068 3934 Heind..
1092 3871 1172 3934 unde,
1197 3877 1322 3922 monente

776 3940 830 4003 Cr„
849 3939 975 3992 Plotinue
994 3942 1134 4021 scribitp.
1154 3941 1259 3992 elon.
1278 3929 1323 3990 ότι

774 3978 934 4131 ttt‘t‘t
946 4004 1228 4145 rituti-tutti
1239 4009 1321 4146 {tt

776 4149 810 4199 nd
826 4151 961 4202 Herodoti
976 4153 1139 4202 sententiam
1157 4151 1209 4200 rite
1222 4151 1321 4201 intelli-

775 4221 891 4282 gendam
904 4222 1049 4286 pertinent.
1070 4222 1122 4284 Qui
1133 4221 1249 4285 scriptor
1261 4222 1321 4286 ipse

774 4289 837 4354 VII,
862 4290 904 4344 10.
931 4293 958 4356 5.
982 4293 1007 4342 5.
1037 4292 1150 4343 condem
1179 4291 1320 4357 proferens
