3020 4930
228 285 289 348 892
610 283 877 348 EXOURSUS
899 283 977 346 XVI

265 811 268 818 Ι
570 707 895 786 nxounsus
925 709 1019 786 ιιι

379 853 528 948 ιι)
572 877 1144 963 Hunonou.11,175.

636 1163 691 1270 'De
719 1212 945 1286 Sphinpihus.

314 1366 400 1420 Vslde
414 1367 535 1420 advertit
548 1365 624 1420 viros
639 1365 750 1434 doctos,
772 1365 846 1437 quod
865 1365 939 1436 epud
953 1364 1123 1418 Herodotum
1137 1365 1175 1434 ΙΙ,
1193 1368 1253 1426 175.
1284 1367 1366 1422 Arna-

231 1453 271 1508 sis
294 1469 342 1505 rex
363 1457 474 1521 praeter
494 1451 617 1505 colossos
639 1451 782 1504 dedicasse
804 1451 905 1504 dicitur
920 1442 1128 1518 ἀνδρόσφιγγας
1147 1445 1317 1520 περιμήκεας
1325 1451 1366 1520 *),

229 1539 249 1594 i.
271 1556 295 1590 e.
317 1537 444 1608 sphinges
462 1538 513 1590 viri
530 1538 639 1608 speeiem
660 1542 804 1606 reserentes
820 1537 926 1607 ingenti
943 1538 1025 1602 mule,
1049 1550 1109 1588 curu
1128 1535 1212 1604 vulgo
1234 1553 1288 1590 non
1310 1539 1368 1592 nisi

231 1623 369 1694 sphinges
400 1621 532 1676 sernineus
560 1620 686 1688 cognitas
713 1620 862 1688 heberent,
888 1621 957 1672 adeo
980 1627 1011 1672 ut
1028 1619 1309 1688 Schweighaeuserus
1336 1625 1366 1678 in

231 1726 299 1760 voce
318 1699 521 1776 όνδρόσφιγγιρ
543 1706 663 1777 priorem
684 1705 762 1758 vocis
785 1711 888 1775 purtern
910 1723 964 1756 non
984 1705 1018 1758 ed
1039 1704 1185 1760 musculum
1206 1723 1296 1773 genus
1322 1727 1367 1762 re-

230 1793 298 1846 ferri
320 1791 418 1858 vellet,
443 1793 492 1844 sed
511 1784 719 1861 ἀνδρόσφιγγας
737 1791 808 1844 houd
828 1789 898 1844 elios
919 1807 982 1842 esse
1003 1797 1087 1861 etque
1107 1782 1369 1863 όνδρωιιόσφιγγας

231 1879 270 1950 (si
282 1878 345 1949 quis
356 1877 395 1928 ita
407 1877 526 1944 diceret)
542 1876 731 1944 contenderet,
746 1876 765 1928 i.
776 1895 801 1929 e.
818 1877 954 1947 sphinges
966 1879 1111 1930 Ιιιιιιιιιιιαιιι
1124 1878 1233 1947 speciem
1247 1883 1367 1948 reseren-

231 1973 278 2030 tes,
297 1960 371 2014 nullo
386 1963 499 2031 generis
514 1961 671 2014 discrimine
684 1963 767 2013 lueto.
792 1962 883 2032 Atque
894 1961 945 2014 inm
959 1961 1041 2028 longe
1052 1967 1133 2014 entes
1144 1961 1366 2017 Winclelmsnn.

232 2046 413 2120 (Geschichte
429 2047 456 2099 d.
469 2047 572 2100 Kunst.
586 2047 600 2096 1
620 2046 694 2116 0pp.
709 2046 745 2098 T.
760 2046 816 2112 lll)
832 2051 901 2116 p93
916 2043 1042 2098 consulto
1058 2045 1098 2097 sic
1113 2045 1245 2100 Nostrum
1260 2047 1368 2102 dixisse

232 2132 354 2204 pulerit,
379 2149 439 2184 curn
454 2131 594 2185 declarare
610 2131 746 2184 voluisset
758 2131 896 2200 sphinges
913 2129 1060 2200 utriusque
1075 2131 1201 2198 generis,
1223 2131 1368 2186 muliebris

232 2224 346 2288 propter
366 2217 476 2284 faciens,
501 2215 591 2269 virilis
611 2223 725 2285 propter
742 2215 864 2286 reliques
880 2215 1005 2285 corporis
1023 2221 1134 2284 partes:
1158 2215 1204 2268 ubi
1222 2223 1298 2270 recte
1317 2237 1368 2272 sn-

233 2302 340 2354 notovit
353 2301 410 2354 Fen
425 2302 458 2372 (l.
471 2301 489 2353 Ι.
506 2320 533 2372 p.
545 2301 621 2367 329),
643 2301 783 2370 sphinges
800 2299 946 2370 utriusque
961 2298 1089 2368 generis,
1112 2305 1140 2352 et
1153 2301 1265 2354 masculi
1281 2309 1310 2355 et
1325 2305 1367 2357 se-

232 2385 329 2452 nrinei,
351 2404 402 2455 per
417 2385 574 2456 Aegyptum
595 2383 712 2454 reperiri
738 2401 828 2454 neque
854 2383 934 2438 etium
949 2384 982 2437 ed
1004 2383 1234 2452 significationem
1253 2387 1367 2441 multum

233 2470 341 2523 omnino
362 2470 515 2536 interesse,
544 2470 605 2522 sive
624 2468 744 2522 musculo
766 2469 826 2521 sive
849 2469 966 2522 feminee
990 2468 1085 2522 iisdem
1108 2469 1247 2524 tribuetur
1268 2473 1366 2528 facies.

232 2553 367 2626 Equidem
383 2573 399 2608 c
413 2553 670 2622 Schweighaeuseri
685 2553 823 2606 sententis
838 2555 875 2606 ita
892 2553 1020 2620 discedo,
1043 2559 1075 2608 ut
1089 2555 1215 2608 consulto
1232 2556 1368 2611 Nostrum

232 2638 337 2693 dixisse
356 2645 448 2708 putern
462 2631 684 2708 ἀνδρόσφιγγας,
702 2637 722 2690 i.
741 2656 766 2690 e.
785 2641 919 2709 sphinges
938 2640 1005 2692 oiri
1017 2643 1128 2709 speciem
1141 2643 1309 2711 praebentes:
1336 2644 1366 2696 in

233 2741 288 2798 quo
302 2725 460 2792 respexisse
475 2724 538 2777 mihi
553 2725 664 2778 ridetur
675 2722 836 2776 Herodotus
848 2741 902 2776 non
918 2729 971 2776 torn
986 2724 1020 2776 sd
1032 2725 1167 2792 Graecos,
1184 2741 1252 2796 quos
1263 2726 1366 2796 sphin-

234 2826 284 2880 ges
304 2808 385 2862 faciei
410 2811 548 2881 virgineae
570 2809 729 2879 plerumque
751 2809 869 2862 formare
896 2808 957 2878 ipse
979 2809 1049 2886 bene
1071 2816 1201 2876 noverat,
1228 2827 1308 2882 quern
1329 2813 1366 2866 ed

233 2894 404 2964 Aegyptios,
427 2894 474 2966 qui
496 2895 570 2966 qnod
587 2911 660 2946 nune
674 2892 783 2964 quiden
799 2893 868 2946 setis
883 2901 1005 2962 constet,
1030 2911 1084 2946 non
1105 2899 1210 2948 tentum
1227 2895 1366 2966 sphinges

233 2978 313 3032 lsciei
329 2979 488 3046 virgineae,
514 2978 610 3051 quales
626 2977 775 3046 descripsit
789 2973 977 3044 Aelianus**)
986 3018 993 3044 ,
1018 2995 1112 3032 verum
1133 2979 1269 3034 musculae
1286 2983 1365 3036 etism

231 3063 313 3116 faciei
330 3063 500 3134 aliorumque
517 3065 585 3117 edeo
600 3063 752 3116 animalium
768 3062 906 3132 sphinges
927 3063 1068 3116 finxerunt
1084 3063 1228 3136 lepideque
1252 3083 1366 3136 expres·

232 3152 339 3202 serunt.
375 3148 432 3210 Qui
453 3149 533 3217 primi
553 3148 587 3200 de
608 3147 806 3216 Aegyptiorum
824 3147 995 3217 sphingihus
1015 3148 1185 3201 accuratiore
1210 3151 1368 3205 retulerunt

231 3233 285 3286 viri
300 3231 374 3284 docti
391 3231 464 3284 Gelli
475 3229 549 3300 Ν),
571 3233 645 3286 inter
659 3232 811 3302 sphingum
826 3237 950 3299 statues,
967 3249 1037 3304 ques
1053 3237 1084 3286 ut
1101 3232 1162 3285 aliis
1179 3233 1247 3286 locis
1263 3236 1301 3288 ite
1317 3255 1366 3307 po-

231 3317 364 3370 tissimum
380 3316 455 3368 inter
468 3316 601 3389 reliquias
620 3321 743 3370 veterum
757 3317 913 3369 Thehernrn
928 3315 955 3368 in
973 3317 1099 3370 orientali
1113 3317 1170 3370 Nili
1188 3317 1252 3388 ¹ripn
1273 3321 1308 3374 ed
1325 3323 1366 3374 vi·

231 3419 294 3468 cos,
319 3401 367 3472 qui
387 3417 460 3454 nunc
481 3407 617 3454 vocentur
631 3403 726 3455 huxor
749 3407 777 3454 et
791 3401 917 3470 Knrnnc,
937 3401 1047 3454 iunctos
1070 3401 1132 3455 illos
1154 3403 1262 3474 quidem
1285 3407 1365 3477 quasi
1400 3399 1402 3404 ’

232 3487 305 3541 serie
325 3486 476 3556 sphingum
496 3486 669 3554 continuate,
692 3491 896 3557 conspexerant
917 3485 1063 3556 plurimes,
1081 3487 1188 3565 duplex
1213 3505 1304 3556 genus
1326 3491 1367 3544 di·
1472 3495 1474 3518 '

299 3735 636 3873 :2)quelqpp„rpqqmqqlni.
638 3736 748 3884 ἔδοξ.
757 3735 1172 3871 Idcllhrspvsshigdpephoids'veos
1142 3801 1200 3886 τὴν
1213 3804 1307 3874 διφυῆ
1318 3806 1365 3860 Al-

229 3868 348 3942 γόισσισί
362 3890 391 3926 τε
405 3871 575 3962 γειρουργοὶ
596 3842 753 3952 γλόφοόσες
775 3869 822 3925 καὶ
840 3871 970 3960 Θιγβαῐον
987 3873 1087 3940 μῦθον
1104 3867 1297 3939 κομπαζοντες
1323 3877 1366 3927 δι-

230 3961 345 4012 μσρφον
361 3935 432 4010 ἡμιν
449 3943 603 4008 πειρῶνται
617 3935 774 4023 δεικνύναι,
795 3941 983 4025 σεμνύνοντες
1000 3944 1035 4012 τῇ
1046 3960 1074 3995 σε
1093 3943 1145 3994 σοῦ
1164 3945 1365 4012 σαρδενρποό

229 4012 277 4065 καὶ
296 4013 331 4076 τῇ
348 4012 399 4064 τοῦ
417 4011 615 4071 λεσνσαειδαῦς
633 4005 762 4076 σώματος
778 4007 875 4076 κράσει
893 4005 994 4076 αὐτήν.

300 4083 361 4146 W)
380 4083 478 4136 Jollois
490 4082 693 4136 etDevilliers'
685 4081 862 4148 rnDescript.
880 4083 924 4135 del
935 4082 953 4132 l’
956 4085 1056 4150 Egypt.
1070 4084 1205 4150 Antiquit.
1215 4085 1237 4134 1.
1249 4086 1325 4136 Livr.
1337 4089 1362 4136 2.

230 4153 309 4218 chop.
323 4153 372 4203 IX.
384 4159 451 4205 sect.
465 4155 543 4205 Vlll.
560 4157 585 4218 5.
598 4153 651 4204 111.
670 4152 758 4202 ert..2
777 4170 803 4218 p.
815 4154 865 4204 254
875 4169 951 4218 seqq
971 4155 1059 4204 Antea
1072 4151 1105 4203 de
1116 4153 1314 4220 Aegyptiorum
1329 4172 1362 4206 oc

231 4223 396 4272 Graecorum
411 4223 576 4288 sphingihus
594 4225 760 4288 exposuerat
777 4223 868 4286 Zoiige
886 4224 994 4273 Numm.
1012 4224 1141 4288 Aegyptt.
1162 4240 1188 4288 p.
1210 4224 1260 4276 140
1274 4242 1363 4291 seqq

231 4307 302 4357 quse
320 4290 415 4342 eudem
433 4308 503 4342 nuuc
521 4291 663 4358 leguntur,
683 4295 765 4342 sucts
783 4291 920 4342 nonnullis
939 4292 1017 4356 eliis,
1037 4293 1065 4342 in
1082 4293 1118 4342 Η
1131 4293 1265 4359 Stephani
1280 4295 1364 4347 Thes.

230 4361 309 4427 Ling.
329 4359 426 4412 Graec.
446 4363 508 4414 VII.
527 4377 554 4427 p.
573 4361 639 4416 1615
652 4377 709 4427 seq
730 4361 772 4412 ed.
791 4361 918 4412 Dindorf.
