3086 4952
256 259 317 320 270
688 262 956 325 HERODOTI

255 436 311 502 καὶ
324 431 426 522 νηοὺς
440 436 495 504 καὶ
510 433 643 524 βωμοὺς
656 433 718 504 οὐκ
732 438 770 504 έν
783 435 875 529 νόμφ
889 439 1107 525 ποιευμένους
1121 437 1311 524 ἱδρύεσθαι,
1324 434 1374 508 ἆ).-
1385 449 1413 504 tt

255 535 298 605 ld
311 539 367 606 καὶ
381 553 465 608 τοῖσι
481 544 612 609 ποιεῦσι
632 546 764 630 μωρίην
777 543 990 630 ἐπιφέρουσι·
1017 535 1061 621 ὦς
1076 540 1139 630 μὲν
1153 543 1224 630 ἐμοὶ
1242 544 1376 626 δοκέειν,

254 637 304 710 ὄτι
319 638 382 710 οὐκ
396 638 668 732 ἀνθρωποφυέας
687 643 845 734 ἐνόμισαν
864 642 942 724 τούς
957 643 1077 730 θεοὺς,
1099 645 1247 735 κατάπερ
1259 651 1293 714 ol
1308 642 1378 714 ‘'lll-

255 842 422 908 νομίκασι
437 836 795 910 ποιέειν,οἰ11ὰκα1τοι’σι
846 851 957 897 assatur.
994 846 1060 910 Ipsa
1084 861 1148 897 vero
1172 845 1282 898 deorum
1306 848 1379 896 simu·

253 929 279 963 κ.
303 929 326 963 τ.
352 913 374 963 l.
413 915 480 965 Mihi
505 915 580 965 nulla
608 915 795 966 emendatione
846 915 920 966 Iaera
938 932 960 966 s.
980 915 1127 979 attributa,
1149 917 1246 983 quibus
1268 917 1378 966 numinis

254 999 321 1048 opus
341 1001 399 1035 esse
418 985 533 1036 videtur.
762 1041 765 1048 Δ
846 987 933 1036 divini
964 987 1005 1035 vis
1036 985 1238 1048 declararetur,
1275 993 1378 1052 postera

288 1054 320 1103 In
339 1055 397 1120 ipso
417 1061 575 1120 argumento
593 1056 701 1122 plurimi
721 1061 794 1106 vete-
844 1061 936 1107 aetate
954 1057 1055 1106 Persae
1070 1055 1177 1122 longius
1197 1059 1330 1122 progressi
1348 1057 1378 1106 ab

253 1139 311 1174 ram
345 1139 405 1175 cnm
432 1128 572 1176 Herodoto
608 1127 791 1189 consentiunt,
845 1125 916 1188 aliis,
935 1141 1003 1190 quas
1018 1125 1198 1188 subiecerant,
1218 1127 1377 1188 nationibus,

253 1209 366 1258 qnorum
394 1195 469 1246 locos
498 1201 694 1261 congesserunt
719 1196 793 1246 Bris-
844 1195 1002 1260 Babyloniis
1030 1197 1174 1261 praecipuo
1198 1202 1280 1261 atque
1302 1198 1378 1260 Assy-

253 1280 311 1314 sou.
332 1265 364 1314 de
385 1282 443 1330 reg.
462 1267 538 1317 Pers.
561 1267 676 1330 princip.
695 1266 739 1327 11,
759 1267 792 1315 '28
844 1267 891 1314 riis
910 1266 975 1330 quin
993 1267 1183 1330 assumserim,
1202 1266 1312 1317 dubium
1330 1282 1378 1316 nou

252 1339 280 1384 et
292 1349 367 1400 seqq.
388 1335 461 1398 (coll.
475 1336 571 1400 Heyde
585 1336 617 1386 de
631 1339 698 1385 vett.
715 1336 792 1385 Pers.
844 1341 899 1395 est:
919 1337 956 1385 ei.
976 1334 1062 1386 Raoul
1076 1337 1208 1388 Roohetto
1226 1336 1340 1388 Journal
1355 1336 1378 1386 d.

252 1403 330 1469 relig.
355 1405 408 1456 111.
435 1421 462 1470 p.
481 1405 530 1470 93)
556 1411 583 1456 et
603 1405 734 1456 Davisius
757 1405 792 1454 ad
843 1407 909 1456 Sav.
938 1405 1014 1456 1843.
1040 1421 1066 1468 p.
1082 1408 1132 1457 427
1156 1422 1213 1472 seq.
1250 1404 1331 1456 Mem.
1350 1405 1379 1455 de

252 1473 339 1525 Cicer.
360 1475 393 1524 de
409 1476 495 1540 Legg.
515 1476 558 1538 II,
578 1476 620 1526 10.
639 1491 665 1540 p.
682 1475 732 1526 ‘234
748 1474 792 1525 ed.
843 1475 948 1526 l'Acad.
968 1475 1015 1524 des
1033 1475 1119 1525 luser.
1139 1477 1173 1528 T.
1186 1476 1277 1526 XVII.
1296 1492 1321 1540 p.
1335 1476 1378 1526 1251

253 1543 349 1593 Oreus.
387 1547 424 1595 Et
442 1545 545 1596 consul.
565 1545 654 1610 ipsun:
672 1545 793 1594 Herodo—
844 1551 872 1596 et
900 1545 964 1595 vide
992 1546 1122 1596 Berosum
1153 1546 1224 1611 apud
1252 1546 1378 1596 Clamant.

251 1619 309 1662 tum
327 1614 412 1676 VIII,
432 1615 491 1666 10¹³.
527 1616 566 1665 Ae
590 1621 663 1666 recte
684 1613 792 1680 quidem
843 1615 991 1666 Alexandr.
1008 1615 1144 1680 Protropt.
1164 1620 1190 1668 5.
1207 1617 1378 1666 scribentem:

251 1684 281 1732 in
298 1689 392 1734 nostro
416 1683 475 1734 loeo
498 1685 630 1734 insistunt
647 1685 698 1734 viri
718 1685 791 1734 doeti
842 1678 911 1750 μετὰ
923 1677 1028 1740 πολλὰς
1041 1684 1137 1748 μέντοι
1150 1675 1272 1748 ὕστερον
1286 1676 1379 1748 περιό-

251 1759 362 1804 nostraa
380 1755 494 1816 aetatis,
514 1771 547 1804 ex
566 1770 618 1819 quo
630 1753 790 1820 simplicitas
843 1753 912 1812 δονς
930 1746 999 1804 έτών
1014 1744 1268 1819 ἀνθρωποειδῆ
1287 1745 1379 1818 ἀγάλ-

251 1828 334 1888 atque
356 1825 500 1890 integritas
527 1824 668 1889 religionis
695 1826 791 1876 Persa·
842 1839 928 1889 ματα
953 1820 1043 1888 σέβειν
1061 1816 1168 1882 αὐτούς
1191 1823 1240 1889 (sc.
1260 1823 1377 1888 Persas).

251 1909 309 1942 rrrm
328 1895 428 1958 optime
451 1900 645 1960 cognoscatur,
669 1909 723 1959 qua
741 1910 791 1960 pu·
842 1895 866 1944 A
892 1893 1037 1959 primitivis
1065 1895 1155 1944 Persis
1184 1894 1235 1944 hoc
1265 1895 1378 1944 alienum

251 1964 307 2013 rior
318 1969 346 2014 et
363 1965 397 2014 ab
411 1965 534 2015 humanis
552 1965 790 2029 superstitionibus
841 1979 928 2028 aeque
941 1968 1021 2028 atque
1036 1979 1052 2012 a
1070 1965 1166 2014 ceteris
1180 1964 1306 2029 gentibus
1320 1964 1379 2012 stir-

251 2034 338 2097 magis
352 2035 478 2084 immunis
491 2035 536 2082 vix
547 2034 603 2084 ulla
619 2051 666 2099 por
685 2049 790 2084 omnem
842 2035 884 2098 pis
896 2033 1027 2092 Arianae;
1046 2048 1079 2082 ea
1095 2050 1173 2097 vero,
1193 2049 1262 2098 quae
1274 2033 1301 2085 h.
1314 2034 1331 2084 1.
1347 2033 1378 2082 ab

252 2103 335 2152 luerit
351 2105 551 2168 antiquitatem.
579 2105 701 2170 Namque
720 2119 791 2154 sum·
840 2105 981 2153 Herodoto
1010 2104 1167 2166 traduntur,
1198 2119 1283 2168 aeque
1308 2104 1378 2168 apud

251 2187 323 2222 mum
345 2187 443 2222 numen
466 2189 521 2222 non
545 2173 708 2238 imaginibus
731 2178 789 2224 arte
839 2174 954 2223 Bactros
977 2177 1059 2237 atque
1079 2175 1151 2238 apud
1169 2173 1264 2236 ludos,
1290 2173 1318 2224 in
1338 2189 1378 2222 sa-

250 2241 369 2292 humana
396 2243 478 2292 laetis
502 2248 632 2307 tanquam
658 2243 788 2308 symbolis
840 2243 1039 2307 erisutrinsque
1050 2245 1139 2308 gentis
1150 2243 1234 2306 libris,
1245 2244 1379 2293 inZenda·

251 2313 437 2376 exprimebant
467 2311 659 2377 colebantque,
689 2313 737 2362 sed
761 2313 789 2362 in
839 2317 918 2362 vesta
932 2318 959 2362 et
972 2313 1000 2362 in
1010 2312 1105 2375 Vedis,
1122 2313 1234 2377 reperiri
1252 2313 1379 2364 observat

250 2381 316 2445 ipsis
335 2397 422 2447 aquae
440 2387 468 2431 et
486 2383 557 2444 ignis
576 2383 715 2433 elementis
733 2383 789 2432 vim
838 2382 926 2434 Roeth
943 2381 1041 2433 Gesclr.
1061 2383 1088 2434 d.
1101 2381 1263 2434 abeudltlnd.
1277 2383 1378 2434 Plrilos.

251 2451 370 2502 :lisinam
399 2453 607 2504 venerabantur.
649 2453 788 2503 Indenea
839 2453 861 2502 1.
882 2469 908 2517 p.
930 2453 979 2504 103
992 2467 1049 2518 seq.
1087 2455 1129 2504 De
1147 2455 1237 2504 Persis
1259 2454 1295 2504 ei.
1316 2469 1379 2518 quo·

250 2521 356 2586 templis
370 2537 446 2586 opus,
466 2538 516 2572 nec
531 2523 638 2584 statuis,
656 2538 705 2573 nee
721 2522 788 2573 alta-
839 2538 890 2588 que
908 2521 1015 2572 Rhode:
1043 2523 1094 2572 Die
1115 2523 1211 2588 heiliga
1231 2524 1302 2589 Sage
1325 2529 1378 2574 etc.

250 2591 324 2640 ribus
356 2591 458 2642 affabre
490 2593 580 2643 iactis.
623 2594 716 2658 Neque
743 2593 789 2643 ob·
838 2608 865 2657 p.
884 2593 935 2642 478
951 2606 1026 2711 seqq.

250 2665 338 2724 stant,
364 2663 388 2710 si
406 2675 476 2726 quaa
498 2663 658 2728 templorum
682 2679 715 2713 ae
734 2668 789 2712 sta·
874 2660 985 2726 μωρίην
1018 2659 1183 2727 πιφέρονσι]
1214 2662 1232 2710 i.
1252 2676 1275 2712 e.
1300 2663 1379 2712 stulti-

250 2735 355 2780 tuarum
381 2731 498 2796 vestigia
525 2734 706 2798 reperiantur,
734 2749 788 2782 mo·
839 2735 899 2784 tiam
916 2733 967 2784 illis
982 2733 1115 2795 imputant,
1135 2733 1258 2782 stultitiae
1269 2734 1324 2782 illos
1334 2747 1379 2781 ar-

249 2805 331 2850 neate
353 2801 485 2851 Crenaero
513 2802 540 2852 in
570 2803 691 2867 Symbol.
714 2803 736 2852 I.
760 2819 787 2866 p.
837 2810 924 2867 gaunt.
961 2801 1040 2852 Ceut.
1065 2815 1147 2866 supra
1168 2801 1196 2863 1,
1222 2801 1263 2852 26.
1294 2801 1328 2852 bs
1352 2805 1380 2850 et

249 2871 367 2936 Pldseq.
382 2871 424 2921 ed.
439 2875 501 2920 tert.
512 2872 603 2937 ibique
613 2871 704 2922 laudd.
717 2873 787 2922 Add.
839 2871 1004 2922 Pausaniam
1023 2872 1091 2922 baec
1114 2872 1262 2921 imitantem
1282 2871 1309 2933 I,
1334 2869 1377 2932 23,

248 2939 486 3006 KleukerAnhang
498 2942 693 2992 a.Zendovest.
712 2943 750 3004 II,
761 2943 786 2992 2.
842 2941 886 3002 10,
905 2942 952 2992 ubi
970 2941 1049 3006 plura
1067 2941 1191 2992 Siebelis.
1209 2971 1244 2980 -
1267 2939 1300 2990 In
1318 2955 1379 3005 pro-

248 3008 334 3074 Περσ.
357 3027 384 3075 p.
406 3009 438 3062 13
460 3027 535 3076 seqq.
576 3013 646 3062 Nam
669 3011 788 3076 loquitur
839 3011 910 3061 xime
939 3027 1014 3092 seqq.
1041 3011 1162 3062 dedimus
1190 3005 1300 3060 δοκέειν
1329 3025 1378 3074 pro

247 3079 403 3129 Herodotus
433 3081 466 3130 de
489 3081 626 3144 primitiva
647 3082 788 3146 magisque
839 3081 913 3146 vulg.
933 3079 1038 3144 δοκεει,
1063 3081 1139 3132 libris
1162 3079 1318 3132 melioribus
1337 3078 1409 3148 sic,

247 3163 316 3213 pura
332 3150 476 3200 Persarum
497 3150 644 3215 religIone,
670 3152 714 3201 eui
731 3151 788 3201 alia
838 3151 1003 3202 iubentibus.
1026 3153 1069 3202 De
1080 3151 1217 3202 locutione
1232 3151 1303 3200 eous.
1316 3151 1380 3201 Rei-

248 3219 389 3282 postmodo
406 3235 438 3269 ex
450 3218 564 3269 aliarum
580 3221 700 3286 gentium
713 3221 787 3270 cultu
840 3221 910 3272 aium
923 3219 957 3271 ad
971 3222 1062 3285 Viger.
1081 3221 1114 3272 de
1130 3221 1207 3271 idiot.
1223 3237 1249 3286 p.
1264 3221 1323 3271 744.

247 3287 343 3338 addita
372 3303 444 3351 esse,
477 3305 508 3338 ea
536 3290 596 3355 ipsa
625 3291 785 3341 documento
873 3279 916 3341 ὅτι
935 3281 988 3338 οὐκ
998 3288 1231 3356 ἀνθρωποφυέας
1242 3281 1380 3354 ἐνόμισαν

247 3361 323 3420 snut,
345 3373 414 3423 qnae
425 3360 553 3410 continno
570 3361 643 3424 apud
656 3361 786 3410 Nostrum
836 3353 904 3418 τοὺς
928 3351 1019 3418 θεοὺς
1046 3375 1071 3410 κ.
1097 3377 1120 3409 τ.
1148 3358 1189 3424 b]
1221 3351 1379 3425 ἀνθρωπο-

246 3425 382 3494 leguntur.
400 3429 436 3479 st
446 3430 554 3479 omniuo
564 3430 696 3495 imagines
707 3445 786 3495 quas·
836 3427 925 3495 φυέας
943 3429 1023 3481 Valla
1040 3429 1206 3480 reddiderat:
1230 3426 1322 3496 (deos)
1341 3445 1380 3478 ere

246 3498 309 3548 dam
323 3497 432 3548 deorum
450 3500 478 3548 in
495 3500 563 3549 artis
576 3499 701 3566 operibus
713 3499 786 3550 hand
835 3499 968 3550 destinabas
985 3507 1062 3550 ortos.
1098 3501 1184 3561 Quem
1204 3503 1313 3549 secutus
1332 3503 1379 3548 est

245 3583 307 3618 raro
324 3569 450 3633 reperiri,
468 3573 605 3619 testantur
623 3584 692 3634 qnae
711 3585 786 3635 egre·
836 3569 963 3620 Kleukor.
983 3571 1011 3618 in
1023 3569 1145 3633 Append.
1164 3569 1200 3619 ad
1211 3569 1377 3618 Zendavest.

245 3638 290 3702 gie
307 3637 377 3689 hane
395 3640 424 3687 in
442 3653 497 3689 rem
521 3639 672 3704 disputarit
690 3639 784 3690 Grote-
834 3639 894 3689 Vol.
915 3641 952 3690 Il.
977 3641 1008 3688 P.
1037 3639 1062 3690 3.
1090 3654 1117 3703 p.
1143 3641 1168 3690 5.
1195 3639 1237 3690 13.
1278 3635 1380 3688 Malim

246 3707 319 3758 send.
342 3708 370 3756 in
387 3708 539 3773 Boettigeri
559 3708 678 3758 Amalth.
698 3709 736 3760 11.
755 3725 782 3772 p.
835 3709 959 3773 equidem
972 3707 1123 3773 intelligere
1138 3709 1199 3758 deos
1213 3709 1312 3770 [οννιιιε
1328 3707 1379 3756 Isu-

245 3776 279 3826 119
296 3791 388 3842 seqq,
410 3777 531 3842 ipsisque
554 3777 731 3844 exoperibus
754 3779 783 3826 in
834 3793 935 3842 manae,
954 3779 1001 3842 qui
1018 3777 1099 3828 iidem
1116 3777 1159 3840 ll,
1180 3777 1227 3828 142
1247 3777 1382 3828 dieantur

243 3845 360 3895 medium
377 3846 500 3909 protulit.
531 3841 630 3912 Neque
653 3847 722 3898 enim
741 3863 782 3910 eo,
833 3838 1065 3912 ἀνθρωποειδέες
1086 3845 1166 3908 θεοί,
1191 3862 1278 3912 neque
1292 3846 1381 3898 aliter

244 3915 317 3980 quod
336 3913 504 3978 idololatria,
531 3932 600 3981 quae
618 3921 746 3980 vocatur,
766 3932 783 3966 a
833 3907 1039 3982 ἀνθρωποειδῆ
1051 3909 1195 3982 ἀγάλματα
1212 3917 1240 3967 iu
1252 3916 1382 3968 Clemen-

243 3983 782 4048 Persarumreligionealianaest,omnss
833 3987 868 4035 tis
892 3986 952 4038 loeo
974 3987 1054 4036 modo
1079 3987 1153 4038 laud.
1190 3987 1249 4049 Quo
1278 3986 1381 4040 eodem

242 4053 374 4117 imagines
393 4051 502 4104 divinae
514 4069 659 4120 earumque
674 4071 739 4105 usns
753 4056 781 4104 in
833 4070 914 4105 sensu
935 4055 1072 4106 Diodorus
1095 4057 1144 4118 IV,
1163 4055 1197 4108 69
1221 4055 1381 4108 Centauros

242 4121 368 4185 gemmis,
395 4121 456 4170 aliis
485 4123 676 4186 excluduntur:
707 4139 782 4174 acce·
833 4123 900 4174 dicit
915 4115 1155 4190 ἀνθρωποφυεῖς,
1179 4125 1198 4178 i.
1218 4142 1242 4176 e.
1264 4125 1383 4178 διναοαο

242 4191 310 4240 dunt
327 4189 383 4240 alia
402 4191 558 4242 animalium
581 4195 657 4244 varie
675 4208 782 4257 compo·
829 4195 927 4256 forma,
942 4197 1028 4260 figura
1044 4197 1185 4258 praeditos.
1211 4197 1305 4261 Neque
1323 4195 1384 4246 ali-

241 4259 355 4310 sitorum
373 4259 511 4325 symbola,
534 4262 626 4327 qualia
643 4263 672 4312 in
688 4275 781 4313 menn·
831 4267 875 4314 tar
890 4263 1024 4314 Herodoti
1046 4264 1134 4317 laeam
1150 4265 1268 4331 intelligi
1284 4265 1384 4318 voluit

241 4327 340 4380 mentis
369 4327 583 4394 Persepoiitanis
611 4329 699 4384 adhuc
724 4343 780 4382 aer·
830 4328 938 4384 ameris
955 4331 1058 4386 David:
1082 4333 1186 4401 Iupiter
1203 4347 1239 4386 en
1256 4333 1385 4388 Reeber·
