3008 4924
256 277 316 340 804
687 278 954 341 HERODOTI

256 460 364 522 ατίων
378 452 522 522 τοσαῦτά
536 454 621 539 ἐστι,
636 449 806 542 οὐνόματα
819 454 859 522 ds‘
870 472 931 540 σφι
946 453 1056 520 κέεται
1070 447 1136 520 ἀπὸ
1149 453 1217 518 τῶν
1231 449 1391 536 τεχνέων.

256 562 291 626 or‘
302 557 338 625 dl
353 555 487 646 μάχιμοι
502 553 615 626 αὐτῶν
629 559 803 626 καλέονται
821 556 884 646 μὲν
897 557 1099 644 Καλασίριές
1112 581 1147 622 τε
1164 554 1220 621 καὶ
1229 549 1392 640 Ἑρμοτύ-

257 668 344 749 βιες,
364 663 400 728 ἐκ
414 666 529 749 νομῶν
544 661 580 730 di
595 665 703 730 τῶνδε
725 666 799 730 εἰσί.
837 656 920 728 κατὰ
938 656 1002 749 γὰρ
1018 656 1059 747 δὴ
1080 655 1203 746 νομοὺς
1216 665 1395 742 Αἴγυπτος

256 861 469 912 nerbtreibenclen
488 861 610 927 Berger),
628 867 656 912 et
678 861 731 926 ipsi
748 876 796 925 pro
848 860 899 910 bus
911 859 1053 909 maritimis
1071 859 1173 909 hebent
1191 863 1396 920 auctoresope-

257 931 376 992 artibus,
402 947 469 996 quse
493 931 595 996 singuli
612 931 798 996 profiteantur,
848 923 1394 994 risnescript.del'ng.v01.11.(Tneb.)

258 1003 286 1050 in
304 1001 417 1050 totidem
436 999 537 1050 classes
553 1001 649 1064 dirisi,
668 1015 728 1051 cnm
742 998 797 1048 filio
847 1013 911 1064 psg.
930 999 973 1050 63.
1311 1055 1317 1070 ⁶

257 1070 365 1120 nonnisi
383 1075 468 1120 artem
483 1071 568 1134 patris
582 1074 701 1120 trectere
717 1068 798 1118 licue-
883 1062 1051 1130 Καλασίριές
1071 1079 1100 1114 τε
1124 1059 1171 1113 καὶ
1194 1056 1394 1130 Ἑρμοτνβιες]

257 1141 302 1189 rit.
340 1139 418 1190 (loni.
441 1139 544 1190 Herod.
563 1139 601 1200 ΙΙ,
629 1140 675 1191 141
699 1143 726 1188 et
745 1139 798 1188 Ro·

258 1209 347 1259 sellini
360 1209 480 1259 Monum.
493 1208 565 1258 civil.
583 1209 637 1258 111.
656 1223 717 1273 peg.
738 1207 797 1268 198,

258 1278 378 1328 Boeclrb.
411 1279 452 1327 iu:
483 1277 618 1328 Abhandl.
645 1277 671 1327 d.
695 1277 797 1327 Berlin.

258 1348 348 1398 Aked.
368 1348 394 1397 d.
419 1347 584 1396 Wisseuseb.
608 1361 652 1396 an.
683 1347 747 1396 leno
771 1351 799 1395 et

260 1417 335 1468 1821.
356 1432 418 1480 pag.
435 1417 469 1465 24
487 1431 544 1480 seq.
580 1417 620 1465 Ac
633 1415 724 1465 mirnri
737 1414 799 1464 snb·

260 1491 319 1546 eat,
343 1485 378 1534 sb
397 1484 536 1534 Herodoto
561 1499 614 1534 non
641 1499 799 1534 commemo-

258 1555 492 1700 1111111111
510 1553 639 1672 {¹²⁸le
659 1569 799 1688 ‘etrele

259 1693 341 1744 classi
371 1691 506 1757 eonqlorn
535 1692 689 1757 adscriptos
715 1692 799 1742 inisse

260 1762 368 1828 quidem
388 1777 531 1822 censuere;
555 1763 624 1825 nisi,
647 1777 699 1826 quo
724 1761 800 1812 ducit

258 1834 316 1898 ipse
326 1831 490 1894 Herodotus,
506 1847 566 1882 cum
583 1835 683 1882 terrum
695 1847 799 1882 omnem

260 1903 354 1967 aequis
373 1902 542 1966 portionibus
560 1902 631 1952 inter
650 1901 799 1966 Aegyptios

260 1972 376 2022 divisam
401 1987 461 2021 esse
483 1972 579 2022 scribit
602 1971 639 2034 11,
665 1969 800 2036 199,ρ1α-

258 2043 329 2091 rium
352 2041 466 2091 aliarum
494 2041 621 2090 classium
651 2041 799 2090 communis

260 2111 343 2160 luerit
352 2110 529 2176 agricultura,
543 2125 593 2160 nec
605 2115 707 2160 certum
716 2109 799 2174 quod·

260 2181 322 2230 dem
337 2180 472 2230 bominum
488 2195 573 2243 genus
588 2179 769 2229 constitnerit.

296 2242 330 2298 oi
347 2243 378 2298 di
402 2239 545 2313 ἑρμηνέες]
564 2250 605 2298 De
623 2249 800 2310 interpretibus

260 2319 377 2368 vidimus
396 2318 430 2368 sd
450 2318 490 2380 11,
511 2317 569 2368 154.

296 2380 325 2435 ol
349 2383 381 2436 ol
402 2383 581 2452 seipsosque]
603 2386 799 2436 Gubernatorem

260 2455 348 2506 classe
370 2455 443 2506 baud
463 2455 483 2503 ii
508 2455 640 2506 contineri
664 2454 800 2518 videntur,

260 2525 346 2588 siqui
370 2525 485 2574 neribus
507 2539 555 2588 per
577 2539 650 2574 mare
672 2525 800 2574 veheren-

260 2598 319 2654 tur,
344 2609 403 2643 cnm
428 2609 501 2643 mare
525 2608 634 2644 exosum
657 2599 730 2644 esset
748 2596 800 2644 Ae-

260 2662 377 2727 gyptiis,
402 2663 450 2713 sed
473 2663 600 2728 frequens
624 2665 735 2714 istorum
754 2664 802 2714 bo·

260 2733 359 2782 minum
382 2747 482 2798 genus,
506 2735 551 2798 qui
573 2735 601 2783 in
625 2733 701 2795 Nilo,
725 2733 802 2783 inun-

261 2801 380 2852 dationis
398 2803 556 2867 praesertim
575 2809 707 2868 tempore,
727 2803 802 2853 nsvi-

262 2873 400 2938 gationem
422 2872 613 2923 instituebant.
657 2873 736 2924 Ocni.
763 2873 801 2935 11,

261 2941 296 2990 96
320 2941 385 3006 ibiq.
409 2947 466 2992 not.
492 2947 519 2991 et
539 2942 661 3008 inprimis
684 2943 800 2993 Heeren.

261 3010 280 3061 l.
300 3011 317 3060 l.
338 3027 401 3076 pag.
422 3009 719 3074 143-145,Βοτα111α1
744 3011 799 3061 1.1.

261 3095 325 3146 psg.
352 3081 411 3142 122,
436 3081 573 3146 Brugsch:
596 3083 689 3131 Lettre
711 3081 728 3130 a
748 3083 800 3132 Mr.

262 3149 403 3214 deRouge
427 3155 479 3201 eto.
503 3165 567 3216 pag.
591 3151 622 3202 51
650 3150 711 3201 coll.
736 3166 799 3216 pag.

844 1126 1057 1201 Ἐρματνμβιεῑς
1078 1139 1212 1185 vocentur
1233 1133 1306 1198 opud
1331 1133 1394 1183 Ste-

847 1207 928 1270 phsn.
943 1207 1059 1270 Bynent.
1079 1220 1102 1254 s.
1116 1219 1143 1254 r.
1180 1205 1222 1254 Τα
1235 1203 1297 1252 add.
1309 1201 1395 1252 Hem-

849 1275 964 1326 sterbns.
982 1273 1016 1324 all
1025 1273 1164 1338 Aristopb.
1181 1272 1253 1323 Plut.
1268 1271 1329 1334 7⁶29,
1344 1273 1394 1336 qni

849 1345 985 1394 diversum
1013 1343 1155 1408 utriusque
1179 1343 1269 1408 gentis
1292 1356 1394 1391 nomen

848 1415 992 1465 ediverso
1015 1412 1130 1462 restitns
1155 1426 1254 1476 genere
1272 1415 1393 1460 tractum

850 1499 910 1534 esse
926 1487 1029 1533 censet.
1065 1481 1119 1532 Sed
1136 1480 1295 1531 iablonskio
1308 1481 1396 1530 inter-

849 1559 939 1618 prete,
958 1553 1043 1602 Vocc.
1068 1553 1155 1616 Aegg.
1179 1565 1243 1616 pag.
1261 1549 1296 1601 69
1314 1565 1393 1614 seqq.

851 1623 895 1673 191
918 1636 1004 1686 seqq„
1022 1620 1191 1683 Καλασίριες
1201 1627 1264 1670 sunt
1282 1622 1394 1674 iuuenes.

850 1693 1024 1741 adolescentes
1041 1690 1117 1754 (inde
1141 1690 1257 1740 maxime
1279 1690 1339 1754 spti
1357 1689 1395 1738 sd

850 1759 1396 1894 llll‘llllanllltttilttelll

850 1901 983 1961 bellantes,
1002 1901 1142 1962 militantes,
1161 1899 1258 1963 quibus
1271 1899 1395 1948 seniores

850 1969 966 2034 intelligi
984 1967 1147 2030 arbitratur,
1166 1967 1201 2018 ed
1215 1968 1334 2033 patriam
1348 1967 1395 2016 de-

851 2038 1012 2088 fendendam
1030 2043 1122 2103 potins
1141 2037 1292 2088 destinatos
1310 2051 1394 2102 quarn

850 2107 885 2158 ad
904 2107 1004 2157 bellum
1023 2113 1100 2158 extra
1117 2107 1233 2173 Aegypti
1249 2106 1316 2156 fines
1333 2123 1395 2171 pro·

850 2177 999 2230 terendum.
1044 2175 1178 2242 Seyfferth
1203 2178 1344 2241 (Beitrige
1368 2193 1394 2226 ι.

849 2247 990 2296 Keutnise.
1010 2246 1036 2296 d.
1061 2245 1110 2296 alt.
1132 2249 1250 2312 Aegypt.
1268 2246 1307 2296 11.
1328 2261 1394 2312 pag.

850 2317 885 2366 94
897 2331 954 2381 seq.
975 2315 1034 2382 147)
1053 2316 1246 2381 Hermotybios
1263 2317 1396 2380 interpre-

851 2390 925 2435 tatur
940 2395 1096 2450 pugnatores
1105 2385 1147 2435 vel
1156 2387 1335 2447 interfectores
1344 2401 1395 2448 ps-

848 2457 973 2520 grandnm
989 2463 1077 2505 contra
1095 2470 1143 2506 sen
1159 2455 1271 2517 hostien,
1291 2455 1396 2506 Calasi·

851 2525 907 2574 rios
926 2525 1037 2589 exponit
1054 2517 1299 2589 μαχαιροφόρους,
1325 2527 1394 2574 scal-

848 2609 898 2657 pro
916 2596 1080 2658 personantes
1106 2610 1128 2645 s.
1156 2596 1307 2645 occidentes.
1351 2594 1395 2644 Ad

851 2661 1003 2714 lablonskii
1025 2663 1145 2713 rationes
1170 2665 1257 2728 mngis
1284 2663 1395 2714 accedit

851 2732 1003 2784 Uhlemann
1022 2731 1165 2798 (Philolog.
1190 2735 1308 2798 Aegypt.
1327 2749 1394 2798 pag.

854 2803 919 2853 lbet
932 2803 1031 2868 18),ααί
1039 2801 1236 2853 Culasiriisnnt
1246 2804 1394 2853 odolescen-

852 2880 903 2934 tes,
930 2873 1100 2938 Hermotybii
1128 2873 1295 2923 custodientes
1321 2875 1394 2921 clon—

852 2949 916 3004 stm,
933 2943 951 2993 1.
971 2958 995 2994 e.
1015 2957 1066 3005 „ea
1080 2943 1214 2992 exercitus
1231 2957 1303 3007 pers,
1322 2957 1395 3006 qnae

853 3011 965 3062 castelle
987 3013 1092 3078 patriae
1115 3012 1286 3062 custodiebat
1308 3017 1396 3076 atque

853 3081 1029 3144 defendebat,
1049 3081 1111 3132 dnm
1127 3084 1237 3132 invenes
1250 3081 1395 3132 tortissimi

852 3157 934 3216 atque
959 3151 1120 3201 validissimi
1143 3148 1339 3216 (Καλασίριες)
1366 3151 1393 3200 in

264 3219 304 3268 18.
324 3219 433 3269 Etenim
447 3220 475 3270 in
485 3235 587 3285 papyro
601 3220 715 3285 bilingui
731 3235 802 3270 com-

261 3293 443 3338 memorantur
465 3290 559 3354 ntique
582 3289 735 3340 huiusmodi
753 3304 801 3338 nn-

261 3351 402 3420 βερνήται.
437 3359 477 3408 dc
500 3360 617 3423 pertinet
639 3359 691 3409 buc
710 3374 801 3424 quam·

851 3235 961 3285 campos
980 3221 1180 3272 descendebant
1202 3226 1229 3270 et
1252 3221 1280 3268 in
1304 3234 1396 3284 aequo

851 3305 969 3355 pugnam
984 3291 1055 3340 ciere
1066 3290 1220 3342 solebant.“
1251 3289 1302 3338 His
1312 3289 1395 3350 adde,

851 3375 920 3425 quae
937 3359 1020 3410 habet
1038 3360 1168 3411 Roselliui
1185 3359 1203 3410 l.
1220 3359 1238 3408 1.
1256 3373 1320 3424 pag.
1341 3359 1394 3411 ‘203

261 3425 376 3475 maxime
406 3425 546 3492 inscriptio
576 3429 693 3494 sepulcri
717 3443 801 3493 prope
851 3444 909 3494 seq.
945 3431 1079 3480 Heerenio
1105 3429 1123 3481 l.
1148 3429 1166 3481 1.
1190 3443 1253 3494 png.
1280 3429 1331 3479 139
1355 3427 1395 3478 di-

260 3499 380 3544 veterem
402 3494 541 3561 Ilithyiam
568 3496 650 3560 (nunc
673 3497 707 3547 Et
728 3497 800 3564 Kub)
850 3513 947 3549 versae
957 3500 1082 3564 primitus
1093 3499 1177 3549 luisse
1185 3499 1314 3548 videntur
1326 3513 1395 3564 gen-

262 3564 374 3614 invente
397 3570 423 3614 et
447 3565 474 3615 in
502 3573 623 3617 nostrum
651 3581 800 3618 sermonem
852 3573 893 3619 tes
919 3585 941 3619 s.
966 3569 1068 3632 tribus,
1093 3583 1164 3634 quae
1187 3567 1302 3618 diversis
1327 3583 1395 3632 quo·

262 3649 394 3684 conversa
404 3649 420 3683 a
432 3635 581 3700 Brugschio
594 3634 800 3700 (Reisebericbt.
853 3653 904 3704 qne
924 3637 992 3688 locis
1007 3638 1158 3688 habitarint
1175 3639 1239 3688 etin
1248 3651 1331 3686 uuam
1345 3637 1395 3686 mi-

261 3717 310 3752 ans
322 3703 439 3768 Aegypt.
452 3719 514 3770 peg.
529 3704 675 3771 troseqq„
693 3707 752 3756 Em.
767 3705 801 3756 de
851 3707 928 3757 litum
947 3707 1062 3758 classem
1077 3707 1141 3758 dein
1159 3707 1320 3758 coaluerint.
1357 3707 1396 3756 At

261 3771 356 3838 Rougd
371 3773 450 3822 Mem.
465 3789 509 3824 sur
521 3773 664 3840 rinscript.
684 3775 719 3826 dn
734 3781 801 3826 tom·
850 3782 934 3842 neget
947 3777 1099 3827 Thierbucb
1118 3775 1137 3826 l.
1150 3776 1179 3840 1.,
1200 3775 1301 3827 milites
1319 3773 1395 3826 elius

261 3841 331 3891 bean
348 3840 484 3906 d'dbmds,
504 3843 567 3894 chel
583 3845 616 3895 de
633 3846 799 3896 nantoniers.
851 3847 944 3911 stirpis
954 3847 1119 3912 originisque
1130 3846 1214 3897 luisse
1224 3851 1306 3911 atque
1317 3845 1395 3910 ipsos

260 3911 348 3960 Puris.
375 3911 468 3978 1851);
490 3913 663 3977 praedicatur
686 3915 802 3964 enimin
851 3915 1006 3966 Pbareonos
1021 3915 1070 3966 reli
1090 3931 1192 3982 nosque
1204 3917 1243 3966 Ae
1262 3915 1367 3980 yptios.

261 3995 294 4029 en
310 3981 408 4043 Alces,
419 3987 561 4032 nanterum
572 3984 800 4049 princepssrege
886 3975 915 4034 ἐκ
939 3982 1034 4047 νομῶν
1062 3931 1094 4036 dd
1116 3982 1206 4034 ταῖνδε
1235 3931 1305 4050 edei]
1329 3984 1396 4035 Iure

260 4048 377 4100 donatns
400 4055 483 4116 atque
500 4051 662 4116 honoratus,
683 4053 801 4120 itemque
849 4057 928 4104 notat
947 4055 1063 4106 Heeren.
1086 4053 1104 4104 l.
1129 4053 1147 4104 1.
1172 4070 1234 4120 pag.
1263 4053 1321 4104 red.
1344 4053 1393 4106 131

260 4115 342 4168 classi
359 4120 528 4184 preelectus,
551 4138 605 4188 qna
628 4137 675 4172 rex
692 4125 800 4188 expedi·
849 4123 912 4174 coll.
935 4123 1066 4174 Roselliui
1089 4123 1108 4174 l.
1128 4123 1147 4173 l.
1171 4139 1234 4190 pag.
1255 4123 1316 4184 200,
1338 4139 1396 4174 rus·

258 4185 346 4236 tiones
370 4189 489 4240 instituit
510 4191 691 4258 victoriaeque
709 4207 800 4258 repor-
848 4193 947 4242 ximarn
965 4192 1079 4244 militum
1099 4197 1203 4257 purtem
1221 4193 1249 4242 in
1268 4192 1395 4242 interiori

258 4255 338 4304 tevit.
372 4257 444 4334 'Inde
463 4266 588 4311 monente
609 4263 652 4312 Or.
678 4262 712 4312 ad
732 4262 757 4312 b.
777 4261 796 4312 l.
848 4263 973 4328 Aegypto
997 4267 1084 4313 terres
1106 4279 1170 4314 suae
1198 4277 1232 4312 ac
1256 4263 1395 4313 stationes

257 4319 429 4390 κυβερνητας
447 4327 529 4380 hosce
544 4346 593 4394 pro
610 4331 798 4396 gubernatori·
846 4332 975 4383 babuisse
987 4333 1157 4398 assignatas,
1176 4347 1236 4382 cnm
1249 4345 1321 4384 nnus
1334 4339 1397 4384 tau-
