3020 4930
642 277 913 344 EXOURSUS
937 279 986 342 XI

602 701 921 781 EXOURSUS
954 707 1012 780 XI

425 871 519 938 An
570 870 960 939 uunonor.
1011 875 1064 958 11,
1118 879 1188 942 123.

491 1029 545 1098 [Ec
557 1033 679 1084 Greuzeri
689 1033 829 1084 Commenta
842 1032 960 1084 Herodd.
970 1049 999 1097 p.
1008 1031 1056 1085 3³1
1064 1032 1128 1102 rep]

735 1215 883 1227 ..η-...ι

328 1343 446 1412 „Zoega
471 1351 544 1398 recte
571 1347 676 1416 accepit
700 1349 785 1400 rerba
806 1347 939 1401 Herodoti
969 1347 1019 1402 τοῦ
1040 1341 1165 1417 σώματος
1185 1340 1215 1400 di
1237 1347 1382 1414 καταφθιὶ

242 1448 340 1492 νοντας
359 1432 391 1484 de
410 1449 520 1500 corpore
540 1433 641 1503 dilapso
661 1442 686 1487 et
705 1433 732 1486 in
753 1434 852 1486 eineres
872 1431 1046 1500 dissoluto*).
1083 1433 1152 1485 Nem
1173 1433 1287 1502 primum
1303 1432 1380 1500 cogi-

244 1515 328 1568 tanda
354 1520 420 1568 sunt
442 1516 521 1568 uobis
544 1517 624 1570 rudia
646 1521 673 1570 et
693 1518 820 1571 inchoata
841 1519 1025 1570 tantummodo
1051 1518 1131 1570 initia
1161 1517 1379 1570 condiendorum

243 1617 398 1670 corporum,
414 1617 499 1670 quae,
517 1607 548 1654 ut
560 1602 668 1672 quidem
683 1603 802 1670 ridetur,
819 1622 833 1655 e
849 1601 968 1655 desertis
986 1602 1092 1656 Africae
1108 1603 1257 1668 ducuntur,
1277 1608 1380 1672 sponte

243 1685 433 1738 arescentibus
450 1685 631 1741 cadaveribus
647 1688 721 1740 sicco
734 1693 826 1755 rento,
843 1695 871 1740 et
885 1688 918 1740 ad
933 1695 1041 1757 tempus
1056 1689 1231 1741 durantibus.
1259 1687 1378 1752 Deinde,

245 1771 293 1842 qui
312 1787 450 1840 pauperes
466 1789 497 1824 ac
511 1777 611 1824 tennes
626 1790 676 1842 per
690 1774 845 1842 Aegyptum
862 1773 939 1824 tenui
957 1773 1074 1843 rudique
1089 1773 1207 1826 artilicio
1226 1777 1290 1842 post
1307 1790 1380 1824 mor-

243 1863 296 1909 tem
319 1855 532 1910 condiebantur:
556 1875 648 1910 eorum
670 1857 805 1911 cadavera
826 1875 922 1928 parum
944 1857 1073 1910 credibile
1088 1865 1149 1910 erat
1168 1859 1195 1909 in
1216 1865 1380 1926 perpetuum

245 1942 392 2009 duratura,
415 1945 447 1993 ut
463 1943 582 1995 omittam
598 1942 733 1995 nobiliora
748 1960 860 2012 quoque
877 1949 905 1994 et
925 1943 1151 2012 generosioribus
1169 1942 1280 1995 condita
1293 1943 1378 1996 medi-

244 2026 374 2080 camentis
396 2045 512 2097 corpora
530 2047 584 2080 uon
607 2027 635 2080 iu
657 2033 818 2098 perpetuum
844 2027 971 2080 immunis
992 2045 1008 2079 a
1029 2028 1185 2098 corruptela
1208 2045 1280 2080 esse.
1318 2029 1380 2080 Nec

245 2112 331 2179 magis
348 2113 509 2180 memorabo,
525 2113 563 2179 ri,
582 2115 656 2166 l'erro
673 2113 793 2182 igneque
809 2115 933 2166 abenmta
951 2131 1014 2165 esse
1032 2130 1227 2183 nonnunquam
1243 2113 1381 2165 cadavera

244 2198 390 2262 medicata,
413 2196 488 2248 velut
502 2214 576 2265 cum,
598 2197 733 2265 Cambyse
748 2198 833 2266 duce,
856 2197 959 2252 Persae
979 2197 1126 2251 bellatores
1144 2216 1194 2268 per
1208 2197 1380 2252 Thebaidem

244 2289 311 2336 stunt
325 2282 454 2349 grassati.
485 2283 523 2334 Et
537 2287 623 2336 tameu
642 2301 718 2336 nemo
735 2283 879 2353 quisquam
897 2282 1093 2353 Aegyptiorum
1112 2284 1229 2336 omnium
1246 2283 1380 2336 fraudan-

245 2369 298 2420 dus
315 2384 347 2418 eo
362 2365 461 2419 solatio
479 2373 553 2419 erat:
581 2369 697 2421 animum
711 2387 787 2421 auum
804 2370 882 2422 ctiam
895 2369 998 2440 dilapso
1014 2369 1120 2439 corpori
1130 2369 1294 2439 superstitem
1308 2375 1380 2432 rore.

247 2453 317 2520 Quid
336 2453 421 2522 igitur
435 2459 562 2520 fecerunt
580 2455 747 2506 sacerdotes?
770 2453 925 2508 Docuerunt
939 2455 1070 2524 hydriam.
1106 2457 1209 2510 Plebem
1229 2456 1382 2510 imbuerunt

244 2556 277 2591 co
292 2537 429 2606 opinione,
455 2541 629 2604 atterentem,
654 2540 686 2591 ab
702 2540 813 2592 consido
829 2558 953 2610 corpore,
974 2538 1001 2592 h.
1017 2557 1042 2591 e.
1064 2540 1181 2610 dilapso,
1204 2541 1258 2593 olio
1272 2559 1305 2594 ea
1321 2542 1381 2594 ets·

243 2640 358 2693 corpora
370 2621 554 2692 ingressurum
567 2624 678 2678 hortinis
693 2624 822 2678 animum:
843 2625 891 2678 riti
904 2635 1071 2678 reservarunt
1091 2625 1257 2679 eruditiorem
1273 2634 1381 2679 rentes-

244 2709 309 2764 tinm
321 2703 586 2778 palingcncrioa**).
620 2709 683 2772 Qua
705 2709 732 2760 in
752 2727 783 2761 re
802 2709 870 2761 illud
891 2727 968 2761 nemo
984 2709 1093 2761 obiiciat
1110 2710 1204 2762 uobis:
1230 2709 1281 2761 boo
1297 2719 1380 2780 pacto

243 2791 341 2847 melius
363 2791 518 2846 consultum
539 2794 628 2847 luisse
649 2793 786 2862 primariis
812 2794 880 2847 viria
903 2794 1116 2864 honoratisque,
1141 2801 1172 2846 ut
1194 2794 1291 2863 quise
1312 2813 1380 2848 cou-

245 2877 362 2932 diendos
386 2893 484 2930 curare
508 2883 624 2948 possent
643 2879 785 2931 ellicacius
806 2879 840 2931 ad
863 2878 1073 2948 perpetuitatem
1092 2879 1194 2931 formae
1218 2897 1380 2948 corporeae,

245 2980 324 3034 quam
341 2981 400 3016 cum
415 2962 522 3016 intimae
537 2963 702 3016 conditionis
718 2963 880 3032 hominibus,
900 2969 931 3015 ut
947 2979 1061 3033 quorum
1077 2963 1210 3017 cadavera
1226 2964 1308 3016 citius
1324 2966 1379 3017 dil-

244 3049 372 3101 fluerent.
406 3048 475 3102 Nam
489 3048 602 3118 primum
618 3066 696 3100 nemo
712 3049 817 3116 nescit,
841 3049 870 3100 iu
886 3047 1018 3100 eiusmodi
1034 3048 1206 3100 sacerdotum
1227 3066 1380 3120 regumque

246 3133 417 3186 orientalium
439 3133 551 3201 imperio
567 3150 647 3202 quam
662 3133 714 3184 vim
730 3134 828 3186 babeat
843 3132 989 3185 Castorum
1005 3132 1175 3198 differentia,
1198 3139 1225 3185 et
1245 3141 1379 3202 quantum

245 3217 299 3270 sibi
321 3217 455 3286 hodieque
476 3217 605 3270 ludorum
627 3217 770 3287 optimates
792 3217 955 3285 indulgeant
980 3218 1008 3269 in
1033 3225 1211 3270 extremarum
1231 3217 1379 3272 Castorum

245 3301 376 3355 homines.
410 3301 515 3354 Deinde
537 3302 581 3354 vel
600 3301 748 3355 vilissimae
770 3303 855 3354 sortis
877 3303 1013 3368 homines,
1038 3301 1085 3372 qui
1102 3307 1166 3372 post
1185 3309 1295 3356 mortem
1311 3303 1378 3356 Osi-

313 3483 340 3548 *)
364 3484 444 3534 Hanc
466 3484 520 3534 viri
537 3483 612 3532 docti
630 3484 883 3550 interpretationem
901 3483 1011 3548 probari
1034 3483 1106 3533 haurd
1125 3499 1204 3548 posse
1224 3483 1380 3533 monuimus

139 3547 141 3550 ⁵
246 3554 282 3606 ad
298 3553 336 3612 11,
355 3553 415 3614 123,
437 3553 484 3603 ubi
501 3553 556 3604 vid.
575 3557 643 3604 nott.
683 3551 751 3620 [Bm]

312 3621 356 3687 **)
377 3623 456 3672 Hanc
475 3621 610 3690 duplicem
629 3625 708 3689 quasi
725 3621 920 3687 Aegyptiorum
938 3621 1093 3670 doctrinam
1114 3620 1147 3671 de
1166 3620 1276 3671 animae
1297 3623 1378 3671 statu

244 3696 440 3759 postmortem,
459 3689 574 3742 alteram
589 3691 797 3754 sacerdotalem,
817 3690 932 3742 alteram
945 3690 1090 3755 plebeiam,
1109 3705 1142 3740 ex
1152 3689 1287 3742 Herodoti
1300 3695 1378 3742 certe

243 3763 334 3814 verbis
360 3762 453 3826 colligi
476 3760 550 3812 band
574 3778 654 3827 posse
678 3779 755 3813 nemo
772 3760 834 3828 lnon
856 3759 1000 3826 intelligit:
1027 3775 1114 3826 neque
1139 3761 1223 3810 etiam
1241 3759 1379 3811 Herodoti

242 3834 326 3885 verba
341 3849 374 3882 eo
391 3831 499 3893 valere,
525 3836 556 3881 nt
574 3833 694 3882 animam
712 3837 770 3882 tum
788 3831 910 3892 demum,
933 3829 1041 3895 quando
1060 3829 1196 3893 dilapsum
1215 3829 1300 3880 tuerit
1317 3845 1378 3880 cor·

242 3919 304 3966 pus,
326 3903 355 3951 in
374 3900 531 3952 animalium
546 3917 660 3968 corpora
678 3903 856 3966 migraturam
874 3916 934 3951 esse
946 3899 1099 3960 credamus,
1120 3899 1167 3949 sed
1185 3901 1304 3949 animam
1319 3905 1379 3950 sta-

242 3973 309 4034 tim,
328 3973 481 4022 intereunte
498 3987 626 4035 corpore,
643 3971 704 4036 ipso
722 3971 818 4020 mortis
836 3969 954 4020 articulo
971 3969 1143 4033 migrationis
1161 3969 1214 4018 iter
1232 3974 1378 4034 suscepta·

241 4055 315 4102 ram,
339 4042 369 4091 in
392 4045 461 4091 nott.
486 4040 521 4090 ad
538 4041 576 4102 ΙΙ,
594 4040 644 4092 123
667 4041 735 4091 satis
753 4041 978 4090 monstravimus:
1004 4038 1164 4102 quibuscum
1186 4037 1376 4098 conserantur,

242 4123 311 4173 quae
329 4114 442 4161 auctore
460 4109 611 4161 Rosellinio
630 4111 658 4159 in
675 4111 789 4160 Excurs.
810 4107 949 4169 ad11‚85
967 4107 1137 4172 protulimus.
1173 4109 1272 4173 Itaque
1290 4123 1375 4158 unam

240 4183 348 4229 tantum
375 4180 461 4232 luisse
486 4181 682 4246 Aegyptiorum
706 4179 861 4230 doctrinam
887 4179 921 4230 ds
946 4179 1053 4228 animae
1077 4181 1139 4244 post
1162 4183 1276 4228 mortem
1298 4182 1377 4228 statu

240 4248 376 4299 credimus
395 4265 509 4316 eamque
526 4251 604 4302 vario
622 4249 701 4300 modo
720 4248 850 4299 traditam
869 4249 1008 4314 variisque
1028 4248 1194 4314 imaginibus
1211 4248 1376 4308 exhibitam,

241 4316 350 4384 qualem
371 4317 427 4368 lere
452 4321 627 4384 antiquorum
653 4321 816 4385 scriptorum
839 4334 925 4382 aeque
945 4333 978 4368 ao
997 4323 1230 4369 monumentorum
1253 4320 1377 4383 ipsorum

237 4387 288 4440 fide
313 4388 441 4451 exposuit
461 4389 549 4439 Roth:
571 4389 668 4441 Gesch.
690 4389 716 4440 d.
736 4386 838 4438 Philos.
857 4389 879 4438 1.
900 4403 927 4452 p.
944 4389 994 4439 177
1010 4403 1085 4455 seqq.
1125 4383 1194 4453 [Bm]
