3020 4930
6 4459 9 4652 l

7 4727 12 4900 Ι

470 311 537 373 AD
560 313 814 377 HERODOT.
837 317 879 391 11,
902 325 928 378 5.
1208 313 1270 382 849

136 489 214 559 tique
236 487 366 540 afflarint.
407 486 464 550 Qui
482 487 598 540 enimin
621 487 813 558 superioribus
832 489 951 560 Aegypti
971 489 1133 558 regionibus
1154 497 1269 562 propter

137 572 296 630 celeriorem
313 571 392 624 fluvii
407 587 516 625 cursum
531 572 713 642 maioremque
731 573 865 626 undarum
882 574 935 627 rim
952 575 1107 628 subsistere
1123 575 1195 628 haud
1216 595 1266 646 po·

136 659 223 712 tuerit
240 658 336 726 limus,
357 673 416 710 eum
433 657 462 709 in
477 657 604 711 inferiori
617 656 759 725 Aegypto,
784 658 831 710 ubi
845 659 925 710 fluvii
940 659 1030 712 exitus
1047 660 1076 712 in
1092 678 1180 726 mare,
1200 662 1267 714 sub·

137 743 236 796 sistere
258 759 372 796 necesse
392 742 496 809 fuisse,
521 741 606 796 fluvio
628 741 735 794 scilicet
756 742 847 796 minus
861 743 957 812 rapido
973 761 1023 796 nec
1038 743 1128 797 limum
1149 745 1266 800 ulterius

137 828 237 882 vehere
249 827 369 880 valente.
401 827 469 881 Cum
483 825 569 894 igitur
583 827 671 880 medio
686 827 715 878 in
731 827 818 880 fluvio
833 826 888 880 limi
904 836 931 879 et
947 845 1048 881 arenae
1066 831 1145 900 copia
1160 831 1265 884 substi-

136 913 219 966 tisset
236 912 345 982 paludis
369 911 403 963 ad
423 911 513 964 instar
533 919 582 964 aut
603 911 705 980 syrtis,
734 929 848 965 necesse
869 912 982 966 fluvium
1007 911 1141 966 dissecari
1163 913 1191 966 in
1212 915 1266 968 dno

137 998 262 1064 brachia,
287 1014 359 1067 quae
372 995 497 1066 paludem
513 1015 536 1050 s.
553 1003 680 1064 stagnum
698 995 725 1048 in
742 1003 843 1050 terram
861 997 1044 1050 continentem
1059 997 1188 1068 paulatim
1202 1017 1266 1052 con-

136 1099 247 1135 versum
264 1082 396 1151 utrinque
413 1079 596 1134 includerent.
629 1081 701 1133 Hinc
721 1081 786 1132 bina
803 1081 861 1133 Nili
878 1082 950 1134 ostis
970 1082 1121 1152 primitiva,
1145 1083 1267 1151 Canopi-

137 1183 195 1220 cum
210 1175 238 1220 et
251 1165 437 1234 Pelusiacum
453 1165 603 1237 dequibus
619 1165 674 1217 vid.
691 1173 760 1217 nott.
777 1166 811 1218 ad
823 1166 859 1234 ΙΙ,
869 1165 911 1225 17.
942 1166 1044 1219 Addam
1054 1166 1181 1237 deniqne,
1197 1183 1267 1236 qnae

135 1252 164 1304 in
181 1251 294 1305 eandem
314 1269 369 1304 rem
389 1255 480 1304 monet
494 1251 606 1304 Dureau
627 1250 662 1302 de
676 1249 702 1301 la
714 1249 797 1303 Malle
817 1251 845 1302 in
861 1251 1019 1320 Gtograph.
1039 1252 1176 1322 physique
1193 1251 1227 1303 de
1242 1249 1268 1302 la

135 1354 191 1391 ruer
207 1336 284 1389 noire
299 1354 326 1406 p.
339 1341 374 1394 42
385 1353 463 1406 seqq.
487 1335 551 1388 coll.
567 1341 603 1395 23
614 1353 674 1405 seq.
690 1340 725 1393 25
735 1353 795 1405 seq.
829 1334 898 1387 Tria
919 1335 965 1388 ille
981 1336 1152 1406 potissimum
1167 1335 1267 1388 distin-

136 1421 184 1490 gui
208 1420 270 1474 vult
285 1420 313 1472 in
339 1419 398 1472 solo
419 1421 560 1473 inferioris
583 1419 717 1489 Aegypti:
739 1419 854 1488 primum
874 1419 979 1490 lapides
999 1437 1030 1472 ac
1053 1437 1120 1473 saxa
1141 1419 1266 1488 calcaria,

135 1505 237 1560 dudum
258 1521 329 1576 quae
350 1504 406 1557 illic
427 1506 546 1574 luerint,
570 1521 621 1557 nec
639 1503 718 1556 fluvii
735 1503 921 1558 alluvionibus
939 1511 1028 1558 ortum
1048 1505 1181 1572 debeant3
1203 1505 1267 1558 dein

136 1609 245 1644 arenam
259 1591 414 1657 adrectam3
435 1597 491 1643 tum
502 1589 581 1643 fluvii
596 1589 698 1655 limum,
722 1606 776 1658 quo
793 1606 890 1660 magna
904 1591 986 1642 maris
1001 1607 1066 1660 pars
1083 1589 1192 1660 expleta
1206 1591 1267 1642 t'ue-

136 1675 366 1774 rit‘accedente
388 1675 467 1728 simul
488 1691 571 1728 arena
591 1674 683 1727 ventis
704 1673 757 1725 huc
783 1675 915 1740 conflata,
946 1679 974 1727 et
997 1675 1189 1727 cohibentibus
1212 1671 1267 1726 illis

137 1777 221 1827 saxis,
238 1775 308 1830 quae
322 1759 410 1812 adhuc
424 1759 452 1811 in
469 1759 596 1812 litoribus
608 1757 800 1810 Alexandrinis
815 1759 872 1810 sint
888 1759 1046 1829 conspicua,
1067 1759 1201 1812 undarum
1212 1775 1267 1812 ma·

137 1845 177 1899 ris
192 1844 352 1898 alluentium
373 1844 439 1913 viru,
469 1861 524 1914 quo
540 1842 649 1896 facilius
672 1841 752 1895 limus
770 1843 924 1896 subsistere
945 1849 973 1896 et
986 1845 1014 1896 in
1034 1851 1135 1898 terram
1150 1843 1267 1897 evadere

136 1930 268 2001 potuerit.
305 1929 373 1981 Eam
389 1929 477 1997 igitur
499 1929 639 1996 regionem
661 1944 758 1992 revera
780 1945 830 1996 pro
851 1927 910 1980 Nili
932 1929 1004 2000 dono
1025 1947 1087 1982 esse
1109 1929 1266 1998 habendam,

137 2015 239 2068 cumin
255 2013 315 2066 dies
331 2013 377 2066 illa
394 2013 452 2066 Nili
467 2012 694 2066 inundationibus
709 2017 844 2079 augeatur
861 2017 889 2064 et
903 2019 1018 2067 crescat.
1057 2015 1098 2067 De
1113 2013 1187 2066 saxis
1203 2013 1267 2082 illis,

138 2111 214 2172 quae·
228 2099 339 2152 multum
357 2098 504 2166 valuerint,
523 2098 649 2150 Ritterus
670 2113 779 2166 quoqne
790 2101 882 2149 monet
896 2115 924 2167 p.
935 2103 987 2157 855
998 2097 1016 2149 l.
1029 2097 1046 2150 l.
1079 2099 1131 2150 His
1146 2098 1268 2151 virorum

137 2185 280 2238 doctorum
300 2183 535 2252 disputationibus
553 2182 621 2234 adde
636 2197 706 2251 quae
722 2181 750 2233 in
765 2181 877 2234 eandem
893 2183 1055 2235 sententiam
1075 2183 1268 2235 disseruerunt

137 2269 203 2321 Chr.
216 2269 312 2338 Kappr
326 2267 495 2321 Vermischte
507 2267 639 2320 Auisitzc
651 2265 798 2335 (Kampten
812 2265 892 2332 1833)
907 2285 935 2336 p.
948 2271 1009 2326 139.
1032 2267 1148 2320 Russel:
1161 2267 1266 2336 Egypt.

138 2353 317 2424 (Edinburgh
328 2352 446 2406 cabinet
464 2353 540 2406 Libr.
553 2351 610 2418 lll)
626 2369 653 2420 p.
666 2353 718 2408 464
729 2367 808 2420 seqq.
829 2349 891 2402 coll.
908 2370 936 2420 p.
949 2355 983 2411 36
995 2369 1053 2422 aeq.
1076 2359 1104 2405 et
1118 2352 1266 2422 praecipue

137 2437 299 2506 Russeggor
312 2435 427 2510 (Reisen
442 2442 493 2490 etc.
507 2437 563 2504 1,1.
576 2453 603 2504 p.
613 2439 660 2493 251
672 2452 731 2506 seq.
749 2434 810 2486 coll.
821 2435 897 2502 232),
914 2435 962 2506 qu'i
974 2437 1144 2506 pronuntiat,
1165 2451 1267 2490 omnem

136 2522 292 2575 inferiorem
304 2523 459 2591 Aegyptum
474 2522 555 2574 unice
570 2521 763 2572 conformatam
778 2537 841 2572 esse
858 2517 958 2572 alluvie
970 2519 1042 2588 Nili,
1066 2521 1114 2590 qni
1128 2521 1211 2573 maris
1228 2521 1266 2572 si-

136 2623 200 2659 num
222 2607 296 2660 inter
310 2607 431 2674 Libycos
453 2613 481 2660 et
497 2605 629 2659 Arabicas
648 2609 755 2657 montes
770 2603 833 2657 limo
853 2604 1031 2675 compleverit
1051 2611 1206 2676 terramque
1226 2605 1267 2657 sic

136 2691 328 2760 adaggeratam
344 2692 474 2744 continuo
490 2690 657 2760 promoverit
672 2705 744 2741 mare
761 2705 870 2742 versus.
904 2689 927 2741 A
944 2690 1046 2759 quibus
1061 2690 1142 2760 plane
1157 2689 1266 2742 dissen-

136 2777 248 2831 tientem
263 2776 371 2846 reperio
386 2777 474 2828 virum
485 2761 609 2841 doctum,
628 2773 792 2841 Ehronberg
808 2773 1056 2845 (Monatsberichte
1068 2775 1095 2827 d.
1107 2773 1265 2828 Vsrhandll.

137 2861 187 2916 der
203 2861 388 2915 Gesellschast
400 2861 446 2913 fuir
456 2859 608 2912 Erdlrunde
625 2863 703 2917 1852.
715 2857 763 2909 lx.
780 2875 807 2926 p.
822 2861 856 2916 32
868 2859 958 2927 seq),
983 2860 1030 2929 qui
1045 2859 1071 2910 in
1085 2857 1179 2911 Nilum
1193 2857 1267 2909 eius-

138 2963 192 3016 que
208 2953 333 2999 naturam
346 2961 378 2997 ac
393 2943 517 3012 regionis
526 2943 606 2996 Delta
619 2941 806 2994 lamnationem
821 2941 971 3010 parNilnm
984 2949 1016 2994 ut
1033 2941 1130 2994 rolant
1143 2943 1266 2994 effectam

137 3031 290 3100 inquirens,
307 3029 436 3083 instituta
451 3027 530 3081 simul
544 3025 651 3094 analysi
665 3025 859 3095 microscopioa
870 3031 898 3078 et
910 3043 998 3096 aquae
1008 3025 1131 3079 Niliacae
1143 3031 1172 3077 et
1185 3025 1240 3077 limi
1251 3041 1267 3075 a

137 3113 204 3167 Nilo
220 3115 328 3184 aggesti
350 3114 423 3168 effici
443 3113 509 3166 inde
526 3111 601 3178 vult,
624 3109 743 3178 Aegypti
762 3110 831 3162 hanc
846 3114 949 3178 partem
970 3109 1040 3163 falso
1059 3109 1197 3179 perhiberi
1218 3109 1265 3160 do·
1285 3141 1287 3148 ι

138 3215 201 3252 num
210 3200 298 3270 fluvii,
316 3200 365 3252 sed
374 3199 475 3252 donum
486 3197 579 3268 potius
591 3213 653 3248 osse
665 3194 739 3246 vitae
754 3193 900 3262 organicae
916 3199 998 3264 atque
1010 3195 1037 3246 in
1054 3211 1085 3246 se
1097 3194 1197 3247 habere
1214 3193 1266 3247 vim

138 3299 215 3340 suam
237 3285 446 3354 procreatricem
467 3301 499 3336 ac
519 3281 698 3336 salutiferam.
730 3278 822 3348 Atque
839 3277 891 3332 iam
912 3285 993 3330 antea
1006 3278 1164 3331 Wilkinson
1186 3277 1266 3350 („0n

137 3369 184 3423 the
199 3369 263 3422 Nile
287 3369 340 3421 and
360 3369 405 3422 the
425 3372 539 3438 present
560 3366 614 3419 and
635 3367 736 3417 former
751 3362 852 3416 Levels
875 3364 907 3415 of
918 3363 1028 3432 Egypte
1044 3364 1089 3415 inr
1104 3362 1220 3416 Journal
1239 3362 1270 3414 ot'

136 3454 184 3506 the
205 3453 397 3524 geographical
421 3453 526 3520 society
549 3451 597 3504 IX.
619 3469 646 3520 p.
665 3454 714 3508 431
736 3447 828 3518 sqq.),
859 3447 1051 3517 quamplures
1081 3447 1168 3500 secuti
1190 3451 1266 3512 sunt,

137 3537 218 3591 Delta
238 3539 346 3592 dixerat
365 3555 439 3591 nunc
463 3539 533 3591 idem
553 3553 616 3589 esse
643 3533 808 3602 eosdemque
835 3531 935 3586 habere
958 3533 1028 3586 lines
1051 3531 1266 3601 septentrionem

136 3639 253 3690 versus,
276 3640 347 3693 quos
368 3623 495 3676 babuerit
514 3627 542 3674 et
556 3618 691 3673 Herodoti
705 3617 875 3686 temporibus
898 3625 925 3670 et
947 3617 1127 3670 remotissima
1146 3615 1266 3684 antiqui-

136 3713 203 3777 tate,
222 3723 291 3778 quaa
306 3709 421 3777 cogitari
435 3707 534 3777 possit.
568 3705 600 3757 ln
617 3704 697 3756 cuius
713 3702 877 3755 sententiam
892 3720 946 3772 quo
962 3702 1052 3759 minus
1067 3702 1169 3768 abeam,
1185 3698 1268 3751 multa

136 3791 349 3862 aRusseggero
371 3792 489 3862 aliisque
509 3790 578 3844 viris
601 3787 689 3842 doctis
704 3803 791 3857 supra
811 3786 930 3840 laudatis
946 3787 1087 3857 disputata
1109 3785 1272 3856 prohibent.

138 3876 293 3948 nullamque
314 3878 394 3931 video
416 3893 539 3942 causam,
560 3891 610 3926 cur
629 3874 662 3926 ab
678 3889 771 3925 eorum
787 3872 925 3924 sententie
944 3872 1095 3940 discedam,
1117 3887 1188 3940 quae
1205 3869 1267 3937 ipsa

137 3962 190 4015 soli
206 3973 306 4016 natura
325 3980 355 4016 ac
369 3963 458 4014 totius
476 3959 599 4028 regionis
621 3957 712 4010 indole
734 3956 813 4009 valde
832 3959 1040 4025 comprobatur..
1066 3955 1141 4008 ldem
1162 3953 1268 4006 iudicat

136 4047 266 4100 Wheeler
280 4047 445 4117 Geography
470 4047 501 4099 of
512 4043 646 4097 Herodot.
667 4060 694 4111 p.
710 4043 773 4098 350.
789 4045 841 4100 352
865 4049 922 4094 not.
946 4042 1075 4094 Osbarn:
1097 4039 1158 4092 The
1171 4054 1266 4090 monu-

136 4132 236 4184 mental
254 4132 360 4200 history
378 4134 409 4184 of
419 4133 522 4200 Egypt.
535 4129 558 4182 l.
574 4147 602 4198 p.
615 4135 641 4187 5.
676 4124 773 4178 Paulin
787 4124 905 4178 Talabot
918 4127 961 4178 in:
976 4125 1073 4179 Rerue
1089 4125 1116 4177 d.
1132 4124 1159 4176 d.
1175 4121 1266 4176 mund.

138 4218 236 4288 (1853)
251 4217 286 4270 T.
302 4217 336 4270 Χ.
353 4235 380 4287 p.
396 4221 448 4276 485
463 4231 542 4285 seqq.

595 4369 808 4380 .—-n—-———

182 4500 349 4543 HERODO'I'.
372 4499 394 4539 1.
