3020 4930
225 256 288 319 856
515 265 516 269 ’
612 252 885 316 EXOURSUS
908 254 971 316 VII

226 431 463 503 significationem,
481 446 562 500 quarn
573 430 657 483 verbo
668 432 760 483 ποιεῖν
770 427 900 480 tributam
913 427 980 494 vult,
998 427 1173 497 probandam,
1191 426 1260 481 elios
1271 447 1357 500 qnos-

225 521 284 573 dam
299 518 374 570 locos
394 516 526 586 (Diogen.
539 515 633 568 Laert.
646 514 767 566 Praeiat.
780 517 806 578 S.
819 517 845 570 3.
864 513 999 566 Herodot.
1013 513 1064 580 III,
1078 515 1122 572 38.
1141 512 1268 582 Sopboal.
1283 517 1357 586 apud

224 603 322 658 Athen.
334 600 412 654 XIII.
425 601 553 670 p.604D.
566 599 639 652 xlv.
650 618 677 672 p.
689 599 783 659 6271).
801 597 909 650 Platon.
922 598 1020 666 Lysid.
1032 617 1060 667 p.
1072 603 1123 656 205
1136 596 1168 649 Α.
1184 597 1225 651 De
1235 597 1355 670 Republ.

224 689 261 741 11.
275 707 303 758 p.
315 684 441 754 379Α.),
468 701 584 755 quorum
602 691 690 738 tamen
710 683 780 738 ratio
801 683 891 736 aliena
910 681 1021 736 videtur
1041 683 1075 734 ab
1094 698 1127 734 ea
1143 682 1356 753 significatione,

224 790 304 844 quam
320 772 382 841 ipse
399 771 426 822 in
445 770 504 822 loco
524 770 682 822 Herodoteo
700 768 793 822 ralera
814 767 989 820 existimavit.
1019 766 1110 838 Atque
1127 767 1222 820 afferri
1243 785 1356 840 quoque

221 857 325 928 poterit
344 853 413 908 alter
431 855 530 908 Nostri
547 855 624 907 locus
641 853 688 920 IV,
706 859 754 914 35:
777 845 905 922 (ὕμνον)
922 846 972 906 τόν
989 869 1038 920 σφι
1054 845 1144 922 Ὠλὴν
1161 845 1233 922 ἀνὴρ
1251 848 1357 917 Λύκιος

223 936 385 1011 ἐποίησε,
405 957 476 1010 quae
486 941 571 992 rerba
586 939 626 992 sic
637 938 757 992 reddidit
766 938 920 990 Pausanias
933 936 979 1004 IX,
995 940 1038 1003 27,
1051 945 1084 997 2:
1099 930 1203 1000 Λύκιος
1217 933 1247 991 δὲ
1256 931 1356 1012 Ὠλὴν,

221 1019 254 1090 ὃς
272 1018 397 1086 καὶτοὺς
412 1016 594 1094 ὅμνοοςτοὺς
610 1017 808 1094 ἀρχαιοτάτους
824 1016 990 1092 ἐποίησεν
1002 1013 1177 1092 Ἕλλησιν,
1196 1023 1257 1075 coll.
1278 1025 1356 1090 vni,

222 1119 266 1172 21.
279 1116 305 1178 ς.
318 1116 349 1178 3,
374 1109 421 1162 ubi
438 1109 509 1162 idem
525 1109 654 1161 laudatur
665 1110 779 1178 Δηλίοις
795 1099 902 1176 ὕμνους
917 1104 965 1160 καὶ
982 1099 1082 1169 ἄλλους
1099 1101 1255 1176 ποιήσας
1265 1107 1314 1162 καῖ
1330 1104 1357 1172 ἐς

222 1195 384 1252 marmorea
396 1215 422 1248 κ.
437 1214 462 1250 τ.
473 1197 497 1248 t.
519 1193 565 1246 Sic
577 1193 710 1259 Aristeas,
729 1193 776 1263 qui
789 1187 920 1254 ἐποποιὸς
931 1193 1005 1261 apud
1016 1192 1126 1245 Suidam
1142 1201 1265 1262 vocatur,
1282 1195 1358 1263 apud

222 1281 392 1337 Herodotum
404 1279 451 1347 IV,
464 1284 498 1339 13
509 1279 584 1350 (coll.
601 1283 641 1336 14.
654 1279 702 1345 16)
714 1278 815 1330 dicitur
826 1273 911 1332 ἔπεα
920 1282 1022 1348 ποιεῖν,
1039 1277 1155 1330 Alcaeus
1168 1296 1233 1330 vero
1244 1278 1292 1348 (V,
1304 1282 1357 1343 95)

224 1362 254 1422 ἐν
263 1363 339 1437 μέλεϊ
354 1370 456 1418 ποιεῖν.
490 1365 520 1415 ln
535 1363 636 1433 quibus
652 1362 719 1416 locis
733 1364 844 1416 verbnm
858 1366 950 1416 ποιεῖν
968 1379 1020 1414 non
1039 1379 1097 1414 eam
1112 1361 1197 1414 colum
1213 1363 1294 1415 animi
1307 1365 1356 1416 de-

224 1453 310 1506 clarat
332 1449 504 1515 saoultatem,
535 1465 605 1518 quae
635 1449 669 1500 ad
687 1455 825 1518 sormam,
852 1454 883 1500 ut
904 1447 1056 1516 loquimur,
1083 1455 1205 1516 spectat,
1228 1465 1289 1500 cum
1311 1467 1357 1502 res

224 1538 313 1590 animo
333 1541 479 1606 perceptae
498 1550 624 1586 sermone
646 1533 732 1601 ligato
755 1539 933 1602 exponuntur
954 1537 1038 1602 atque
1056 1532 1095 1584 ite
1112 1532 1179 1584 artis
1203 1551 1286 1602 opera
1308 1534 1357 1586 ed-

222 1623 308 1676 bibita
324 1627 509 1688 exornantur,
531 1620 580 1672 sed
596 1618 629 1671 ad
648 1619 787 1674 materiam
798 1634 909 1688 quoque
921 1619 1057 1684 refertur,
1080 1617 1139 1669 sive
1157 1617 1191 1669 ad
1209 1633 1357 1686 argumen-

223 1717 294 1776 tum,
320 1707 393 1777 quod
411 1711 509 1774 poetae
526 1705 616 1774 ipsius
639 1703 752 1773 ingenio
776 1702 958 1770 excogitatum
983 1709 1012 1754 et
1029 1702 1055 1754 in
1074 1702 1190 1754 medium
1207 1703 1356 1772 prolatum,
1377 1741 1392 1766 .

223 1793 337 1862 suisque
354 1789 462 1857 legibus
481 1795 509 1841 et
529 1789 653 1842 consiliis
674 1794 718 1840 est
737 1787 972 1840 accommodatum.
1004 1787 1084 1840 Unde
1102 1787 1171 1840 satis
1188 1787 1287 1857 opinor
1307 1806 1359 1858 pa·

222 1877 306 1943 tebit,
334 1874 405 1926 illem
421 1873 600 1940 Weeselingii
618 1873 766 1939 rationem,
796 1889 850 1942 qua
868 1872 921 1924 vim
940 1877 968 1924 et
987 1877 1149 1942 potestatem
1166 1873 1246 1926 verbi
1262 1879 1358 1927 ποιεῖν

221 1962 249 2013 in
263 1967 359 2013 nostro
377 1959 436 2011 loco
448 1958 482 2010 ad
491 1964 612 2028 sormam
627 1963 732 2010 tantam
749 1959 916 2025 referamus,
934 1956 1046 2010 exclusa
1061 1975 1177 2026 prorsus
1196 1957 1282 2011 altera
1298 1958 1356 2026 ille,

222 2063 293 2116 quae
311 2045 345 2098 ad
365 2044 452 2114 ipsam
470 2060 580 2114 quoque
597 2044 737 2099 materiam
759 2047 882 2112 spectat,
906 2042 1017 2110 probari
1036 2059 1089 2094 non
1105 2059 1203 2112 posse,
1229 2044 1357 2114 quemvis

223 2135 359 2200 receptam
372 2146 387 2180 a
398 2129 546 2198 Larcbero,
564 2127 774 2195 wyttenbachio
791 2127 840 2198 (nd
851 2126 960 2179 Platon.
972 2126 1112 2178 Phaedon.
1126 2131 1222 2196 p.129‚
1237 2128 1285 2180 ubi
1296 2129 1323 2180 b.
1338 2129 1355 2180 l.

224 2216 264 2267 sic
279 2215 356 2268 reddi
376 2213 450 2266 vult:
473 2213 521 2280 „bi
540 2217 699 2278 aerosum,
722 2211 769 2282 qui
780 2211 892 2264 dearum
909 2211 1103 2278 generationes
1112 2211 1227 2264 Graecis
1238 2216 1360 2268 carmine

224 2297 450 2372 prodiderunt“),
471 2297 643 2364 Goettlingio
660 2296 831 2366 (adHesiod.
844 2295 965 2348 Praelat.
983 2315 1011 2365 p.
1023 2295 1084 2348 XLI
1103 2295 1146 2348 ed.
1162 2297 1233 2364 sec.)
1251 2299 1359 2367 Negris

223 2391 292 2456 (quo
312 2389 438 2436 monente
450 2378 480 2436 oi
488 2375 653 2451 ποιήσαντες
668 2386 735 2433 sunt
749 2377 778 2434 ai
790 2374 948 2450 γράψαντες
964 2378 1003 2442 εἰς
1016 2381 1137 2448 στίχους,
1158 2375 1187 2434 σι’
1198 2378 1360 2452 στιχοποιή.

214 2473 345 2540 σαντες),
365 2467 436 2519 aliis.
467 2466 574 2519 Etenim
592 2467 644 2518 iam
663 2465 765 2519 dadum
782 2465 825 2518 vel
844 2472 958 2535 propter
975 2465 1094 2518 dativum
1112 2457 1251 2540 (Ἔῖῖησι)
1269 2469 1357 2521 verbo

221 2547 387 2622 ποιήσαντες
406 2551 527 2604 additum
549 2551 582 2602 de
600 2551 650 2602 bac
667 2550 845 2618 Wesaelingii
866 2550 973 2602 ratione
992 2549 1128 2602 dubitavit
1147 2551 1264 2604 Wolfius
1285 2553 1359 2606 Pro-

221 2639 293 2706 legg.
312 2637 423 2688 Homer.
443 2655 471 2706 p.
491 2635 568 2702 LIV,
597 2636 765 2704 eandemque
788 2641 905 2704 prortus
930 2635 1089 2704 reprobavit
1104 2643 1240 2704 mmquam
1257 2637 1357 2690 salsam

221 2724 257 2774 G.
280 2722 428 2774 Hermann.
458 2720 649 2792 (Homeriscbe
671 2720 763 2773 Briele
786 2738 815 2790 p.
838 2727 870 2779 11
893 2737 971 2789 seqq.
996 2719 1100 2788 Opusc.
1122 2721 1158 2772 11.
1182 2739 1210 2790 p.
1222 2725 1271 2782 171
1292 2723 1356 2776 coll.

221 2807 335 2860 Wiener
345 2806 459 2859 Jahrbb.
471 2804 544 2858 LIV.
558 2823 585 2873 p.
599 2805 680 2872 232),
704 2805 749 2856 cui
768 2804 926 2857 Creuzerus
945 2804 1137 2874 (Homeriscbe
1150 2805 1243 2858 Brieie
1260 2824 1288 2875 p.
1305 2807 1357 2874 Ἠ)

221 2891 406 2962 adstipulatus
418 2898 477 2958 est,
496 2891 613 2960 itemque
626 2890 701 2940 Cron
715 2889 769 2958 (De
782 2888 893 2958 Orpheo
904 2907 931 2957 p.
944 2893 979 2946 14
990 2889 1098 2958 seqq),
1116 2889 1185 2941 elios
1197 2899 1228 2942 ut
1238 2897 1354 2958 taceam,

220 2996 247 3030 v.
262 2995 286 3029 c.
306 2975 439 3028 Matthiae
451 2974 621 3026 Vermiscbte
633 2973 747 3025 Schriit.
760 2991 787 3042 p.
803 2979 867 3038 122,
890 2972 1014 3043 Lennep.
1028 2975 1061 3026 ad
1075 2974 1191 3026 Hesiod.
1207 2974 1355 3044 Theogon.

220 3081 247 3131 p.
261 3061 324 3128 XII,
342 3078 373 3112 ac
389 3059 537 3129 praecipue
549 3057 679 3111 Niteacb:
702 3057 889 3127 Sagenpoesie
901 3058 919 3109 d
942 3058 1080 3111 Griecben
1093 3077 1120 3128 p.
1133 3064 1185 3118 302
1196 3077 1274 3129 seqq.
1302 3065 1357 3119 544

220 3163 309 3215 seqq„
330 3143 559 3214 Schimmelpleng
571 3142 599 3194 in
612 3143 837 3196 commentatione
856 3143 890 3194 de
901 3142 954 3194 diis
972 3143 1000 3195 in
1019 3150 1195 3212 conspectum
1215 3145 1285 3196 bom.
1305 3163 1356 3197 ve-

220 3229 361 3281 nientibus
380 3229 454 3298 apud
470 3228 618 3280 Homerum
634 3227 800 3298 (Marburg.
821 3227 908 3294 1845)
927 3245 954 3296 p.
971 3231 998 3286 8.
1042 3228 1139 3297 Itaque
1160 3230 1243 3281 verbo
1259 3235 1356 3284 ποιεῖν

220 3313 270 3364 boc
290 3311 349 3364 laco
368 3319 465 3364 nostro
484 3312 584 3364 nullam
605 3312 725 3364 arbitror
742 3311 820 3363 aliam
837 3311 923 3364 tribui
941 3329 1023 3382 posse
1044 3311 1273 3380 significationem
1297 3315 1355 3368 nisi

219 3415 292 3464 eam,
315 3414 370 3467 qua
390 3399 529 3451 Hesiodum
547 3406 626 3465 atquae
639 3398 801 3451 Herodotum
819 3397 1003 3470 Theogoniam
1024 3399 1132 3452 Graecia
1145 3400 1291 3453 condidisse
1311 3400 1354 3452 dl-

218 3499 321 3536 camus.
356 3482 411 3536 Sed
421 3482 533 3551 gravior
544 3482 596 3534 iam
609 3482 734 3534 exoritur
745 3482 888 3551 quaestio,
913 3499 967 3552 quo
982 3483 1044 3536 iure
1058 3489 1086 3534 et
1099 3500 1154 3554 quo
1172 3501 1258 3536 sensu
1276 3491 1355 3538 uter-

219 3586 273 3639 que
295 3573 377 3638 poeta
395 3573 423 3620 et
440 3569 602 3622 condierat
619 3569 742 3621 inuentor
756 3566 934 3634 Theogoniae
950 3568 1074 3620 Graecae
1092 3568 1145 3621 dici
1161 3567 1265 3639 possit,
1292 3587 1353 3622 cum

219 3659 282 3706 ante
300 3659 446 3723 utrumque
463 3659 570 3722 poetam
588 3651 657 3705 alios
673 3669 724 3722 per
742 3652 884 3704 Graeciam
903 3652 1045 3706 exstitisse
1064 3659 1158 3720 vates,
1183 3654 1353 3722 sacerdotes,

218 3739 346 3791 derebus
360 3737 462 3790 divinis
474 3737 634 3804 tradentes,
652 3736 748 3805 negari
761 3741 894 3807 nequeat,
914 3755 1003 3807 neque
1027 3740 1153 3808 proiecta
1171 3756 1204 3791 ee
1215 3739 1352 3792 Herodoti

218 3821 357 3875 sententia
373 3839 435 3874 esse
454 3821 558 3892 possit,
584 3827 616 3874 ut
638 3821 881 3894 (quemadmodum
899 3823 990 3876 sensit
1009 3823 1084 3876 Cron
1104 3841 1133 3893 p.
1153 3823 1207 3890 15)
1232 3824 1352 3876 nondum

216 3906 328 3972 cognita
337 3906 457 3976 indeque
474 3923 591 3976 prorsus
606 3925 678 3958 nova
694 3907 858 3960 tradiderint
873 3907 1010 3961 Homerus
1032 3911 1114 3978 etque
1126 3907 1282 3976 Hesiodus,
1303 3927 1352 3962 ne·

216 4005 270 4058 qne
289 3990 436 4061 quidquam
458 3991 558 4044 Graeci
577 3990 693 4044 fabulati
717 3992 823 4045 luerint
843 3999 906 4046 ante
925 3993 975 4045 hos
993 3999 1104 4062 poetas,
1132 3992 1180 4062 qui
1199 3992 1253 4061 ipsi
1270 3993 1352 4062 primi

218 4089 321 4126 omnem
332 4077 501 4128 Graecorum
520 4076 553 4129 de
570 4075 623 4129 diis
640 4077 792 4130 doctrinam
810 4077 869 4129 sire
888 4077 1046 4146 religionem
1066 4077 1249 4144 excogitarint
1266 4085 1351 4148 etque

217 4159 382 4226 repererint.
415 4160 476 4212 Hoc
488 4178 547 4214 oiim
564 4163 634 4214 bene
651 4161 820 4230 intelligeret
833 4161 932 4230 Heyne
949 4163 992 4232 (in
1011 4162 1202 4215 commentatt.
1222 4161 1349 4214 societet.

216 4241 343 4310 Gotting.
360 4247 439 4303 1779.
456 4243 516 4297 Vol.
529 4247 566 4298 ll.
578 4264 605 4316 p.
618 4249 698 4314 133),
721 4247 855 4299 Herodoti
872 4249 957 4300 verbe
974 4247 1012 4298 ita
1032 4245 1119 4317 accipi
1138 4246 1241 4312 voluit,
1269 4251 1301 4298 ut
1322 4247 1350 4298 bi

212 4331 309 4398 poetae
329 4325 408 4398 primi
428 4327 548 4396 luerint,
573 4331 642 4401 „qui
661 4348 707 4400 ee,
735 4347 806 4402 quae
823 4331 922 4402 priscis
940 4331 1106 4386 carminibus
1124 4337 1174 4384 aut
1189 4331 1350 4387 narratione
