3058 4928
245 289 307 350 576
678 291 949 353 HERODOTI

245 461 439 544 διαστάντες
471 462 625 551 φυλακάς
659 470 773 553 ἔχουσι
812 471 881 536 τῶν
915 463 1119 556 αἰελούρων,
1155 463 1383 556 ἀμελήσαντες

242 567 427 655 σβεννύναι
453 566 491 636 τὸ
515 568 713 658 καιόμενον·
750 575 786 639 οἰ
811 569 849 639 δέ
874 573 1063 658 αἰέλουροι,
1099 571 1296 650 ὅιαόύοντες
1323 572 1381 640 καὶ

242 667 543 760 ὑπερθρώσκοντες
575 671 653 752 τούς
682 669 903 764 ἀνθρώπους,
941 672 1136 744 ἐσάλλονται
1169 677 1202 754 ές
1234 671 1272 743 τὸ
1299 679 1379 764 πῦρ.

241 781 346 844 ταῦτα
372 775 409 844 δέ
434 776 609 864 γινόμενα,
638 779 766 848 πένθεα
794 777 921 866 μεγάλα
951 774 1029 856 τούς
1049 785 1258 864 Αἰγυπτίους
1274 805 1379 846 κατα-

242 880 416 968 λαμβάνει.
462 883 499 949 έν
525 877 646 951 ὁτέοισι
673 878 705 950 d’
727 877 770 951 άν
791 888 925 951 οἰκίοισι
943 883 1115 972 αἰέλουρος
1131 877 1290 970 ἀποθάνῃ
1311 878 1379 950 άπὸ

241 988 303 1052 τοῦ
325 981 534 1071 αὐτομάτου,
563 989 597 1053 οἰ
618 988 822 1067 ἐνοικέοντες
841 984 963 1064 πάντες
981 987 1155 1074 ξυρέονται
1173 982 1231 1066 τάς
1248 983 1380 1073 ὀφρύας

243 1085 385 1176 μούνας,
403 1085 484 1177 παρ’
503 1082 625 1158 ὁτέοισι
641 1085 674 1157 d'
692 1084 735 1159 άν
751 1089 861 1174 κύων,
881 1093 949 1158 πᾶν
964 1086 1001 1157 τὸ
1015 1093 1110 1178 σῶμα
1123 1089 1178 1158 καὶ
1195 1087 1257 1178 τὴν
1271 1115 1377 1176 κεφα-

195 1199 233 1262 67
244 1190 317 1281 λήν.
347 1187 546 1278 Ἀπάγουται
565 1192 602 1262 δὲ
622 1196 656 1262 οἰ
672 1197 839 1284 αἰέλουροι
857 1188 1087 1272 ἀποθανόντες
1107 1197 1141 1273 ἐς
1159 1189 1233 1281 ἰράς
1249 1195 1379 1280 στέγας,

241 1352 393 1426 πρήγματα
420 1359 528 1410 omnino
555 1359 660 1425 aliquid
687 1360 784 1410 mirum
835 1359 887 1411 209
909 1365 936 1409 et
963 1359 1000 1422 11,
1029 1361 1072 1423 47,
1100 1361 1224 1426 quamvis
1253 1359 1379 1410 exhibeat

242 1437 324 1496 atque
337 1429 471 1492 iueoleue,
490 1429 562 1494 quod
576 1445 636 1480 eum
649 1431 784 1495 explicare
835 1429 1110 1481 Schellerahemianue
1125 1431 1194 1481 libor
1212 1422 1379 1494 ἀπαγέαται,

242 1516 375 1565 nequeas,
404 1499 535 1548 diuinitus
561 1500 696 1550 aoeidiaae
721 1515 785 1550 oon·
835 1499 908 1564 quod
924 1499 1075 1564 Schweigh.
1099 1507 1126 1550 et
1151 1501 1239 1552 Gaias.
1263 1500 1379 1565 placuit.

242 1575 401 1620 aeutaneum
419 1570 464 1621 eit.
503 1569 785 1633 eonf.1‚12·2.174
836 1569 963 1620 Sedvid.
988 1577 1058 1620 nott.
1084 1571 1118 1620 ad
1141 1570 1198 1620 l.1.
1236 1570 1300 1620 Mox
1318 1564 1378 1634 iqui

243 1645 270 1690 et
288 1640 336 1702 vl,
354 1639 397 1690 69.
837 1631 931 1702 στέγαι
955 1645 983 1689 et
1006 1633 1066 1704 ἰραλ
1092 1637 1197 1704 θῆκαι,
1221 1655 1289 1704 ques
1306 1639 1380 1688 inira

278 1703 307 1758 oi
318 1702 371 1775 μὲν
388 1700 440 1775 γὰρ
455 1700 604 1774 Αἰγύπτιοι
623 1699 784 1757 διαστάν-
837 1708 916 1770 dicit,
935 1725 989 1760 uon
1007 1709 1147 1772 differunt,
1167 1715 1242 1760 reete
1254 1715 1379 1760 mouente

241 1779 308 1847 τες]
335 1780 353 1831 1.
372 1795 397 1830 e.
417 1795 465 1844 per
489 1777 634 1829 intervalla
652 1793 674 1828 e.
694 1778 786 1844 spatia
837 1778 1103 1844 Schweighaeusero.
1139 1781 1209 1831 Sunt
1231 1781 1301 1830 enim
1319 1795 1378 1830 ron-

243 1850 368 1916 dispoeiti
401 1849 494 1900 felium
526 1848 665 1899 custodiar
700 1853 786 1913 agunt
836 1849 943 1912 ditoria,
970 1864 1099 1914 camerae,
1126 1852 1220 1912 celiae,
1245 1855 1269 1901 r'n
1292 1849 1380 1914 quitur

243 1936 293 1971 nee
321 1921 469 1986 quidquam
495 1923 590 1969 oureut
620 1918 783 1969 incendium.
835 1921 926 1969 mortui
940 1921 1086 1969 condantur.
1126 1920 1172 1970 Sin
1182 1917 1273 1985 θῆκαι
1284 1919 1320 1980 ΙΙ,
1333 1917 1379 1970 di).

242 1991 386 2041 Caeterum
412 1989 521 2039 dubitat
542 1987 707 2038 Wilkineou.
725 1987 744 2036 1.
765 1987 783 2037 l.
836 1986 879 2037 90.
901 1989 950 2038 148
974 1993 1001 2038 et
1024 1989 1096 2054 apud
1116 1991 1229 2040 Diodor.
1251 1988 1335 2040 Sioul.
1356 1989 1379 2051 1,

242 2077 306 2126 pag.
325 2062 368 2121 61,
387 2075 453 2109 num
467 2074 562 2108 rerum
581 2059 631 2121 eit,
649 2056 722 2123 qnod
740 2057 784 2106 hie
835 2051 1381 2123 83,οαι1ε11τοοικ1εοτ11ιειααιιφέρουσι

243 2131 277 2180 de
295 2129 378 2179 nimia
396 2143 461 2179 eura
478 2133 618 2188 narretur,
637 2141 706 2192 quae
725 2127 785 2176 Ieli-
835 2121 877 2183 εἰς
894 2119 944 2184 τὰς
962 2127 1114 2207 ruotgerus·
1128 2123 1225 2180 ἔπειτα
1236 2127 1381 2192 deomen-

241 2200 293 2248 bue
305 2199 455 2258 tribuatur;
469 2197 573 2247 mavult
584 2198 620 2247 ed
630 2211 662 2246 ea
674 2197 784 2258 resume,
835 2189 949 2248 θέντων
967 2189 1062 2247 uritur
1079 2196 1181 2268 κεδρίᾳ
1196 2229 1232 2238 -
1249 2193 1381 2247 θάπτου-

243 2283 314 2333 quae
330 2273 361 2317 ut
378 2267 499 2332 legenter
523 2265 722 2332 quodammodo
740 2265 785 2314 de·
836 2279 882 2314 σιν
901 2256 931 2314 έν
944 2256 1036 2331 ἰεραίς
1049 2261 1190 2332 θήκαις.
1227 2267 1303 2318 Abas
1312 2281 1379 2316 vero

241 2339 353 2400 tineret,
379 2338 478 2388 Noster
501 2335 653 2400 protulerit.
694 2335 785 2385 Fabu-
834 2336 911 2400 ipone
927 2351 1034 2401 quoque
1052 2341 1158 2388 arcolae
1176 2338 1303 2388 dicuntur
1322 2333 1379 2400 θῆ-

242 2407 296 2457 iem
319 2405 443 2457 eoueuito
467 2405 502 2456 ab
527 2405 667 2456 Herodoto
692 2403 784 2454 fletam
835 2419 891 2453 και.
922 2405 984 2456 Vid.
1004 2406 1303 2458 (neumecmmentt.
1324 2407 1381 2456 Ide·

243 2476 398 2528 deelaratI.
412 2476 480 2527 S.C.
493 2475 677 2540 Schweigger:
694 2474 785 2524 Ueber
819 2469 913 2524 '‘rodd.
932 2490 959 2539 p.
984 2477 1016 2526 dI
1036 2481 1093 2530 not.
1119 2481 1147 2528 et
1166 2477 1296 2539 mirail,
1318 2476 1378 2528 leo.

243 2545 533 2597 natnrwiaseneohaitl.
560 2543 710 2610 Mysterien
731 2549 784 2595 eto.
836 2544 979 2595 Caeterum
990 2545 1060 2596 hano
1074 2547 1256 2597 conditionem
1273 2552 1300 2596 et
1316 2561 1380 2597 eon·

245 2615 347 2680 (1843).
367 2631 431 2680 pag.
451 2615 493 2666 35.
511 2615 553 2666 54.
590 2616 626 2665 At
644 2615 702 2664 veri
720 2614 785 2678 qnid
837 2615 1016 2664 sectationem
1041 2616 1204 2679 bestiarum,
1235 2632 1305 2682 quae
1331 2631 1380 2680 per

242 2687 354 2736 aubeaee
371 2685 545 2748 crediderim,
569 2699 630 2734 eum
648 2698 785 2748 nunquam
836 2688 923 2734 totam
939 2685 1092 2749 Aegyptum
1110 2685 1241 2748 obtinuit,
1267 2687 1380 2737 ooniun-

242 2756 310 2806 telio
328 2755 437 2806 finxerit
447 2771 479 2805 uu
493 2769 541 2821 pro
556 2755 628 2804 veria
642 2753 787 2803 tradiderit
836 2759 908 2804 etam
928 2767 989 2804 eaae
1008 2769 1068 2804 oum
1085 2755 1146 2820 ipeo
1165 2755 1315 2806 bestiarum
1332 2755 1380 2804 ba·

242 2827 373 2877 historiae
391 2831 478 2890 pater.
836 2839 895 2874 rum
925 2823 1014 2886 onitu,
1044 2839 1123 2876 nemo
1151 2841 1205 2876 nou
1238 2824 1378 2890 inteiligit.

278 2895 367 2946 roden
381 2891 412 2946 di
424 2886 569 2962 γινόμενα]
585 2895 655 2946 Sunt
668 2893 786 2945 absoluti
837 2892 916 2956 Quod
934 2898 965 2944 ut
982 2893 1155 2959 aliquetenus
1173 2896 1379 2962 perspiciamus,

244 2966 290 3031 qui
301 2965 428 3017 dicuntur
440 2980 529 3016 caena.
566 2966 787 3030 Namexapeeta-
837 2963 1026 3014 astronomicis
1055 2965 1207 3016 rationibus
1238 2965 1379 3025 adhibitis,

243 3037 309 3086 bas:
333 3029 443 3086 τούτων
467 3029 497 3085 δέ
520 3026 688 3099 γινομένων.
723 3033 786 3085 vid.
836 3033 984 3099 cogitando
1001 3039 1066 3084 aunt
1080 3035 1186 3085 siderea
1204 3040 1327 3086 armenta
1345 3049 1380 3084 ae

244 3106 371 3168 instuli,
391 3107 439 3157 141
460 3105 521 3155 ooli.
545 3106 577 3157 41
601 3105 692 3170 ibique
716 3109 786 3154 nott.
837 3119 933 3168 greges
957 3103 1032 3154 eolis.
1069 3104 1135 3154 Cum
1157 3103 1227 3154 enim
1249 3102 1381 3155 animalia

244 3181 272 3225 et
290 3177 362 3226 ooni.
386 3175 513 3225 Kuehuer
536 3175 583 3226 Gr.
603 3175 650 3226 Gr.
672 3177 698 3238 ξ.
723 3175 785 3226 1110.
836 3173 891 3222 nint
903 3174 1012 3224 deornm
1025 3175 1104 3239 quasi
1114 3174 1257 3240 imagines,
1265 3173 1303 3223 dii
1313 3189 1380 3223 vero

243 3245 327 3294 Pluru
343 3246 389 3310 qui
410 3244 546 3294 desiderat
567 3244 647 3294 huiua
664 3259 730 3295 uena
746 3247 787 3294 te·
836 3243 1031 3308 Aegyptiorum
1054 3259 1179 3310 magnam
1206 3250 1310 3308 purtem
1334 3257 1381 3292 oa·

244 3315 384 3376 dimonia,
409 3313 490 3364 adeat
507 3315 598 3365 Reita.
618 3314 652 3364 ad
670 3313 785 3364 Lucian.
836 3310 974 3374 tenderes,
995 3313 1041 3378 qui
1058 3314 1188 3364 meusium
1211 3315 1291 3380 aigne
1308 3313 1381 3363 inter

244 3383 358 3434 Convir.
377 3399 404 3449 ρ.
424 3382 484 3434 354.
504 3384 555 3435 355
577 3389 642 3434 tom.
663 3383 702 3433 lX
718 3381 784 3433 edit.
837 3397 867 3432 ee
891 3381 1099 3446 diatribuemut,
1130 3383 1309 3445 factumest,
1337 3387 1379 3444 ut,

243 3444 458 3518 Βίωνα-άπὸ
470 3443 690 3518 τοῦαύτομάτου
703 3453 786 3503 eetrd-
836 3451 936 3516 siuguli
954 3452 1000 3502 nbi
1017 3452 1097 3518 rigua
1117 3467 1168 3502 ena
1190 3451 1381 3518 ingrediantur

244 3531 299 3586 tro,
318 3539 388 3584 euru,
406 3525 521 3574 naturali
527 3531 611 3586 morte,
631 3521 785 3587 quaenulla
836 3537 883 3586 per
901 3521 1032 3571 mensium
1050 3521 1217 3588 singulorum
1232 3523 1332 3584 orbem,
1350 3522 1379 3571 in

244 3595 410 3654 extrineequa
427 3593 657 3653 vieoacrevenn
676 3597 707 3640 ut
725 3591 786 3642 Gel-
837 3589 914 3641 ooelo
950 3591 1077 3642 dicautur
1105 3592 1234 3642 animalia
1263 3591 1380 3656 ingredi.

245 3663 276 3714 lii
288 3670 350 3714 uter
367 3663 457 3714 verbia
469 3664 497 3712 in
516 3664 608 3712 Noott.
627 3661 686 3711 An.
703 3661 785 3724 XIII,
837 3661 896 3711 Iam
913 3661 960 3710 ubi
979 3659 1045 3710 illud
1064 3661 1229 3724 invaluerat,
1248 3666 1279 3712 nt
1297 3661 1380 3711 eertia

150 3729 155 3740 ¹
247 3735 272 3784 1.
299 3730 633 3785 PlurnLaroher.adh.I.
658 3731 786 3781 Turoni.
837 3729 994 3780 animalium
1009 3729 1102 3796 figuris
1113 3736 1254 3782 notaretur
1268 3736 1295 3780 et
1309 3729 1380 3780 eide·

247 3819 354 3869 qnoque
371 3803 408 3864 11,
426 3804 468 3854 14.
483 3831 517 3842 -
530 3792 560 3850 έν
578 3790 684 3849 ὁτέοισι
701 3791 729 3848 δ’
750 3790 786 3849 ἄν
837 3814 895 3849 rum
907 3800 1042 3864 potiorum
1054 3799 1187 3866 (Zodiaci)
1205 3806 1233 3852 et
1246 3801 1379 3851 meusium

162 3871 165 3878 '
246 3869 363 3923 οἰκίοισι
386 3871 482 3936 optimi
513 3869 612 3936 quique
637 3868 699 3919 libri
724 3869 786 3920 atie·
839 3869 925 3928 orbis,
955 3871 984 3918 in
1008 3871 1089 3920 saetis
1113 3871 1260 3922 condendis
1286 3883 1381 3920 conee-

246 3947 310 3992 ruut
334 3957 383 4008 pro
401 3933 496 4008 ὁτέῃσι
514 3967 549 3976 -
567 3933 688 4005 οἰκίῃσι,
715 3939 786 4004 quod
838 3943 949 3988 orarunt
967 3939 1016 3988 hae
1037 3941 1111 4004 ipsae
1136 3940 1236 4005 figurae
1255 3938 1381 3990 aecerdo-

246 4027 280 4061 na
310 4012 441 4062 Graecum
471 4010 577 4076 quidem
607 4023 667 4059 ease
696 4014 787 4059 monet
838 4013 891 4070 ter,
919 4023 971 4072 quo
992 4009 1100 4072 ponitur
1128 4025 1176 4060 eae
1199 4011 1227 4060 in
1248 4009 1380 4060 memoria

246 4081 345 4132 Struve
369 4081 447 4146 Speo.
472 4085 578 4146 quaeat.
598 4079 631 4130 de
650 4077 715 4130 diui.
733 4079 787 4128 He·
837 4075 975 4126 homiuum
1000 4077 1189 4143 defigerentur.
1229 4081 1280 4130 Eat
1301 4093 1378 4144 prae·

246 4150 305 4201 rod.
326 4151 349 4201 1.
370 4165 432 4216 pag.
451 4151 495 4202 48.
838 4146 933 4210 eipuua
952 4145 1028 4197 locun
1045 4149 1125 4210 aolia,
1144 4165 1161 4198 a
1182 4148 1258 4199 ouius
1277 4164 1323 4213 per
1342 4147 1379 4196 ai-

417 4269 484 4322 c...
501 4269 615 4320 vau·
837 4216 1379 4352 tir.{tintinntfflttzrtit

280 4343 458 4421 Ἅπάγονται]
478 4353 587 4420 Reliqui
609 4353 674 4418 boo,
700 4359 731 4404 ut
761 4353 785 4419 1,
837 4353 974 4408 osiridem
995 4369 1055 4408 eree
1074 4356 1176 4408 dietum
1192 4357 1307 4418 animun
1332 4355 1380 4421 qui
