<?xml version="1.0" encoding="UTF-8"?>
<!DOCTYPE html PUBLIC "-//W3C//DTD XHTML 1.0 Transitional//EN"
    "http://www.w3.org/TR/xhtml1/DTD/xhtml1-transitional.dtd">
<html xmlns="http://www.w3.org/1999/xhtml" xml:lang="en" lang="en">
 <head>
  <title>
</title>
<meta http-equiv="Content-Type" content="text/html;charset=utf-8" />
  <meta name='ocr-system' content='tesseract 3.04.00' />
  <meta name='ocr-capabilities' content='ocr_page ocr_carea ocr_par ocr_line ocrx_word'/>
</head>
<body>
  <div class='ocr_page' id='page_1' title='image "./herodotihalicar00bhgoog_0390.png"; bbox 0 0 3088 4944; ppageno 0'>
   <div class='ocr_carea' id='block_1_1' title="bbox 577 237 1317 304">
    <p class='ocr_par' dir='ltr' id='par_1_1' title="bbox 577 237 1317 304">
     <span class='ocr_line' id='line_1_1' title="bbox 577 237 1317 304; baseline -0.003 -4"><span class='ocrx_word' id='word_1_1' title='bbox 577 237 702 300; x_wconf 82' lang='lat' dir='ltr'>OLIO.</span> <span class='ocrx_word' id='word_1_2' title='bbox 725 239 751 298; x_wconf 95' lang='lat' dir='ltr'>I.</span> <span class='ocrx_word' id='word_1_3' title='bbox 775 249 835 304; x_wconf 85' lang='grc'><strong>183.</strong></span> <span class='ocrx_word' id='word_1_4' title='bbox 861 247 920 302; x_wconf 80' lang='grc'><strong>181.</strong></span> <span class='ocrx_word' id='word_1_5' title='bbox 1256 237 1317 300; x_wconf 82' lang='grc'><strong>3115</strong></span> 
     </span>
    </p>
   </div>
   <div class='ocr_carea' id='block_1_2' title="bbox 118 406 1439 1719">
    <p class='ocr_par' dir='ltr' id='par_1_2' title="bbox 118 406 1439 1719">
     <span class='ocr_line' id='line_1_2' title="bbox 185 406 1316 502; baseline 0 -22"><span class='ocrx_word' id='word_1_6' title='bbox 185 408 444 501; x_wconf 70' lang='grc' dir='ltr'><strong><em>ἐπιβουλεύσας,</em></strong></span> <span class='ocrx_word' id='word_1_7' title='bbox 460 410 522 484; x_wconf 80' lang='grc' dir='ltr'>οὐκ</span> <span class='ocrx_word' id='word_1_8' title='bbox 541 411 700 502; x_wconf 80' lang='grc' dir='ltr'><strong><em>ἐτόλμησε</em></strong></span> <span class='ocrx_word' id='word_1_9' title='bbox 714 421 842 502; x_wconf 80' lang='grc' dir='ltr'><em>λαβεῖν,</em></span> <span class='ocrx_word' id='word_1_10' title='bbox 856 411 981 502; x_wconf 75' lang='grc' dir='ltr'><strong><em>Ξέρξης</em></strong></span> <span class='ocrx_word' id='word_1_11' title='bbox 994 409 1033 480; x_wconf 75' lang='grc' dir='ltr'>δὲ</span> <span class='ocrx_word' id='word_1_12' title='bbox 1046 406 1064 480; x_wconf 86' lang='grc' dir='ltr'>ὁ</span> <span class='ocrx_word' id='word_1_13' title='bbox 1075 417 1225 500; x_wconf 81' lang='grc' dir='ltr'><strong><em>Δαρείου</em></strong></span> <span class='ocrx_word' id='word_1_14' title='bbox 1239 417 1316 480; x_wconf 81' lang='grc' dir='ltr'><strong><em>ἕλα-</em></strong></span> 
     </span>
     <span class='ocr_line' id='line_1_3' title="bbox 184 511 1317 607; baseline 0 -23"><span class='ocrx_word' id='word_1_15' title='bbox 184 522 241 602; x_wconf 89' lang='grc' dir='ltr'>βε,</span> <span class='ocrx_word' id='word_1_16' title='bbox 264 518 319 586; x_wconf 84' lang='grc' dir='ltr'>καὶ</span> <span class='ocrx_word' id='word_1_17' title='bbox 339 513 399 586; x_wconf 84' lang='grc' dir='ltr'>τόν</span> <span class='ocrx_word' id='word_1_18' title='bbox 417 514 490 606; x_wconf 83' lang='grc' dir='ltr'><strong><em>λρὲα</em></strong></span> <span class='ocrx_word' id='word_1_19' title='bbox 503 514 697 602; x_wconf 74' lang='grc' dir='ltr'><strong><em>ἀπέκτεινε,</em></strong></span> <span class='ocrx_word' id='word_1_20' title='bbox 717 514 970 607; x_wconf 75' lang='grc' dir='ltr'><strong><em>ἀπαγορεύοντα</em></strong></span> <span class='ocrx_word' id='word_1_21' title='bbox 984 512 1029 604; x_wconf 78' lang='grc' dir='ltr'>μὴ</span> <span class='ocrx_word' id='word_1_22' title='bbox 1042 513 1170 584; x_wconf 82' lang='grc' dir='ltr'><strong><em>κινέειν</em></strong></span> <span class='ocrx_word' id='word_1_23' title='bbox 1182 511 1242 584; x_wconf 83' lang='grc' dir='ltr'>τόν</span> <span class='ocrx_word' id='word_1_24' title='bbox 1255 512 1317 584; x_wconf 81' lang='grc' dir='ltr'>ἆυ-</span> 
     </span>
     <span class='ocr_line' id='line_1_4' title="bbox 185 617 1317 711; baseline 0.001 -24"><span class='ocrx_word' id='word_1_25' title='bbox 185 618 334 708; x_wconf 82' lang='grc' dir='ltr'><strong><em>ιλριοὶυτα.</em></strong></span> <span class='ocrx_word' id='word_1_26' title='bbox 366 617 404 688; x_wconf 81' lang='grc' dir='ltr'>τὸ</span> <span class='ocrx_word' id='word_1_27' title='bbox 422 620 485 709; x_wconf 71' lang='grc' dir='ltr'>μὲν</span> <span class='ocrx_word' id='word_1_28' title='bbox 504 619 546 711; x_wconf 76' lang='grc' dir='ltr'>δὴ</span> <span class='ocrx_word' id='word_1_29' title='bbox 566 618 641 710; x_wconf 83' lang='grc' dir='ltr'><strong><em>λρόν</em></strong></span> <span class='ocrx_word' id='word_1_30' title='bbox 660 625 758 692; x_wconf 83' lang='grc' dir='ltr'><strong><em>τοῦτο</em></strong></span> <span class='ocrx_word' id='word_1_31' title='bbox 778 617 866 688; x_wconf 85' lang='grc' dir='ltr'><strong><em>ούιοι</em></strong></span> <span class='ocrx_word' id='word_1_32' title='bbox 883 618 1077 709; x_wconf 83' lang='grc' dir='ltr'><strong><em>κεκόσμητο.</em></strong></span> <span class='ocrx_word' id='word_1_33' title='bbox 1117 624 1186 688; x_wconf 78' lang='grc' dir='ltr'><strong><em>ἔστι</em></strong></span> <span class='ocrx_word' id='word_1_34' title='bbox 1205 618 1242 688; x_wconf 78' lang='lat' dir='ltr'>dl</span> <span class='ocrx_word' id='word_1_35' title='bbox 1261 620 1317 688; x_wconf 83' lang='grc' dir='ltr'>καὶ</span> 
     </span>
     <span class='ocr_line' id='line_1_5' title="bbox 185 719 1439 820; baseline 0.01 -30"><span class='ocrx_word' id='word_1_36' title='bbox 185 727 255 792; x_wconf 74' lang='lat' dir='ltr'>ideo</span> <span class='ocrx_word' id='word_1_37' title='bbox 273 719 473 812; x_wconf 78' lang='grc' dir='ltr'><strong><em>ἀναθήματα</em></strong></span> <span class='ocrx_word' id='word_1_38' title='bbox 491 729 607 794; x_wconf 81' lang='grc' dir='ltr'><strong><em>πολλά.</em></strong></span> <span class='ocrx_word' id='word_1_39' title='bbox 1431 807 1439 820; x_wconf 51' lang='grc'><strong><em>,</em></strong></span> 
     </span>
     <span class='ocr_line' id='line_1_6' title="bbox 264 821 1385 917; baseline 0.003 -21"><span class='ocrx_word' id='word_1_40' title='bbox 264 831 328 916; x_wconf 80' lang='grc' dir='ltr'>Τῆς</span> <span class='ocrx_word' id='word_1_41' title='bbox 342 827 380 897; x_wconf 70' lang='lat' dir='ltr'>dl</span> <span class='ocrx_word' id='word_1_42' title='bbox 392 833 596 917; x_wconf 79' lang='grc' dir='ltr'><strong><em>Βαβυλῶνος</em></strong></span> <span class='ocrx_word' id='word_1_43' title='bbox 613 826 735 915; x_wconf 84' lang='grc' dir='ltr'><strong><em>ταύτης</em></strong></span> <span class='ocrx_word' id='word_1_44' title='bbox 753 827 870 896; x_wconf 81' lang='grc' dir='ltr'><strong><em>πολλοὶ</em></strong></span> <span class='ocrx_word' id='word_1_45' title='bbox 890 825 954 915; x_wconf 82' lang='grc' dir='ltr'>μέν</span> <span class='ocrx_word' id='word_1_46' title='bbox 974 853 1036 895; x_wconf 89' lang='grc' dir='ltr'>κου</span> <span class='ocrx_word' id='word_1_47' title='bbox 1056 827 1111 895; x_wconf 81' lang='grc' dir='ltr'>καὶ</span> <span class='ocrx_word' id='word_1_48' title='bbox 1125 823 1219 895; x_wconf 72' lang='grc' dir='ltr'><strong><em>ἄλλοι</em></strong></span> <span class='ocrx_word' id='word_1_49' title='bbox 1241 821 1316 912; x_wconf 75' lang='grc' dir='ltr'><em>ἐγέ-</em></span> <span class='ocrx_word' id='word_1_50' title='bbox 1328 839 1385 901; x_wconf 83' lang='grc'>181</span> 
     </span>
     <span class='ocr_line' id='line_1_7' title="bbox 184 927 1315 1019; baseline 0 -21"><span class='ocrx_word' id='word_1_51' title='bbox 184 956 285 1000; x_wconf 73' lang='lat' dir='ltr'>voveo</span> <span class='ocrx_word' id='word_1_52' title='bbox 299 929 469 1018; x_wconf 79' lang='grc' dir='ltr'><strong><em>βασιλέες,</em></strong></span> <span class='ocrx_word' id='word_1_53' title='bbox 487 937 555 1001; x_wconf 81' lang='grc' dir='ltr'>τῶν</span> <span class='ocrx_word' id='word_1_54' title='bbox 572 928 610 1001; x_wconf 79' lang='grc' dir='ltr'>ἐν</span> <span class='ocrx_word' id='word_1_55' title='bbox 629 947 715 1000; x_wconf 78' lang='grc' dir='ltr'><strong><em>τοεσι</em></strong></span> <span class='ocrx_word' id='word_1_56' title='bbox 726 927 930 1018; x_wconf 79' lang='grc' dir='ltr'><strong><em>Ἀσσυρίοισι</em></strong></span> <span class='ocrx_word' id='word_1_57' title='bbox 947 929 1074 1015; x_wconf 81' lang='grc' dir='ltr'><strong><em>λόγοισι</em></strong></span> <span class='ocrx_word' id='word_1_58' title='bbox 1092 929 1226 1019; x_wconf 83' lang='grc' dir='ltr'><strong><em>μνήμην</em></strong></span> <span class='ocrx_word' id='word_1_59' title='bbox 1240 956 1315 999; x_wconf 91' lang='grc' dir='ltr'><strong><em>ποι-</em></strong></span> 
     </span>
     <span class='ocr_line' id='line_1_8' title="bbox 185 1029 1317 1123; baseline 0 -22"><span class='ocrx_word' id='word_1_60' title='bbox 185 1032 324 1122; x_wconf 84' lang='grc' dir='ltr'><strong><em>ήσομαι,</em></strong></span> <span class='ocrx_word' id='word_1_61' title='bbox 339 1042 373 1104; x_wconf 83' lang='grc' dir='ltr'>οἳ</span> <span class='ocrx_word' id='word_1_62' title='bbox 388 1033 428 1104; x_wconf 79' lang='grc' dir='ltr'>τὰ</span> <span class='ocrx_word' id='word_1_63' title='bbox 440 1034 551 1123; x_wconf 78' lang='grc' dir='ltr'><strong><em>τείχεά</em></strong></span> <span class='ocrx_word' id='word_1_64' title='bbox 569 1062 605 1104; x_wconf 89' lang='grc' dir='ltr'>τε</span> <span class='ocrx_word' id='word_1_65' title='bbox 627 1031 858 1122; x_wconf 76' lang='grc' dir='ltr'><strong><em>ἐπεκόσμησαν</em></strong></span> <span class='ocrx_word' id='word_1_66' title='bbox 871 1033 928 1100; x_wconf 80' lang='grc' dir='ltr'>καὶ</span> <span class='ocrx_word' id='word_1_67' title='bbox 948 1030 989 1100; x_wconf 77' lang='grc' dir='ltr'>τὰ</span> <span class='ocrx_word' id='word_1_68' title='bbox 1004 1030 1076 1122; x_wconf 77' lang='grc' dir='ltr'><strong><em>ἱρὰ,</em></strong></span> <span class='ocrx_word' id='word_1_69' title='bbox 1099 1029 1136 1102; x_wconf 76' lang='grc' dir='ltr'>ἓν</span> <span class='ocrx_word' id='word_1_70' title='bbox 1152 1033 1189 1101; x_wconf 78' lang='lat' dir='ltr'>dl</span> <span class='ocrx_word' id='word_1_71' title='bbox 1204 1031 1246 1121; x_wconf 81' lang='grc' dir='ltr'>δὴ</span> <span class='ocrx_word' id='word_1_72' title='bbox 1262 1035 1317 1108; x_wconf 80' lang='grc' dir='ltr'>καὶ</span> 
     </span>
     <span class='ocr_line' id='line_1_9' title="bbox 185 1133 1319 1230; baseline -0.002 -24"><span class='ocrx_word' id='word_1_73' title='bbox 185 1153 344 1225; x_wconf 72' lang='grc' dir='ltr'><strong><em>γυναῖκες</em></strong></span> <span class='ocrx_word' id='word_1_74' title='bbox 364 1138 435 1210; x_wconf 77' lang='grc' dir='ltr'><strong><em>δύο.</em></strong></span> <span class='ocrx_word' id='word_1_75' title='bbox 469 1135 490 1230; x_wconf 84' lang='grc' dir='ltr'><strong><em>ἡ</em></strong></span> <span class='ocrx_word' id='word_1_76' title='bbox 511 1139 575 1228; x_wconf 77' lang='grc' dir='ltr'>μὲν</span> <span class='ocrx_word' id='word_1_77' title='bbox 594 1137 759 1228; x_wconf 90' lang='grc' dir='ltr'><strong><em>πρότερον</em></strong></span> <span class='ocrx_word' id='word_1_78' title='bbox 778 1133 921 1225; x_wconf 78' lang='grc' dir='ltr'><strong><em>ἄρξασα,</em></strong></span> <span class='ocrx_word' id='word_1_79' title='bbox 943 1140 1000 1224; x_wconf 77' lang='grc' dir='ltr'>τῆς</span> <span class='ocrx_word' id='word_1_80' title='bbox 1021 1133 1164 1226; x_wconf 82' lang='grc' dir='ltr'><strong><em>ὕστερον</em></strong></span> <span class='ocrx_word' id='word_1_81' title='bbox 1183 1141 1319 1225; x_wconf 79' lang='grc' dir='ltr'><strong><em>γενεῇσι</em></strong></span> 
     </span>
     <span class='ocr_line' id='line_1_10' title="bbox 118 1297 1320 1372; baseline 0.001 -19"><span class='ocrx_word' id='word_1_82' title='bbox 118 1354 126 1362; x_wconf 81' lang='grc'><strong><em>,</em></strong></span> <span class='ocrx_word' id='word_1_83' title='bbox 220 1299 372 1369; x_wconf 75' lang='grc' dir='ltr'><strong><em>Ξέρξηςδλ</em></strong></span> <span class='ocrx_word' id='word_1_84' title='bbox 382 1297 732 1372; x_wconf 69' lang='grc' dir='ltr'><strong><em>όΔαρείουμοοίιλῆλιοέ</em></strong></span> <span class='ocrx_word' id='word_1_85' title='bbox 780 1299 887 1366; x_wconf 81' lang='grc' dir='ltr'><strong><em>νομένη</em></strong></span> <span class='ocrx_word' id='word_1_86' title='bbox 910 1317 936 1352; x_wconf 85' lang='grc' dir='ltr'>κ.</span> <span class='ocrx_word' id='word_1_87' title='bbox 964 1318 989 1352; x_wconf 92' lang='grc' dir='ltr'>τ.</span> <span class='ocrx_word' id='word_1_88' title='bbox 1012 1301 1049 1370; x_wconf 86' lang='grc'>1.]</span> <span class='ocrx_word' id='word_1_89' title='bbox 1076 1304 1118 1354; x_wconf 90' lang='lat' dir='ltr'>De</span> <span class='ocrx_word' id='word_1_90' title='bbox 1142 1303 1320 1354; x_wconf 77' lang='lat' dir='ltr'>Semiramide</span> 
     </span>
     <span class='ocr_line' id='line_1_11' title="bbox 186 1371 1320 1442; baseline 0.002 -20"><span class='ocrx_word' id='word_1_91' title='bbox 186 1389 219 1423; x_wconf 91' lang='lat' dir='ltr'>eo</span> <span class='ocrx_word' id='word_1_92' title='bbox 237 1379 371 1440; x_wconf 86' lang='lat' dir='ltr'>tempora,</span> <span class='ocrx_word' id='word_1_93' title='bbox 390 1392 443 1442; x_wconf 89' lang='lat' dir='ltr'>quo</span> <span class='ocrx_word' id='word_1_94' title='bbox 463 1376 619 1428; x_wconf 81' lang='lat' dir='ltr'>reduxerat</span> <span class='ocrx_word' id='word_1_95' title='bbox 637 1377 728 1427; x_wconf 77' lang='lat' dir='ltr'>iactus</span> <span class='ocrx_word' id='word_1_96' title='bbox 778 1371 896 1438; x_wconf 72' lang='lat' dir='ltr'>plurima</span> <span class='ocrx_word' id='word_1_97' title='bbox 910 1372 1038 1438; x_wconf 78' lang='lat' dir='ltr'>leguntur</span> <span class='ocrx_word' id='word_1_98' title='bbox 1053 1373 1126 1439; x_wconf 84' lang='lat' dir='ltr'>apud</span> <span class='ocrx_word' id='word_1_99' title='bbox 1144 1372 1226 1426; x_wconf 85' lang='lat' dir='ltr'>Diod.</span> <span class='ocrx_word' id='word_1_100' title='bbox 1246 1374 1283 1436; x_wconf 87' lang='grc' dir='ltr'>ΙΙ,</span> <span class='ocrx_word' id='word_1_101' title='bbox 1302 1376 1320 1423; x_wconf 79' lang='grc'><strong>4</strong></span> 
     </span>
     <span class='ocr_line' id='line_1_12' title="bbox 186 1444 1323 1512; baseline 0 -19"><span class='ocrx_word' id='word_1_102' title='bbox 186 1457 219 1493; x_wconf 87' lang='lat' dir='ltr'>ex</span> <span class='ocrx_word' id='word_1_103' title='bbox 236 1445 370 1494; x_wconf 88' lang='lat' dir='ltr'>iuielici&#39;</span> <span class='ocrx_word' id='word_1_104' title='bbox 363 1461 391 1494; x_wconf 94' lang='grc' dir='ltr'>ιιι</span> <span class='ocrx_word' id='word_1_105' title='bbox 410 1447 528 1498; x_wconf 81' lang='lat' dir='ltr'>Graecos</span> <span class='ocrx_word' id='word_1_106' title='bbox 546 1447 728 1512; x_wconf 79' lang='lat' dir='ltr'>expeditione,</span> <span class='ocrx_word' id='word_1_107' title='bbox 779 1457 854 1507; x_wconf 84' lang='lat' dir='ltr'>eeqq</span> <span class='ocrx_word' id='word_1_108' title='bbox 876 1457 963 1509; x_wconf 80' lang='lat' dir='ltr'>usque</span> <span class='ocrx_word' id='word_1_109' title='bbox 980 1444 1015 1493; x_wconf 83' lang='lat' dir='ltr'>ud</span> <span class='ocrx_word' id='word_1_110' title='bbox 1034 1444 1077 1507; x_wconf 81' lang='lat'>21,</span> <span class='ocrx_word' id='word_1_111' title='bbox 1096 1444 1222 1494; x_wconf 81' lang='lat' dir='ltr'>ecteeia</span> <span class='ocrx_word' id='word_1_112' title='bbox 1239 1444 1323 1493; x_wconf 84' lang='lat' dir='ltr'>maxi-</span> 
     </span>
     <span class='ocr_line' id='line_1_13' title="bbox 186 1513 1320 1582; baseline 0 -20"><span class='ocrx_word' id='word_1_113' title='bbox 186 1518 297 1564; x_wconf 89' lang='lat' dir='ltr'>auctore</span> <span class='ocrx_word' id='word_1_114' title='bbox 320 1515 436 1567; x_wconf 80' lang='lat' dir='ltr'>Arriano</span> <span class='ocrx_word' id='word_1_115' title='bbox 467 1519 496 1567; x_wconf 90' lang='lat' dir='ltr'>in</span> <span class='ocrx_word' id='word_1_116' title='bbox 518 1518 624 1582; x_wconf 84' lang='lat' dir='ltr'>Exped.</span> <span class='ocrx_word' id='word_1_117' title='bbox 649 1515 727 1566; x_wconf 80' lang='lat' dir='ltr'>Alex.</span> <span class='ocrx_word' id='word_1_118' title='bbox 779 1527 852 1562; x_wconf 80' lang='lat' dir='ltr'>mum</span> <span class='ocrx_word' id='word_1_119' title='bbox 869 1519 942 1562; x_wconf 87' lang='lat' dir='ltr'>certe</span> <span class='ocrx_word' id='word_1_120' title='bbox 963 1518 1070 1578; x_wconf 88' lang='lat' dir='ltr'>partem</span> <span class='ocrx_word' id='word_1_121' title='bbox 1094 1513 1203 1564; x_wconf 83' lang='lat' dir='ltr'>hancte.</span> <span class='ocrx_word' id='word_1_122' title='bbox 1240 1513 1320 1564; x_wconf 80' lang='lat' dir='ltr'>Ocni.</span> 
     </span>
     <span class='ocr_line' id='line_1_14' title="bbox 186 1581 1322 1650; baseline -0.003 -17"><span class='ocrx_word' id='word_1_123' title='bbox 186 1583 311 1646; x_wconf 74' lang='lat' dir='ltr'>v11‚17.</span> <span class='ocrx_word' id='word_1_124' title='bbox 347 1585 461 1637; x_wconf 89' lang='lat' dir='ltr'>Diodor.</span> <span class='ocrx_word' id='word_1_125' title='bbox 476 1587 560 1638; x_wconf 83' lang='lat' dir='ltr'>Sicul.</span> <span class='ocrx_word' id='word_1_126' title='bbox 575 1587 612 1650; x_wconf 88' lang='lat'>11,</span> <span class='ocrx_word' id='word_1_127' title='bbox 629 1586 655 1636; x_wconf 79' lang='lat' dir='ltr'>il.</span> <span class='ocrx_word' id='word_1_128' title='bbox 676 1586 729 1636; x_wconf 83' lang='lat' dir='ltr'>Cur</span> <span class='ocrx_word' id='word_1_129' title='bbox 780 1581 889 1631; x_wconf 70' lang='lat' dir='ltr'>Ctesiae</span> <span class='ocrx_word' id='word_1_130' title='bbox 914 1582 1038 1647; x_wconf 76' lang='lat' dir='ltr'>iragmm.</span> <span class='ocrx_word' id='word_1_131' title='bbox 1063 1599 1091 1648; x_wconf 91' lang='lat' dir='ltr'>p.</span> <span class='ocrx_word' id='word_1_132' title='bbox 1120 1583 1171 1635; x_wconf 82' lang='grc'><strong>3113</strong></span> <span class='ocrx_word' id='word_1_133' title='bbox 1195 1599 1269 1650; x_wconf 84' lang='lat' dir='ltr'>eeqq.</span> <span class='ocrx_word' id='word_1_134' title='bbox 1295 1588 1322 1634; x_wconf 83' lang='lat' dir='ltr'>et</span> 
     </span>
     <span class='ocr_line' id='line_1_15' title="bbox 187 1650 1321 1719; baseline 0.002 -17"><span class='ocrx_word' id='word_1_135' title='bbox 187 1653 294 1719; x_wconf 76' lang='lat' dir='ltr'>signum</span> <span class='ocrx_word' id='word_1_136' title='bbox 315 1654 436 1707; x_wconf 74' lang='lat' dir='ltr'>ablatum</span> <span class='ocrx_word' id='word_1_137' title='bbox 460 1657 555 1719; x_wconf 81' lang='lat' dir='ltr'>inerit,</span> <span class='ocrx_word' id='word_1_138' title='bbox 579 1657 671 1708; x_wconf 78' lang='lat' dir='ltr'>Pereia</span> <span class='ocrx_word' id='word_1_139' title='bbox 690 1655 730 1704; x_wconf 90' lang='lat' dir='ltr'>in-</span> <span class='ocrx_word' id='word_1_140' title='bbox 779 1651 855 1701; x_wconf 85' lang='lat' dir='ltr'>Beclr</span> <span class='ocrx_word' id='word_1_141' title='bbox 872 1650 891 1700; x_wconf 90' lang='lat' dir='ltr'>l.</span> <span class='ocrx_word' id='word_1_142' title='bbox 909 1650 929 1702; x_wconf 87' lang='lat' dir='ltr'>l.</span> <span class='ocrx_word' id='word_1_143' title='bbox 948 1667 975 1716; x_wconf 89' lang='lat' dir='ltr'>p.</span> <span class='ocrx_word' id='word_1_144' title='bbox 996 1652 1044 1702; x_wconf 74' lang='lat'>192</span> <span class='ocrx_word' id='word_1_145' title='bbox 1057 1667 1133 1718; x_wconf 76' lang='lat' dir='ltr'>seqq.</span> <span class='ocrx_word' id='word_1_146' title='bbox 1171 1653 1247 1714; x_wconf 82' lang='lat' dir='ltr'>Quae</span> <span class='ocrx_word' id='word_1_147' title='bbox 1260 1669 1321 1702; x_wconf 87' lang='lat' dir='ltr'>cum</span> 
     </span>
    </p>
   </div>
   <div class='ocr_carea' id='block_1_3' title="bbox 186 1721 1323 1858">
    <p class='ocr_par' dir='ltr' id='par_1_3' title="bbox 186 1721 1323 1858">
     <span class='ocr_line' id='line_1_16' title="bbox 186 1721 1322 1790; baseline -0.002 -16"><span class='ocrx_word' id='word_1_148' title='bbox 186 1724 287 1787; x_wconf 80' lang='lat' dir='ltr'>visum,</span> <span class='ocrx_word' id='word_1_149' title='bbox 311 1739 393 1790; x_wconf 74' lang='lat' dir='ltr'>supra</span> <span class='ocrx_word' id='word_1_150' title='bbox 418 1727 454 1777; x_wconf 91' lang='lat' dir='ltr'>ad</span> <span class='ocrx_word' id='word_1_151' title='bbox 477 1727 499 1789; x_wconf 90' lang='lat'>1,</span> <span class='ocrx_word' id='word_1_152' title='bbox 525 1727 570 1778; x_wconf 90' lang='grc'>181</span> <span class='ocrx_word' id='word_1_153' title='bbox 598 1724 727 1776; x_wconf 85' lang='lat' dir='ltr'>indicavi.</span> <span class='ocrx_word' id='word_1_154' title='bbox 780 1721 845 1770; x_wconf 85' lang='lat' dir='ltr'>Nini</span> <span class='ocrx_word' id='word_1_155' title='bbox 857 1735 924 1771; x_wconf 88' lang='lat' dir='ltr'>uxor</span> <span class='ocrx_word' id='word_1_156' title='bbox 941 1721 1113 1786; x_wconf 72' lang='lat' dir='ltr'>perhibeatur</span> <span class='ocrx_word' id='word_1_157' title='bbox 1130 1723 1268 1788; x_wconf 89' lang='lat' dir='ltr'>multoque</span> <span class='ocrx_word' id='word_1_158' title='bbox 1280 1737 1322 1772; x_wconf 84' lang='lat' dir='ltr'>rc-</span> 
     </span>
     <span class='ocr_line' id='line_1_17' title="bbox 186 1791 1323 1858; baseline -0.001 -14"><span class='ocrx_word' id='word_1_159' title='bbox 186 1794 277 1858; x_wconf 80' lang='lat' dir='ltr'>Atque</span> <span class='ocrx_word' id='word_1_160' title='bbox 294 1795 348 1844; x_wconf 87' lang='lat' dir='ltr'>iam</span> <span class='ocrx_word' id='word_1_161' title='bbox 369 1796 398 1845; x_wconf 91' lang='lat' dir='ltr'>in</span> <span class='ocrx_word' id='word_1_162' title='bbox 415 1798 501 1846; x_wconf 75' lang='lat' dir='ltr'>oacrio</span> <span class='ocrx_word' id='word_1_163' title='bbox 519 1795 605 1846; x_wconf 73' lang='lat' dir='ltr'>literis</span> <span class='ocrx_word' id='word_1_164' title='bbox 626 1794 728 1845; x_wconf 80' lang='lat' dir='ltr'>inveni·</span> <span class='ocrx_word' id='word_1_165' title='bbox 780 1791 897 1842; x_wconf 76' lang='lat' dir='ltr'>motioru</span> <span class='ocrx_word' id='word_1_166' title='bbox 914 1791 950 1841; x_wconf 90' lang='lat' dir='ltr'>ad</span> <span class='ocrx_word' id='word_1_167' title='bbox 967 1796 1090 1857; x_wconf 88' lang='lat' dir='ltr'>tempora</span> <span class='ocrx_word' id='word_1_168' title='bbox 1107 1792 1251 1857; x_wconf 75' lang='lat' dir='ltr'>pertineat,</span> <span class='ocrx_word' id='word_1_169' title='bbox 1268 1793 1323 1843; x_wconf 83' lang='lat' dir='ltr'>Ha-</span> 
     </span>
    </p>
   </div>
   <div class='ocr_carea' id='block_1_4' title="bbox 187 1864 740 2987">
    <p class='ocr_par' dir='ltr' id='par_1_4' title="bbox 187 1864 730 2976">
     <span class='ocr_line' id='line_1_18' title="bbox 187 1864 728 1930; baseline -0.002 -16"><span class='ocrx_word' id='word_1_170' title='bbox 187 1878 261 1926; x_wconf 83' lang='lat' dir='ltr'>mne,</span> <span class='ocrx_word' id='word_1_171' title='bbox 285 1879 355 1929; x_wconf 85' lang='lat' dir='ltr'>quae</span> <span class='ocrx_word' id='word_1_172' title='bbox 374 1865 472 1930; x_wconf 84' lang='lat' dir='ltr'>Cyrum</span> <span class='ocrx_word' id='word_1_173' title='bbox 489 1867 600 1916; x_wconf 80' lang='lat' dir='ltr'>Pernam</span> <span class='ocrx_word' id='word_1_174' title='bbox 619 1864 728 1916; x_wconf 88' lang='lat' dir='ltr'>eimnla-</span> 
     </span>
     <span class='ocr_line' id='line_1_19' title="bbox 187 1933 728 1999; baseline 0 -17"><span class='ocrx_word' id='word_1_175' title='bbox 187 1948 294 1983; x_wconf 88' lang='lat' dir='ltr'>crorum</span> <span class='ocrx_word' id='word_1_176' title='bbox 309 1939 392 1999; x_wconf 89' lang='lat' dir='ltr'>atque</span> <span class='ocrx_word' id='word_1_177' title='bbox 403 1933 536 1986; x_wconf 89' lang='lat' dir='ltr'>idolorum</span> <span class='ocrx_word' id='word_1_178' title='bbox 551 1951 583 1986; x_wconf 86' lang='lat' dir='ltr'>ex</span> <span class='ocrx_word' id='word_1_179' title='bbox 595 1935 657 1986; x_wconf 90' lang='lat' dir='ltr'>odio</span> <span class='ocrx_word' id='word_1_180' title='bbox 668 1933 728 1985; x_wconf 86' lang='lat' dir='ltr'>Beli</span> 
     </span>
     <span class='ocr_line' id='line_1_20' title="bbox 187 2002 727 2070; baseline 0.004 -20"><span class='ocrx_word' id='word_1_181' title='bbox 187 2002 290 2051; x_wconf 89' lang='lat' dir='ltr'>cultum</span> <span class='ocrx_word' id='word_1_182' title='bbox 308 2017 340 2052; x_wconf 86' lang='lat' dir='ltr'>ac</span> <span class='ocrx_word' id='word_1_183' title='bbox 357 2019 436 2054; x_wconf 78' lang='lat' dir='ltr'>sacra</span> <span class='ocrx_word' id='word_1_184' title='bbox 454 2005 585 2055; x_wconf 84' lang='lat' dir='ltr'>evertieee</span> <span class='ocrx_word' id='word_1_185' title='bbox 602 2005 727 2070; x_wconf 78' lang='lat' dir='ltr'>prodant.</span> 
     </span>
     <span class='ocr_line' id='line_1_21' title="bbox 187 2071 727 2125; baseline 0.006 -6"><span class='ocrx_word' id='word_1_186' title='bbox 187 2071 250 2120; x_wconf 91' lang='lat' dir='ltr'>Vid.</span> <span class='ocrx_word' id='word_1_187' title='bbox 268 2071 368 2122; x_wconf 80' lang='lat' dir='ltr'>(lesen.</span> <span class='ocrx_word' id='word_1_188' title='bbox 382 2074 410 2122; x_wconf 91' lang='lat' dir='ltr'>in</span> <span class='ocrx_word' id='word_1_189' title='bbox 426 2073 587 2125; x_wconf 77' lang='lat' dir='ltr'>Commentt.</span> <span class='ocrx_word' id='word_1_190' title='bbox 602 2074 637 2124; x_wconf 87' lang='lat' dir='ltr'>ad</span> <span class='ocrx_word' id='word_1_191' title='bbox 646 2073 727 2124; x_wconf 84' lang='lat' dir='ltr'>leear</span> 
     </span>
     <span class='ocr_line' id='line_1_22' title="bbox 189 2139 729 2207; baseline 0.006 -17"><span class='ocrx_word' id='word_1_192' title='bbox 189 2141 228 2190; x_wconf 94' lang='lat' dir='ltr'>II.</span> <span class='ocrx_word' id='word_1_193' title='bbox 241 2155 269 2205; x_wconf 92' lang='lat' dir='ltr'>p.</span> <span class='ocrx_word' id='word_1_194' title='bbox 291 2139 350 2191; x_wconf 88' lang='lat'>100.</span> <span class='ocrx_word' id='word_1_195' title='bbox 378 2141 448 2192; x_wconf 85' lang='grc' dir='ltr'><strong><em>Διλιλ.</em></strong></span> <span class='ocrx_word' id='word_1_196' title='bbox 468 2143 602 2193; x_wconf 81' lang='lat' dir='ltr'>Muenter.</span> <span class='ocrx_word' id='word_1_197' title='bbox 626 2143 682 2194; x_wconf 92' lang='lat' dir='ltr'>l.l.</span> <span class='ocrx_word' id='word_1_198' title='bbox 701 2158 729 2207; x_wconf 91' lang='lat' dir='ltr'>p.</span> 
     </span>
     <span class='ocr_line' id='line_1_23' title="bbox 189 2209 730 2278; baseline 0.008 -20"><span class='ocrx_word' id='word_1_199' title='bbox 189 2209 233 2259; x_wconf 92' lang='grc'>51.</span> <span class='ocrx_word' id='word_1_200' title='bbox 269 2210 393 2261; x_wconf 81' lang='lat' dir='ltr'>Accessit</span> <span class='ocrx_word' id='word_1_201' title='bbox 411 2211 493 2262; x_wconf 83' lang='lat' dir='ltr'>etiem</span> <span class='ocrx_word' id='word_1_202' title='bbox 508 2214 602 2278; x_wconf 92' lang='lat' dir='ltr'>opinor</span> <span class='ocrx_word' id='word_1_203' title='bbox 612 2213 672 2263; x_wconf 83' lang='lat' dir='ltr'>euri</span> <span class='ocrx_word' id='word_1_204' title='bbox 686 2227 730 2262; x_wconf 89' lang='lat' dir='ltr'>ea-</span> 
     </span>
     <span class='ocr_line' id='line_1_24' title="bbox 189 2278 731 2347; baseline 0.006 -19"><span class='ocrx_word' id='word_1_205' title='bbox 189 2294 236 2328; x_wconf 77' lang='grc' dir='ltr'><strong><em>τιτι</em></strong></span> <span class='ocrx_word' id='word_1_206' title='bbox 259 2278 359 2344; x_wconf 80' lang='lat' dir='ltr'>fames,</span> <span class='ocrx_word' id='word_1_207' title='bbox 389 2296 460 2347; x_wconf 86' lang='lat' dir='ltr'>quae</span> <span class='ocrx_word' id='word_1_208' title='bbox 487 2283 547 2333; x_wconf 76' lang='lat' dir='ltr'>nuri</span> <span class='ocrx_word' id='word_1_209' title='bbox 571 2283 652 2334; x_wconf 85' lang='lat' dir='ltr'>eolidi</span> <span class='ocrx_word' id='word_1_210' title='bbox 675 2287 731 2332; x_wconf 83' lang='lat' dir='ltr'>eta-</span> 
     </span>
     <span class='ocr_line' id='line_1_25' title="bbox 188 2351 740 2418; baseline 0.009 -21"><span class='ocrx_word' id='word_1_211' title='bbox 188 2353 263 2398; x_wconf 85' lang='lat' dir='ltr'>tuam</span> <span class='ocrx_word' id='word_1_212' title='bbox 282 2351 379 2416; x_wconf 78' lang='lat' dir='ltr'>viginti</span> <span class='ocrx_word' id='word_1_213' title='bbox 403 2357 430 2402; x_wconf 89' lang='lat' dir='ltr'>et</span> <span class='ocrx_word' id='word_1_214' title='bbox 452 2353 526 2418; x_wconf 88' lang='lat' dir='ltr'>qnod</span> <span class='ocrx_word' id='word_1_215' title='bbox 545 2353 663 2404; x_wconf 82' lang='lat' dir='ltr'>excurrit</span> <span class='ocrx_word' id='word_1_216' title='bbox 685 2367 740 2417; x_wconf 91' lang='lat' dir='ltr'>pe·</span> 
     </span>
     <span class='ocr_line' id='line_1_26' title="bbox 187 2418 729 2488; baseline 0.004 -20"><span class='ocrx_word' id='word_1_217' title='bbox 187 2418 235 2468; x_wconf 84' lang='lat' dir='ltr'>dee</span> <span class='ocrx_word' id='word_1_218' title='bbox 253 2419 398 2471; x_wconf 83' lang='lat' dir='ltr'>Rhenanoe</span> <span class='ocrx_word' id='word_1_219' title='bbox 420 2423 504 2473; x_wconf 84' lang='lat' dir='ltr'>altam</span> <span class='ocrx_word' id='word_1_220' title='bbox 528 2421 564 2488; x_wconf 86' lang='lat' dir='ltr'>(ai</span> <span class='ocrx_word' id='word_1_221' title='bbox 588 2422 729 2474; x_wconf 84' lang='lat' dir='ltr'>duodecim</span> 
     </span>
     <span class='ocr_line' id='line_1_27' title="bbox 187 2489 729 2573; baseline 0.004 -35"><span class='ocrx_word' id='word_1_222' title='bbox 187 2489 294 2539; x_wconf 85' lang='lat' dir='ltr'>cubitos</span> <span class='ocrx_word' id='word_1_223' title='bbox 313 2492 402 2557; x_wconf 80' lang='lat' dir='ltr'>regios</span> <span class='ocrx_word' id='word_1_224' title='bbox 418 2493 606 2573; x_wconf 78' lang='lat' dir='ltr'>intelligimus)</span> <span class='ocrx_word' id='word_1_225' title='bbox 627 2492 729 2543; x_wconf 78' lang='lat' dir='ltr'>auferri</span> 
     </span>
     <span class='ocr_line' id='line_1_28' title="bbox 187 2559 728 2628; baseline 0.004 -21"><span class='ocrx_word' id='word_1_226' title='bbox 187 2559 275 2609; x_wconf 77' lang='lat' dir='ltr'>inerit.</span> <span class='ocrx_word' id='word_1_227' title='bbox 287 2561 373 2611; x_wconf 91' lang='lat' dir='ltr'>-De</span> <span class='ocrx_word' id='word_1_228' title='bbox 391 2555 573 2628; x_wconf 81' lang='grc' dir='ltr'><strong><em>ραι11οιιλαμὴ</em></strong></span> <span class='ocrx_word' id='word_1_229' title='bbox 585 2553 728 2628; x_wconf 62' lang='lat' dir='ltr'>poetrica-</span> 
     </span>
     <span class='ocr_line' id='line_1_29' title="bbox 187 2621 728 2694; baseline 0.009 -18"><span class='ocrx_word' id='word_1_230' title='bbox 187 2621 403 2694; x_wconf 78' lang='lat' dir='ltr'>yopev&#39;cvwci.</span> <span class='ocrx_word' id='word_1_231' title='bbox 428 2633 571 2694; x_wconf 81' lang='lat' dir='ltr'>1‚158et</span> <span class='ocrx_word' id='word_1_232' title='bbox 596 2631 728 2694; x_wconf 81' lang='lat'>111‚128,</span> 
     </span>
     <span class='ocr_line' id='line_1_30' title="bbox 188 2699 731 2767; baseline 0.006 -20"><span class='ocrx_word' id='word_1_233' title='bbox 188 2713 222 2747; x_wconf 90' lang='lat' dir='ltr'>ne</span> <span class='ocrx_word' id='word_1_234' title='bbox 245 2699 324 2763; x_wconf 86' lang='lat' dir='ltr'>plura</span> <span class='ocrx_word' id='word_1_235' title='bbox 347 2702 515 2765; x_wconf 82' lang='lat' dir='ltr'>adscribam,</span> <span class='ocrx_word' id='word_1_236' title='bbox 540 2715 610 2767; x_wconf 80' lang='lat' dir='ltr'>quae</span> <span class='ocrx_word' id='word_1_237' title='bbox 633 2716 731 2766; x_wconf 78' lang='lat' dir='ltr'>suppe-</span> 
     </span>
     <span class='ocr_line' id='line_1_31' title="bbox 188 2767 728 2847; baseline 0.008 -32"><span class='ocrx_word' id='word_1_238' title='bbox 188 2767 413 2834; x_wconf 79' lang='lat' dir='ltr'>ditabitBeguet.</span> <span class='ocrx_word' id='word_1_239' title='bbox 428 2772 615 2847; x_wconf 83' lang='lat' dir='ltr'>ndChryeipp.</span> <span class='ocrx_word' id='word_1_240' title='bbox 631 2771 728 2836; x_wconf 78' lang='lat' dir='ltr'>fragm.</span> 
     </span>
     <span class='ocr_line' id='line_1_32' title="bbox 187 2833 730 2904; baseline 0.004 -16"><span class='ocrx_word' id='word_1_241' title='bbox 187 2853 251 2902; x_wconf 77' lang='lat' dir='ltr'>pag.</span> <span class='ocrx_word' id='word_1_242' title='bbox 267 2837 328 2889; x_wconf 85' lang='grc'><strong>355.</strong></span> <span class='ocrx_word' id='word_1_243' title='bbox 344 2845 402 2890; x_wconf 91' lang='lat' dir='ltr'>not.</span> <span class='ocrx_word' id='word_1_244' title='bbox 417 2843 527 2893; x_wconf 77' lang='grc'><strong>2115-</strong></span> <span class='ocrx_word' id='word_1_245' title='bbox 493 2833 730 2904; x_wconf 80' lang='grc' dir='ltr'><strong><em>-κεκόσμηιοο</em></strong></span> 
     </span>
     <span class='ocr_line' id='line_1_33' title="bbox 188 2906 731 2987; baseline 0.002 -30"><span class='ocrx_word' id='word_1_246' title='bbox 188 2906 446 2987; x_wconf 72' lang='lat' dir='ltr'>Schellerphemiano</span> <span class='ocrx_word' id='word_1_247' title='bbox 456 2914 650 2976; x_wconf 87' lang='lat' dir='ltr'>receptnmeet.</span> <span class='ocrx_word' id='word_1_248' title='bbox 666 2907 731 2959; x_wconf 89' lang='lat' dir='ltr'>Vul-</span> 
     </span>
    </p>
   </div>
   <div class='ocr_carea' id='block_1_5' title="bbox 187 2969 729 3048">
    <p class='ocr_par' dir='ltr' id='par_1_5' title="bbox 187 2969 729 3048">
     <span class='ocr_line' id='line_1_34' title="bbox 187 2969 729 3048; baseline 0.004 -23"><span class='ocrx_word' id='word_1_249' title='bbox 187 2993 223 3042; x_wconf 82' lang='lat' dir='ltr'>go</span> <span class='ocrx_word' id='word_1_250' title='bbox 244 2969 428 3043; x_wconf 84' lang='grc' dir='ltr'><strong><em>κεκόσμηται,</em></strong></span> <span class='ocrx_word' id='word_1_251' title='bbox 456 2981 538 3048; x_wconf 87' lang='lat' dir='ltr'>idque</span> <span class='ocrx_word' id='word_1_252' title='bbox 559 2981 729 3030; x_wconf 88' lang='lat' dir='ltr'>retinuerunt</span> 
     </span>
    </p>
   </div>
   <div class='ocr_carea' id='block_1_6' title="bbox 187 3046 728 3166">
    <p class='ocr_par' dir='ltr' id='par_1_6' title="bbox 187 3046 728 3166">
     <span class='ocr_line' id='line_1_35' title="bbox 187 3046 728 3166; baseline 0.009 -71"><span class='ocrx_word' id='word_1_253' title='bbox 187 3046 306 3166; x_wconf 54' lang='lat' dir='ltr'>perpdorf</span> <span class='ocrx_word' id='word_1_254' title='bbox 322 3052 349 3098; x_wconf 91' lang='lat' dir='ltr'>et</span> <span class='ocrx_word' id='word_1_255' title='bbox 367 3049 489 3102; x_wconf 88' lang='lat' dir='ltr'>Dietech.</span> <span class='ocrx_word' id='word_1_256' title='bbox 526 3051 604 3101; x_wconf 84' lang='lat' dir='ltr'>Ocni.</span> <span class='ocrx_word' id='word_1_257' title='bbox 625 3049 647 3113; x_wconf 92' lang='lat'>1,</span> <span class='ocrx_word' id='word_1_258' title='bbox 669 3048 728 3100; x_wconf 87' lang='grc'>180.</span> 
     </span>
    </p>
   </div>
   <div class='ocr_carea' id='block_1_7' title="bbox 331 3287 585 3342">
    <p class='ocr_par' dir='ltr' id='par_1_7' title="bbox 331 3287 585 3342">
     <span class='ocr_line' id='line_1_36' title="bbox 331 3287 585 3342; baseline 0.016 -4"><span class='ocrx_word' id='word_1_259' title='bbox 331 3287 395 3340; x_wconf 72' lang='lat' dir='ltr'>Chr.</span> <span class='ocrx_word' id='word_1_260' title='bbox 414 3289 585 3342; x_wconf 83' lang='lat' dir='ltr'>CLXXXIV.</span> 
     </span>
    </p>
   </div>
   <div class='ocr_carea' id='block_1_8' title="bbox 157 3383 729 4357">
    <p class='ocr_par' dir='ltr' id='par_1_8' title="bbox 157 3383 729 4082">
     <span class='ocr_line' id='line_1_37' title="bbox 221 3383 728 3460; baseline 0.002 -19"><span class='ocrx_word' id='word_1_261' title='bbox 221 3387 321 3441; x_wconf 83' lang='grc' dir='ltr'><strong><em>πολλολ</em></strong></span> <span class='ocrx_word' id='word_1_262' title='bbox 330 3389 441 3456; x_wconf 82' lang='grc' dir='ltr'><strong><em>μένκου</em></strong></span> <span class='ocrx_word' id='word_1_263' title='bbox 450 3387 497 3440; x_wconf 84' lang='grc' dir='ltr'><strong><em>καλ</em></strong></span> <span class='ocrx_word' id='word_1_264' title='bbox 510 3383 588 3442; x_wconf 77' lang='lat' dir='ltr'>ullor</span> <span class='ocrx_word' id='word_1_265' title='bbox 600 3385 728 3460; x_wconf 70' lang='grc' dir='ltr'><strong><em>ἐγένοντο</em></strong></span> 
     </span>
     <span class='ocr_line' id='line_1_38' title="bbox 186 3458 729 3544; baseline 0.006 -34"><span class='ocrx_word' id='word_1_266' title='bbox 186 3458 321 3528; x_wconf 80' lang='grc' dir='ltr'><strong><em>βασιλέες]</em></strong></span> <span class='ocrx_word' id='word_1_267' title='bbox 340 3461 551 3544; x_wconf 75' lang='lat' dir='ltr'>Babyloniorum</span> <span class='ocrx_word' id='word_1_268' title='bbox 571 3477 663 3527; x_wconf 83' lang='lat' dir='ltr'>regum</span> <span class='ocrx_word' id='word_1_269' title='bbox 689 3479 729 3514; x_wconf 80' lang='lat' dir='ltr'>ee-</span> 
     </span>
     <span class='ocr_line' id='line_1_39' title="bbox 185 3531 729 3596; baseline 0.006 -17"><span class='ocrx_word' id='word_1_270' title='bbox 185 3531 252 3580; x_wconf 88' lang='lat' dir='ltr'>riem</span> <span class='ocrx_word' id='word_1_271' title='bbox 267 3531 290 3579; x_wconf 85' lang='lat' dir='ltr'>ei</span> <span class='ocrx_word' id='word_1_272' title='bbox 305 3531 365 3596; x_wconf 82' lang='lat' dir='ltr'>quin</span> <span class='ocrx_word' id='word_1_273' title='bbox 375 3531 481 3595; x_wconf 88' lang='lat' dir='ltr'>cupiat,</span> <span class='ocrx_word' id='word_1_274' title='bbox 499 3531 582 3581; x_wconf 87' lang='lat' dir='ltr'>adeat</span> <span class='ocrx_word' id='word_1_275' title='bbox 599 3533 729 3582; x_wconf 86' lang='lat' dir='ltr'>Bechium</span> 
     </span>
     <span class='ocr_line' id='line_1_40' title="bbox 187 3597 727 3666; baseline 0.006 -18"><span class='ocrx_word' id='word_1_276' title='bbox 187 3597 226 3663; x_wconf 92' lang='lat' dir='ltr'>(in</span> <span class='ocrx_word' id='word_1_277' title='bbox 240 3599 463 3666; x_wconf 80' lang='lat' dir='ltr'>Weltgeeohicht.</span> <span class='ocrx_word' id='word_1_278' title='bbox 483 3601 506 3650; x_wconf 94' lang='lat' dir='ltr'>l.</span> <span class='ocrx_word' id='word_1_279' title='bbox 517 3615 580 3666; x_wconf 77' lang='lat' dir='ltr'>pag.</span> <span class='ocrx_word' id='word_1_280' title='bbox 597 3602 646 3651; x_wconf 85' lang='grc'>187</span> <span class='ocrx_word' id='word_1_281' title='bbox 660 3617 727 3666; x_wconf 67' lang='grc' dir='ltr'><strong><em>ειη,</em></strong></span> 
     </span>
     <span class='ocr_line' id='line_1_41' title="bbox 186 3669 728 3736; baseline 0.004 -18"><span class='ocrx_word' id='word_1_282' title='bbox 186 3669 248 3720; x_wconf 90' lang='lat' dir='ltr'>coll.</span> <span class='ocrx_word' id='word_1_283' title='bbox 267 3685 295 3734; x_wconf 95' lang='lat' dir='ltr'>p.</span> <span class='ocrx_word' id='word_1_284' title='bbox 316 3671 367 3721; x_wconf 82' lang='grc'><strong>1117</strong></span> <span class='ocrx_word' id='word_1_285' title='bbox 386 3671 483 3736; x_wconf 76' lang='lat' dir='ltr'>seqq),</span> <span class='ocrx_word' id='word_1_286' title='bbox 504 3671 632 3734; x_wconf 85' lang='lat' dir='ltr'>quiillum</span> <span class='ocrx_word' id='word_1_287' title='bbox 651 3687 666 3720; x_wconf 90' lang='lat' dir='ltr'>e</span> <span class='ocrx_word' id='word_1_288' title='bbox 684 3687 728 3720; x_wconf 83' lang='lat' dir='ltr'>ve-</span> 
     </span>
     <span class='ocr_line' id='line_1_42' title="bbox 157 3739 727 3806; baseline 0.002 -19"><span class='ocrx_word' id='word_1_289' title='bbox 157 3759 165 3774; x_wconf 90' lang='lat'><strong>·</strong></span> <span class='ocrx_word' id='word_1_290' title='bbox 187 3743 274 3788; x_wconf 88' lang='lat' dir='ltr'>terum</span> <span class='ocrx_word' id='word_1_291' title='bbox 288 3741 451 3806; x_wconf 79' lang='lat' dir='ltr'>scriptorum</span> <span class='ocrx_word' id='word_1_292' title='bbox 468 3739 535 3789; x_wconf 89' lang='lat' dir='ltr'>locie</span> <span class='ocrx_word' id='word_1_293' title='bbox 545 3741 727 3802; x_wconf 77' lang='lat' dir='ltr'>concinuerit,</span> 
     </span>
     <span class='ocr_line' id='line_1_43' title="bbox 187 3809 728 3873; baseline 0.002 -16"><span class='ocrx_word' id='word_1_294' title='bbox 187 3813 268 3872; x_wconf 84' lang='lat' dir='ltr'>atque</span> <span class='ocrx_word' id='word_1_295' title='bbox 288 3809 329 3859; x_wconf 92' lang='lat' dir='ltr'>Io.</span> <span class='ocrx_word' id='word_1_296' title='bbox 349 3825 366 3859; x_wconf 91' lang='lat' dir='ltr'>a</span> <span class='ocrx_word' id='word_1_297' title='bbox 384 3809 536 3873; x_wconf 83' lang='lat' dir='ltr'>Gumpach·</span> <span class='ocrx_word' id='word_1_298' title='bbox 561 3811 657 3860; x_wconf 80' lang='lat' dir='ltr'>Abriee</span> <span class='ocrx_word' id='word_1_299' title='bbox 681 3809 728 3858; x_wconf 90' lang='lat' dir='ltr'>der</span> 
     </span>
     <span class='ocr_line' id='line_1_44' title="bbox 187 3877 726 3958; baseline 0.009 -34"><span class='ocrx_word' id='word_1_300' title='bbox 187 3877 381 3941; x_wconf 81' lang='lat' dir='ltr'>babyloniech-</span> <span class='ocrx_word' id='word_1_301' title='bbox 372 3893 473 3958; x_wconf 66' lang='lat' dir='ltr'>-aeeyp</span> <span class='ocrx_word' id='word_1_302' title='bbox 487 3878 647 3929; x_wconf 80' lang='lat' dir='ltr'>Geechichte</span> <span class='ocrx_word' id='word_1_303' title='bbox 664 3893 726 3944; x_wconf 81' lang='lat' dir='ltr'>pag.</span> 
     </span>
     <span class='ocr_line' id='line_1_45' title="bbox 187 3937 727 4014; baseline 0.006 -21"><span class='ocrx_word' id='word_1_304' title='bbox 187 3945 221 3994; x_wconf 76' lang='lat' dir='ltr'>llil</span> <span class='ocrx_word' id='word_1_305' title='bbox 240 3961 314 4012; x_wconf 86' lang='lat' dir='ltr'>eeqq.</span> <span class='ocrx_word' id='word_1_306' title='bbox 335 3963 367 3997; x_wconf 85' lang='lat' dir='ltr'>ac</span> <span class='ocrx_word' id='word_1_307' title='bbox 391 3937 483 4014; x_wconf 74' lang='lat' dir='ltr'>regu&#39;m</span> <span class='ocrx_word' id='word_1_308' title='bbox 500 3947 727 4013; x_wconf 88' lang='lat' dir='ltr'>Babylonicorum</span> 
     </span>
     <span class='ocr_line' id='line_1_46' title="bbox 188 4014 515 4100; baseline 0.022 -39"><span class='ocrx_word' id='word_1_309' title='bbox 188 4014 515 4100; x_wconf 66' lang='lat' dir='ltr'>tabulemp3154eeqq.</span> 
     </span>
    </p>

    <p class='ocr_par' dir='ltr' id='par_1_9' title="bbox 188 4072 728 4205">
     <span class='ocr_line' id='line_1_47' title="bbox 223 4072 728 4152; baseline 0.012 -22"><span class='ocrx_word' id='word_1_310' title='bbox 223 4072 253 4130; x_wconf 72' lang='grc' dir='ltr'>ἐν</span> <span class='ocrx_word' id='word_1_311' title='bbox 261 4085 334 4133; x_wconf 88' lang='grc' dir='ltr'><strong><em>τοισι</em></strong></span> <span class='ocrx_word' id='word_1_312' title='bbox 343 4077 508 4148; x_wconf 79' lang='grc' dir='ltr'><strong><em>Ἀσσυρίοισι</em></strong></span> <span class='ocrx_word' id='word_1_313' title='bbox 519 4077 638 4152; x_wconf 77' lang='grc' dir='ltr'><strong><em>λύγοισι]</em></strong></span> <span class='ocrx_word' id='word_1_314' title='bbox 648 4085 728 4138; x_wconf 86' lang='lat' dir='ltr'>Coni.</span> 
     </span>
     <span class='ocr_line' id='line_1_48' title="bbox 188 4152 418 4216; baseline 0.027 -17"><span class='ocrx_word' id='word_1_315' title='bbox 188 4156 244 4200; x_wconf 91' lang='lat' dir='ltr'>not</span> <span class='ocrx_word' id='word_1_316' title='bbox 264 4152 339 4216; x_wconf 85' lang='lat' dir='ltr'>adl,</span> <span class='ocrx_word' id='word_1_317' title='bbox 359 4155 418 4205; x_wconf 85' lang='grc'><strong>106.</strong></span> 
     </span>
    </p>

    <p class='ocr_par' dir='ltr' id='par_1_10' title="bbox 189 4209 728 4357">
     <span class='ocr_line' id='line_1_49' title="bbox 223 4209 728 4300; baseline 0.01 -33"><span class='ocrx_word' id='word_1_318' title='bbox 223 4209 241 4282; x_wconf 82' lang='grc' dir='ltr'><em>ἡ</em></span> <span class='ocrx_word' id='word_1_319' title='bbox 259 4215 310 4283; x_wconf 68' lang='grc' dir='ltr'>μὲν</span> <span class='ocrx_word' id='word_1_320' title='bbox 328 4213 468 4287; x_wconf 87' lang='grc' dir='ltr'><strong><em>πρότερον</em></strong></span> <span class='ocrx_word' id='word_1_321' title='bbox 484 4212 606 4300; x_wconf 79' lang='grc' dir='ltr'><strong><em>αρξασα,</em></strong></span> <span class='ocrx_word' id='word_1_322' title='bbox 631 4219 681 4287; x_wconf 82' lang='grc' dir='ltr'>τῆς</span> <span class='ocrx_word' id='word_1_323' title='bbox 696 4211 728 4272; x_wconf 81' lang='grc' dir='ltr'>ύ-</span> 
     </span>
     <span class='ocr_line' id='line_1_50' title="bbox 189 4283 728 4357; baseline 0.011 -22"><span class='ocrx_word' id='word_1_324' title='bbox 189 4299 288 4352; x_wconf 87' lang='grc' dir='ltr'><strong><em>στερον</em></strong></span> <span class='ocrx_word' id='word_1_325' title='bbox 302 4302 412 4356; x_wconf 79' lang='grc' dir='ltr'><strong><em>γενεησι</em></strong></span> <span class='ocrx_word' id='word_1_326' title='bbox 429 4287 512 4340; x_wconf 78' lang='grc' dir='ltr'><strong><em>πέντε</em></strong></span> <span class='ocrx_word' id='word_1_327' title='bbox 524 4283 667 4357; x_wconf 81' lang='grc' dir='ltr'><strong><em>πρότερον</em></strong></span> <span class='ocrx_word' id='word_1_328' title='bbox 685 4305 728 4356; x_wconf 81' lang='grc' dir='ltr'>ηε-</span> 
     </span>
    </p>
   </div>
   <div class='ocr_carea' id='block_1_9' title="bbox 778 1861 1331 4357">
    <p class='ocr_par' dir='ltr' id='par_1_11' title="bbox 778 1861 1322 2207">
     <span class='ocr_line' id='line_1_51' title="bbox 780 1861 1322 1913; baseline 0.004 -3"><span class='ocrx_word' id='word_1_329' title='bbox 780 1861 894 1912; x_wconf 88' lang='lat' dir='ltr'>rodotea</span> <span class='ocrx_word' id='word_1_330' title='bbox 910 1861 995 1912; x_wconf 75' lang='lat' dir='ltr'>verbe</span> <span class='ocrx_word' id='word_1_331' title='bbox 1011 1863 1040 1911; x_wconf 90' lang='lat' dir='ltr'>in</span> <span class='ocrx_word' id='word_1_332' title='bbox 1055 1863 1174 1912; x_wconf 80' lang='lat' dir='ltr'>numeris</span> <span class='ocrx_word' id='word_1_333' title='bbox 1191 1863 1322 1913; x_wconf 77' lang='lat' dir='ltr'>mendose</span> 
     </span>
     <span class='ocr_line' id='line_1_52' title="bbox 778 1929 1321 1998; baseline 0 -18"><span class='ocrx_word' id='word_1_334' title='bbox 778 1929 898 1982; x_wconf 84' lang='lat' dir='ltr'>habuere</span> <span class='ocrx_word' id='word_1_335' title='bbox 915 1947 959 1982; x_wconf 84' lang='lat' dir='ltr'>vv.</span> <span class='ocrx_word' id='word_1_336' title='bbox 980 1931 1026 1984; x_wconf 92' lang='lat' dir='ltr'>dd.</span> <span class='ocrx_word' id='word_1_337' title='bbox 1046 1932 1174 1998; x_wconf 86' lang='lat' dir='ltr'>varieque</span> <span class='ocrx_word' id='word_1_338' title='bbox 1198 1932 1245 1982; x_wconf 83' lang='lat' dir='ltr'>illu</span> <span class='ocrx_word' id='word_1_339' title='bbox 1262 1937 1321 1981; x_wconf 90' lang='lat' dir='ltr'>ten-</span> 
     </span>
     <span class='ocr_line' id='line_1_53' title="bbox 779 2001 1321 2066; baseline 0 -16"><span class='ocrx_word' id='word_1_340' title='bbox 779 2005 886 2065; x_wconf 86' lang='lat' dir='ltr'>tarunt,</span> <span class='ocrx_word' id='word_1_341' title='bbox 904 2016 957 2066; x_wconf 89' lang='lat' dir='ltr'>quo</span> <span class='ocrx_word' id='word_1_342' title='bbox 975 2001 1046 2052; x_wconf 89' lang='lat' dir='ltr'>inter</span> <span class='ocrx_word' id='word_1_343' title='bbox 1054 2001 1223 2054; x_wconf 86' lang='lat' dir='ltr'>Herodotum</span> <span class='ocrx_word' id='word_1_344' title='bbox 1237 2006 1321 2066; x_wconf 90' lang='lat' dir='ltr'>atque</span> 
     </span>
     <span class='ocr_line' id='line_1_54' title="bbox 780 2070 1321 2134; baseline -0.004 -14"><span class='ocrx_word' id='word_1_345' title='bbox 780 2070 898 2122; x_wconf 71' lang='lat' dir='ltr'>(iterium</span> <span class='ocrx_word' id='word_1_346' title='bbox 917 2075 989 2121; x_wconf 79' lang='lat' dir='ltr'>cenet</span> <span class='ocrx_word' id='word_1_347' title='bbox 1011 2086 1169 2122; x_wconf 72' lang='lat' dir='ltr'>consensus.</span> <span class='ocrx_word' id='word_1_348' title='bbox 1204 2072 1258 2134; x_wconf 81' lang='lat' dir='ltr'>Sic,</span> <span class='ocrx_word' id='word_1_349' title='bbox 1279 2071 1321 2120; x_wconf 89' lang='lat' dir='ltr'>uti</span> 
     </span>
     <span class='ocr_line' id='line_1_55' title="bbox 780 2139 1322 2220; baseline 0 -30"><span class='ocrx_word' id='word_1_350' title='bbox 780 2139 832 2191; x_wconf 93' lang='lat' dir='ltr'>hoc</span> <span class='ocrx_word' id='word_1_351' title='bbox 849 2147 925 2205; x_wconf 86' lang='lat' dir='ltr'>utar,</span> <span class='ocrx_word' id='word_1_352' title='bbox 943 2156 992 2206; x_wconf 91' lang='lat' dir='ltr'>pro</span> <span class='ocrx_word' id='word_1_353' title='bbox 1010 2139 1092 2191; x_wconf 80' lang='grc' dir='ltr'><strong><em>πέντε</em></strong></span> <span class='ocrx_word' id='word_1_354' title='bbox 1107 2141 1238 2220; x_wconf 79' lang='lat' dir='ltr'>Iosephus</span> <span class='ocrx_word' id='word_1_355' title='bbox 1257 2141 1322 2191; x_wconf 80' lang='lat' dir='ltr'>Sca-</span> 
     </span>
    </p>

    <p class='ocr_par' dir='ltr' id='par_1_12' title="bbox 779 2203 1319 2347">
     <span class='ocr_line' id='line_1_56' title="bbox 779 2203 1319 2276; baseline 0 -18"><span class='ocrx_word' id='word_1_356' title='bbox 779 2209 848 2276; x_wconf 77' lang='lat' dir='ltr'>liger</span> <span class='ocrx_word' id='word_1_357' title='bbox 861 2213 1022 2276; x_wconf 67' lang='lat' dir='ltr'>rescriptum</span> <span class='ocrx_word' id='word_1_358' title='bbox 1033 2209 1121 2260; x_wconf 83' lang='lat' dir='ltr'>voluit</span> <span class='ocrx_word' id='word_1_359' title='bbox 1133 2203 1319 2276; x_wconf 84' lang='grc' dir='ltr'><strong><em>πεντήκοντα,</em></strong></span> 
     </span>
     <span class='ocr_line' id='line_1_57' title="bbox 780 2277 1321 2347; baseline 0.002 -18"><span class='ocrx_word' id='word_1_360' title='bbox 780 2279 907 2346; x_wconf 81' lang='lat' dir='ltr'>Vitringa</span> <span class='ocrx_word' id='word_1_361' title='bbox 924 2277 1076 2331; x_wconf 76' lang='grc' dir='ltr'><strong><em>δεκαπέντε</em></strong></span> <span class='ocrx_word' id='word_1_362' title='bbox 1094 2277 1159 2345; x_wconf 72' lang='grc' dir='ltr'><strong><em>(τε),</em></strong></span> <span class='ocrx_word' id='word_1_363' title='bbox 1179 2296 1233 2347; x_wconf 88' lang='lat' dir='ltr'>quo</span> <span class='ocrx_word' id='word_1_364' title='bbox 1257 2295 1321 2330; x_wconf 87' lang='lat' dir='ltr'>nen·</span> 
     </span>
    </p>

    <p class='ocr_par' dir='ltr' id='par_1_13' title="bbox 780 2350 1321 2415">
     <span class='ocr_line' id='line_1_58' title="bbox 780 2350 1321 2415; baseline 0.006 -18"><span class='ocrx_word' id='word_1_365' title='bbox 780 2353 823 2398; x_wconf 89' lang='lat' dir='ltr'>tro</span> <span class='ocrx_word' id='word_1_366' title='bbox 842 2365 909 2414; x_wconf 84' lang='lat' dir='ltr'>opue</span> <span class='ocrx_word' id='word_1_367' title='bbox 928 2365 987 2400; x_wconf 80' lang='lat' dir='ltr'>esee</span> <span class='ocrx_word' id='word_1_368' title='bbox 1004 2350 1172 2401; x_wconf 82' lang='lat' dir='ltr'>iamdudum</span> <span class='ocrx_word' id='word_1_369' title='bbox 1184 2351 1251 2401; x_wconf 87' lang='lat' dir='ltr'>mihi</span> <span class='ocrx_word' id='word_1_370' title='bbox 1264 2365 1321 2415; x_wconf 87' lang='lat' dir='ltr'>per·</span> 
     </span>
    </p>

    <p class='ocr_par' dir='ltr' id='par_1_14' title="bbox 778 2419 1331 4205">
     <span class='ocr_line' id='line_1_59' title="bbox 780 2419 1320 2486; baseline 0.004 -18"><span class='ocrx_word' id='word_1_371' title='bbox 780 2419 869 2470; x_wconf 85' lang='lat' dir='ltr'>euaeit</span> <span class='ocrx_word' id='word_1_372' title='bbox 880 2420 1084 2486; x_wconf 78' lang='lat' dir='ltr'>Weeeeiingine.</span> <span class='ocrx_word' id='word_1_373' title='bbox 1104 2421 1174 2472; x_wconf 84' lang='lat' dir='ltr'>Nam</span> <span class='ocrx_word' id='word_1_374' title='bbox 1185 2437 1236 2472; x_wconf 92' lang='lat' dir='ltr'>nec</span> <span class='ocrx_word' id='word_1_375' title='bbox 1246 2421 1320 2482; x_wconf 85' lang='lat' dir='ltr'>Nini,</span> 
     </span>
     <span class='ocr_line' id='line_1_60' title="bbox 780 2489 1321 2556; baseline 0.004 -19"><span class='ocrx_word' id='word_1_376' title='bbox 780 2503 830 2538; x_wconf 88' lang='lat' dir='ltr'>nec</span> <span class='ocrx_word' id='word_1_377' title='bbox 848 2489 1040 2552; x_wconf 85' lang='lat' dir='ltr'>Simiramidie,</span> <span class='ocrx_word' id='word_1_378' title='bbox 1064 2505 1134 2556; x_wconf 86' lang='lat' dir='ltr'>quae</span> <span class='ocrx_word' id='word_1_379' title='bbox 1157 2491 1215 2542; x_wconf 83' lang='lat' dir='ltr'>eine</span> <span class='ocrx_word' id='word_1_380' title='bbox 1238 2491 1321 2542; x_wconf 83' lang='lat' dir='ltr'>inerit</span> 
     </span>
     <span class='ocr_line' id='line_1_61' title="bbox 780 2559 1322 2625; baseline 0.007 -18"><span class='ocrx_word' id='word_1_381' title='bbox 780 2573 860 2621; x_wconf 88' lang='lat' dir='ltr'>uxor,</span> <span class='ocrx_word' id='word_1_382' title='bbox 885 2575 1006 2625; x_wconf 87' lang='lat' dir='ltr'>quaeque</span> <span class='ocrx_word' id='word_1_383' title='bbox 1027 2559 1194 2625; x_wconf 74' lang='lat' dir='ltr'>Babylonem</span> <span class='ocrx_word' id='word_1_384' title='bbox 1217 2565 1322 2611; x_wconf 81' lang='lat' dir='ltr'>exetru·</span> 
     </span>
     <span class='ocr_line' id='line_1_62' title="bbox 780 2627 1320 2694; baseline 0.007 -18"><span class='ocrx_word' id='word_1_385' title='bbox 780 2627 864 2691; x_wconf 89' lang='lat' dir='ltr'>xerit,</span> <span class='ocrx_word' id='word_1_386' title='bbox 888 2629 945 2679; x_wconf 79' lang='lat' dir='ltr'>ullu</span> <span class='ocrx_word' id='word_1_387' title='bbox 961 2630 1035 2694; x_wconf 89' lang='lat' dir='ltr'>apud</span> <span class='ocrx_word' id='word_1_388' title='bbox 1058 2630 1187 2680; x_wconf 77' lang='lat' dir='ltr'>Nostrum</span> <span class='ocrx_word' id='word_1_389' title='bbox 1209 2631 1320 2692; x_wconf 86' lang='lat' dir='ltr'>mentio,</span> 
     </span>
     <span class='ocr_line' id='line_1_63' title="bbox 780 2697 1322 2762; baseline 0.007 -15"><span class='ocrx_word' id='word_1_390' title='bbox 780 2697 828 2762; x_wconf 88' lang='lat' dir='ltr'>qui</span> <span class='ocrx_word' id='word_1_391' title='bbox 844 2697 895 2748; x_wconf 88' lang='lat' dir='ltr'>hoc</span> <span class='ocrx_word' id='word_1_392' title='bbox 912 2713 966 2748; x_wconf 87' lang='lat' dir='ltr'>uuo</span> <span class='ocrx_word' id='word_1_393' title='bbox 985 2697 1045 2748; x_wconf 90' lang='lat' dir='ltr'>loco</span> <span class='ocrx_word' id='word_1_394' title='bbox 1063 2713 1145 2748; x_wconf 88' lang='lat' dir='ltr'>unam</span> <span class='ocrx_word' id='word_1_395' title='bbox 1167 2715 1225 2751; x_wconf 90' lang='lat' dir='ltr'>eam</span> <span class='ocrx_word' id='word_1_396' title='bbox 1250 2715 1322 2751; x_wconf 91' lang='lat' dir='ltr'>com·</span> 
     </span>
     <span class='ocr_line' id='line_1_64' title="bbox 781 2767 1322 2835; baseline 0.006 -20"><span class='ocrx_word' id='word_1_397' title='bbox 781 2771 912 2817; x_wconf 89' lang='lat' dir='ltr'>memorat</span> <span class='ocrx_word' id='word_1_398' title='bbox 929 2767 1145 2830; x_wconf 73' lang='lat' dir='ltr'>Semiramidem,</span> <span class='ocrx_word' id='word_1_399' title='bbox 1165 2785 1233 2834; x_wconf 88' lang='lat' dir='ltr'>quac</span> <span class='ocrx_word' id='word_1_400' title='bbox 1245 2770 1322 2835; x_wconf 85' lang='lat' dir='ltr'>quin-</span> 
     </span>
     <span class='ocr_line' id='line_1_65' title="bbox 781 2837 1322 2918; baseline 0.007 -34"><span class='ocrx_word' id='word_1_401' title='bbox 781 2851 832 2918; x_wconf 74' lang='lat' dir='ltr'>que</span> <span class='ocrx_word' id='word_1_402' title='bbox 858 2837 1078 2902; x_wconf 75' lang='lat' dir='ltr'>generationibus</span> <span class='ocrx_word' id='word_1_403' title='bbox 1096 2843 1160 2887; x_wconf 89' lang='lat' dir='ltr'>ante</span> <span class='ocrx_word' id='word_1_404' title='bbox 1183 2838 1265 2888; x_wconf 78' lang='lat' dir='ltr'>aliem</span> <span class='ocrx_word' id='word_1_405' title='bbox 1282 2855 1322 2888; x_wconf 89' lang='lat' dir='ltr'>re-</span> 
     </span>
     <span class='ocr_line' id='line_1_66' title="bbox 780 2905 1322 2970; baseline 0.006 -17"><span class='ocrx_word' id='word_1_406' title='bbox 780 2905 853 2970; x_wconf 79' lang='lat' dir='ltr'>giam</span> <span class='ocrx_word' id='word_1_407' title='bbox 876 2905 1004 2956; x_wconf 83' lang='lat' dir='ltr'>feminam</span> <span class='ocrx_word' id='word_1_408' title='bbox 1026 2906 1152 2956; x_wconf 86' lang='lat' dir='ltr'>Nitocrin</span> <span class='ocrx_word' id='word_1_409' title='bbox 1173 2908 1271 2958; x_wconf 85' lang='lat' dir='ltr'>vixerit</span> <span class='ocrx_word' id='word_1_410' title='bbox 1293 2913 1322 2956; x_wconf 91' lang='lat' dir='ltr'>et</span> 
     </span>
     <span class='ocr_line' id='line_1_67' title="bbox 780 2973 1331 3042; baseline 0.002 -18"><span class='ocrx_word' id='word_1_411' title='bbox 780 2973 991 3039; x_wconf 84' lang='lat' dir='ltr'>Babyloniorum</span> <span class='ocrx_word' id='word_1_412' title='bbox 1009 2975 1068 3040; x_wconf 84' lang='lat' dir='ltr'>regi</span> <span class='ocrx_word' id='word_1_413' title='bbox 1090 2976 1220 3042; x_wconf 76' lang='lat' dir='ltr'>cuipiam,</span> <span class='ocrx_word' id='word_1_414' title='bbox 1243 2977 1331 3026; x_wconf 78' lang='lat' dir='ltr'>cuiue¹</span> 
     </span>
     <span class='ocr_line' id='line_1_68' title="bbox 779 3044 1321 3112; baseline 0.004 -19"><span class='ocrx_word' id='word_1_415' title='bbox 779 3059 877 3094; x_wconf 90' lang='lat' dir='ltr'>nornen</span> <span class='ocrx_word' id='word_1_416' title='bbox 894 3049 968 3095; x_wconf 88' lang='lat' dir='ltr'>tacet</span> <span class='ocrx_word' id='word_1_417' title='bbox 984 3044 1153 3108; x_wconf 84' lang='lat' dir='ltr'>Herodotus,</span> <span class='ocrx_word' id='word_1_418' title='bbox 1175 3050 1262 3112; x_wconf 88' lang='lat' dir='ltr'>nupta</span> <span class='ocrx_word' id='word_1_419' title='bbox 1282 3046 1321 3096; x_wconf 83' lang='lat' dir='ltr'>vi-</span> 
     </span>
     <span class='ocr_line' id='line_1_69' title="bbox 779 3113 1320 3179; baseline 0.006 -16"><span class='ocrx_word' id='word_1_420' title='bbox 779 3113 837 3163; x_wconf 87' lang='lat' dir='ltr'>deri</span> <span class='ocrx_word' id='word_1_421' title='bbox 855 3119 947 3179; x_wconf 89' lang='lat' dir='ltr'>queat.</span> <span class='ocrx_word' id='word_1_422' title='bbox 982 3113 1077 3165; x_wconf 79' lang='lat' dir='ltr'>Plures</span> <span class='ocrx_word' id='word_1_423' title='bbox 1094 3115 1254 3166; x_wconf 83' lang='lat' dir='ltr'>enimhniua</span> <span class='ocrx_word' id='word_1_424' title='bbox 1272 3131 1320 3167; x_wconf 91' lang='lat' dir='ltr'>no·</span> 
     </span>
     <span class='ocr_line' id='line_1_70' title="bbox 779 3183 1320 3250; baseline 0.007 -18"><span class='ocrx_word' id='word_1_425' title='bbox 779 3183 858 3233; x_wconf 86' lang='lat' dir='ltr'>minia</span> <span class='ocrx_word' id='word_1_426' title='bbox 880 3184 989 3250; x_wconf 82' lang='lat' dir='ltr'>reginae</span> <span class='ocrx_word' id='word_1_427' title='bbox 1012 3185 1076 3235; x_wconf 87' lang='lat' dir='ltr'>olim</span> <span class='ocrx_word' id='word_1_428' title='bbox 1098 3186 1127 3236; x_wconf 89' lang='lat' dir='ltr'>in</span> <span class='ocrx_word' id='word_1_429' title='bbox 1144 3187 1211 3237; x_wconf 78' lang='lat' dir='ltr'>heia</span> <span class='ocrx_word' id='word_1_430' title='bbox 1234 3187 1320 3236; x_wconf 76' lang='lat' dir='ltr'>fuisse</span> 
     </span>
     <span class='ocr_line' id='line_1_71' title="bbox 780 3253 1320 3320; baseline 0.007 -18"><span class='ocrx_word' id='word_1_431' title='bbox 780 3258 807 3303; x_wconf 90' lang='lat' dir='ltr'>et</span> <span class='ocrx_word' id='word_1_432' title='bbox 825 3254 853 3302; x_wconf 91' lang='lat' dir='ltr'>in</span> <span class='ocrx_word' id='word_1_433' title='bbox 870 3253 991 3303; x_wconf 74' lang='lat' dir='ltr'>historiis</span> <span class='ocrx_word' id='word_1_434' title='bbox 1008 3257 1170 3320; x_wconf 87' lang='lat' dir='ltr'>nuncupari,</span> <span class='ocrx_word' id='word_1_435' title='bbox 1190 3256 1225 3306; x_wconf 73' lang='lat' dir='ltr'>ad</span> <span class='ocrx_word' id='word_1_436' title='bbox 1243 3256 1320 3306; x_wconf 83' lang='lat' dir='ltr'>iabu-</span> 
     </span>
     <span class='ocr_line' id='line_1_72' title="bbox 778 3322 1321 3389; baseline 0.002 -17"><span class='ocrx_word' id='word_1_437' title='bbox 778 3322 865 3372; x_wconf 86' lang='lat' dir='ltr'>larum</span> <span class='ocrx_word' id='word_1_438' title='bbox 882 3323 1003 3374; x_wconf 81' lang='lat' dir='ltr'>rationes</span> <span class='ocrx_word' id='word_1_439' title='bbox 1021 3339 1091 3389; x_wconf 87' lang='lat' dir='ltr'>quae</span> <span class='ocrx_word' id='word_1_440' title='bbox 1114 3326 1258 3375; x_wconf 81' lang='lat' dir='ltr'>traductae</span> <span class='ocrx_word' id='word_1_441' title='bbox 1273 3329 1321 3374; x_wconf 90' lang='lat' dir='ltr'>aut</span> 
     </span>
     <span class='ocr_line' id='line_1_73' title="bbox 779 3391 1321 3458; baseline 0 -16"><span class='ocrx_word' id='word_1_442' title='bbox 779 3391 877 3458; x_wconf 79' lang='lat' dir='ltr'>quibus</span> <span class='ocrx_word' id='word_1_443' title='bbox 891 3392 977 3443; x_wconf 89' lang='lat' dir='ltr'>multa</span> <span class='ocrx_word' id='word_1_444' title='bbox 988 3393 1113 3444; x_wconf 79' lang='lat' dir='ltr'>sabulosa</span> <span class='ocrx_word' id='word_1_445' title='bbox 1128 3393 1249 3443; x_wconf 85' lang='lat' dir='ltr'>admixta</span> <span class='ocrx_word' id='word_1_446' title='bbox 1265 3395 1321 3442; x_wconf 87' lang='lat' dir='ltr'>iue-</span> 
     </span>
     <span class='ocr_line' id='line_1_74' title="bbox 780 3462 1321 3528; baseline -0.002 -18"><span class='ocrx_word' id='word_1_447' title='bbox 780 3462 849 3524; x_wconf 90' lang='lat' dir='ltr'>rint,</span> <span class='ocrx_word' id='word_1_448' title='bbox 879 3477 957 3512; x_wconf 88' lang='lat' dir='ltr'>nemo</span> <span class='ocrx_word' id='word_1_449' title='bbox 987 3464 1130 3528; x_wconf 84' lang='lat' dir='ltr'>quiequam</span> <span class='ocrx_word' id='word_1_450' title='bbox 1154 3464 1267 3527; x_wconf 88' lang='lat' dir='ltr'>peritior</span> <span class='ocrx_word' id='word_1_451' title='bbox 1293 3462 1321 3510; x_wconf 91' lang='lat' dir='ltr'>in</span> 
     </span>
     <span class='ocr_line' id='line_1_75' title="bbox 780 3530 1321 3596; baseline 0.002 -17"><span class='ocrx_word' id='word_1_452' title='bbox 780 3530 889 3580; x_wconf 89' lang='lat' dir='ltr'>dubium</span> <span class='ocrx_word' id='word_1_453' title='bbox 907 3533 1057 3583; x_wconf 85' lang='lat' dir='ltr'>vocaverit.</span> <span class='ocrx_word' id='word_1_454' title='bbox 1088 3533 1181 3596; x_wconf 86' lang='lat' dir='ltr'>Neque</span> <span class='ocrx_word' id='word_1_455' title='bbox 1190 3548 1251 3582; x_wconf 84' lang='lat' dir='ltr'>raro</span> <span class='ocrx_word' id='word_1_456' title='bbox 1265 3545 1321 3592; x_wconf 77' lang='lat' dir='ltr'>eas,</span> 
     </span>
     <span class='ocr_line' id='line_1_76' title="bbox 779 3600 1322 3667; baseline -0.004 -17"><span class='ocrx_word' id='word_1_457' title='bbox 779 3615 850 3665; x_wconf 89' lang='lat' dir='ltr'>quae</span> <span class='ocrx_word' id='word_1_458' title='bbox 866 3616 915 3665; x_wconf 93' lang='lat' dir='ltr'>pro</span> <span class='ocrx_word' id='word_1_459' title='bbox 935 3607 1086 3667; x_wconf 86' lang='lat' dir='ltr'>temporum</span> <span class='ocrx_word' id='word_1_460' title='bbox 1103 3602 1209 3652; x_wconf 82' lang='lat' dir='ltr'>ratione</span> <span class='ocrx_word' id='word_1_461' title='bbox 1226 3600 1322 3650; x_wconf 83' lang='lat' dir='ltr'>dietin-</span> 
     </span>
     <span class='ocr_line' id='line_1_77' title="bbox 780 3670 1321 3734; baseline 0 -16"><span class='ocrx_word' id='word_1_462' title='bbox 780 3670 826 3733; x_wconf 84' lang='lat' dir='ltr'>gui</span> <span class='ocrx_word' id='word_1_463' title='bbox 840 3670 971 3734; x_wconf 88' lang='lat' dir='ltr'>debeant,</span> <span class='ocrx_word' id='word_1_464' title='bbox 989 3671 1120 3721; x_wconf 81' lang='lat' dir='ltr'>confundi</span> <span class='ocrx_word' id='word_1_465' title='bbox 1137 3671 1207 3720; x_wconf 87' lang='lat' dir='ltr'>inter</span> <span class='ocrx_word' id='word_1_466' title='bbox 1219 3687 1258 3733; x_wconf 87' lang='lat' dir='ltr'>ee,</span> <span class='ocrx_word' id='word_1_467' title='bbox 1273 3685 1321 3718; x_wconf 92' lang='lat' dir='ltr'>no·</span> 
     </span>
     <span class='ocr_line' id='line_1_78' title="bbox 778 3739 1320 3804; baseline 0 -17"><span class='ocrx_word' id='word_1_468' title='bbox 778 3743 836 3788; x_wconf 87' lang='lat' dir='ltr'>tum</span> <span class='ocrx_word' id='word_1_469' title='bbox 846 3745 896 3790; x_wconf 81' lang='lat' dir='ltr'>eet.</span> <span class='ocrx_word' id='word_1_470' title='bbox 929 3741 1100 3804; x_wconf 83' lang='lat' dir='ltr'>Quapropter</span> <span class='ocrx_word' id='word_1_471' title='bbox 1108 3739 1195 3788; x_wconf 83' lang='lat' dir='ltr'>virum</span> <span class='ocrx_word' id='word_1_472' title='bbox 1210 3740 1320 3790; x_wconf 90' lang='lat' dir='ltr'>doctum</span> 
     </span>
     <span class='ocr_line' id='line_1_79' title="bbox 779 3807 1319 3874; baseline 0 -18"><span class='ocrx_word' id='word_1_473' title='bbox 779 3807 875 3868; x_wconf 90' lang='lat' dir='ltr'>miror,</span> <span class='ocrx_word' id='word_1_474' title='bbox 891 3811 938 3874; x_wconf 89' lang='lat' dir='ltr'>qni</span> <span class='ocrx_word' id='word_1_475' title='bbox 956 3810 984 3858; x_wconf 89' lang='lat' dir='ltr'>in</span> <span class='ocrx_word' id='word_1_476' title='bbox 995 3808 1164 3860; x_wconf 80' lang='lat' dir='ltr'>Becherchee</span> <span class='ocrx_word' id='word_1_477' title='bbox 1181 3807 1319 3859; x_wconf 73' lang='lat' dir='ltr'>nouvelles</span> 
     </span>
     <span class='ocr_line' id='line_1_80' title="bbox 779 3877 1319 3943; baseline 0.004 -17"><span class='ocrx_word' id='word_1_478' title='bbox 779 3891 826 3926; x_wconf 82' lang='lat' dir='ltr'>our</span> <span class='ocrx_word' id='word_1_479' title='bbox 844 3877 929 3929; x_wconf 79' lang='lat' dir='ltr'>l&#39;hist.</span> <span class='ocrx_word' id='word_1_480' title='bbox 964 3893 1025 3929; x_wconf 87' lang='lat' dir='ltr'>auc.</span> <span class='ocrx_word' id='word_1_481' title='bbox 1043 3882 1064 3927; x_wconf 92' lang='lat' dir='ltr'>t.</span> <span class='ocrx_word' id='word_1_482' title='bbox 1079 3877 1133 3928; x_wconf 93' lang='lat'>111.</span> <span class='ocrx_word' id='word_1_483' title='bbox 1152 3893 1213 3942; x_wconf 86' lang='lat' dir='ltr'>cap.</span> <span class='ocrx_word' id='word_1_484' title='bbox 1226 3879 1274 3930; x_wconf 85' lang='lat' dir='ltr'>Vl.</span> <span class='ocrx_word' id='word_1_485' title='bbox 1291 3893 1319 3943; x_wconf 92' lang='lat' dir='ltr'>p.</span> 
     </span>
     <span class='ocr_line' id='line_1_81' title="bbox 778 3943 1320 4012; baseline 0.002 -16"><span class='ocrx_word' id='word_1_486' title='bbox 778 3943 813 3996; x_wconf 83' lang='grc'>811</span> <span class='ocrx_word' id='word_1_487' title='bbox 830 3962 871 4011; x_wconf 83' lang='lat' dir='ltr'>eq.</span> <span class='ocrx_word' id='word_1_488' title='bbox 884 3961 966 3997; x_wconf 85' lang='lat' dir='ltr'>unam</span> <span class='ocrx_word' id='word_1_489' title='bbox 977 3948 1143 4012; x_wconf 86' lang='lat' dir='ltr'>eandemqne</span> <span class='ocrx_word' id='word_1_490' title='bbox 1155 3947 1240 3997; x_wconf 80' lang='lat' dir='ltr'>fuieae</span> <span class='ocrx_word' id='word_1_491' title='bbox 1257 3963 1320 3997; x_wconf 88' lang='lat' dir='ltr'>oon·</span> 
     </span>
     <span class='ocr_line' id='line_1_82' title="bbox 778 4015 1321 4068; baseline 0.004 -4"><span class='ocrx_word' id='word_1_492' title='bbox 778 4015 867 4065; x_wconf 90' lang='lat' dir='ltr'>tendit</span> <span class='ocrx_word' id='word_1_493' title='bbox 890 4021 917 4066; x_wconf 91' lang='lat' dir='ltr'>et</span> <span class='ocrx_word' id='word_1_494' title='bbox 936 4017 1070 4067; x_wconf 85' lang='lat' dir='ltr'>Herodoti</span> <span class='ocrx_word' id='word_1_495' title='bbox 1093 4022 1120 4066; x_wconf 88' lang='lat' dir='ltr'>et</span> <span class='ocrx_word' id='word_1_496' title='bbox 1143 4016 1252 4068; x_wconf 77' lang='lat' dir='ltr'>Ctesiae</span> <span class='ocrx_word' id='word_1_497' title='bbox 1274 4015 1321 4066; x_wconf 79' lang='lat' dir='ltr'>Se·</span> 
     </span>
     <span class='ocr_line' id='line_1_83' title="bbox 779 4085 1320 4150; baseline 0.002 -17"><span class='ocrx_word' id='word_1_498' title='bbox 779 4085 962 4148; x_wconf 90' lang='lat' dir='ltr'>miramidem,</span> <span class='ocrx_word' id='word_1_499' title='bbox 981 4101 1051 4150; x_wconf 87' lang='lat' dir='ltr'>quae</span> <span class='ocrx_word' id='word_1_500' title='bbox 1070 4085 1238 4150; x_wconf 88' lang='lat' dir='ltr'>Babylonem</span> <span class='ocrx_word' id='word_1_501' title='bbox 1256 4085 1320 4135; x_wconf 89' lang='lat' dir='ltr'>olim</span> 
     </span>
     <span class='ocr_line' id='line_1_84' title="bbox 779 4153 1321 4216; baseline 0 -12"><span class='ocrx_word' id='word_1_502' title='bbox 779 4153 943 4216; x_wconf 88' lang='lat' dir='ltr'>condiderit,</span> <span class='ocrx_word' id='word_1_503' title='bbox 968 4153 1036 4204; x_wconf 77' lang='lat' dir='ltr'>cdeo</span> <span class='ocrx_word' id='word_1_504' title='bbox 1053 4159 1085 4205; x_wconf 87' lang='lat' dir='ltr'>ut</span> <span class='ocrx_word' id='word_1_505' title='bbox 1102 4155 1211 4204; x_wconf 80' lang='lat' dir='ltr'>Ctesiae</span> <span class='ocrx_word' id='word_1_506' title='bbox 1229 4159 1321 4204; x_wconf 89' lang='lat' dir='ltr'>aucto-</span> 
     </span>
    </p>

    <p class='ocr_par' dir='ltr' id='par_1_15' title="bbox 780 4191 1322 4357">
     <span class='ocr_line' id='line_1_85' title="bbox 780 4191 1322 4288; baseline 0.002 -17"><span class='ocrx_word' id='word_1_507' title='bbox 780 4223 872 4272; x_wconf 84' lang='grc' dir='ltr'><strong><em>ι11ιι</em></strong></span> <span class='ocrx_word' id='word_1_508' title='bbox 863 4238 892 4272; x_wconf 87' lang='grc' dir='ltr'>ιιι</span> <span class='ocrx_word' id='word_1_509' title='bbox 904 4191 978 4272; x_wconf 76' lang='lat' dir='ltr'>hilce</span> <span class='ocrx_word' id='word_1_510' title='bbox 991 4223 1130 4274; x_wconf 87' lang='lat' dir='ltr'>Herodoto</span> <span class='ocrx_word' id='word_1_511' title='bbox 1143 4223 1322 4288; x_wconf 75' lang='lat' dir='ltr'>praeferenda</span> 
     </span>
     <span class='ocr_line' id='line_1_86' title="bbox 783 4289 1321 4357; baseline 0.004 -17"><span class='ocrx_word' id='word_1_512' title='bbox 783 4292 833 4354; x_wconf 84' lang='lat' dir='ltr'>eit,</span> <span class='ocrx_word' id='word_1_513' title='bbox 859 4291 906 4357; x_wconf 88' lang='lat' dir='ltr'>qni</span> <span class='ocrx_word' id='word_1_514' title='bbox 928 4289 1122 4343; x_wconf 85' lang='lat' dir='ltr'>Chaldaeorum</span> <span class='ocrx_word' id='word_1_515' title='bbox 1146 4307 1179 4342; x_wconf 90' lang='lat' dir='ltr'>ac</span> <span class='ocrx_word' id='word_1_516' title='bbox 1203 4291 1321 4356; x_wconf 89' lang='lat' dir='ltr'>Babylo·</span> 
     </span>
    </p>
   </div>
   <div class='ocr_carea' id='block_1_10' title="bbox 0 0 1553 4944">
    <p class='ocr_par' dir='ltr' id='par_1_16' title="bbox 0 0 1553 4944">
     <span class='ocr_line' id='line_1_87' title="bbox 0 0 1553 4944; baseline 0 0"><span class='ocrx_word' id='word_1_517' title='bbox 0 0 1553 4944; x_wconf 95' lang='lat' dir='ltr'> </span> 
     </span>
    </p>
   </div>
  </div>
 </body>
</html>
