3086 4952
606 307 732 370 OLIO.
754 309 781 368 Ι.
804 317 865 372 131.
1238 307 1300 372 273

170 509 236 570 ριοι
250 478 312 570 τὴν
324 477 526 569 Ἀφροδίτην
539 479 714 567 Μύλιττα,
732 477 878 571 Ἀράβιοι
896 483 933 553 δὲ
945 479 1095 569 Ἰλίλιττα,
1117 468 1245 572 Πέρσαι
1261 482 1299 552 δὲ

170 592 318 672 Μίτραν.
355 590 463 670 Θνσίη
489 581 525 651 ol
544 600 629 652 τοῖσι
642 586 790 672 Πέρσησι
804 579 971 675 resplende
985 591 1181 676 εἰρημένους
1194 583 1297 667 θεούς
1309 593 1366 656 132

171 683 232 774 ἥδε
259 688 448 774 κατέστηκε.
497 681 574 756 οὔτε
594 683 728 773 βωμούς
748 691 937 776 ποιεῦνται,
967 687 1045 760 ούτε
1067 695 1137 780 πῦρ
1157 687 1296 760 οἰναιιαί·Δ

171 811 264 874 ουσι,
285 792 461 876 μέλλοντες
480 786 598 858 θύειν·
626 783 667 856 ού
686 794 818 878 σπονδῇ
836 795 1014 882 χρέωνται,
1037 790 1113 863 odel
1126 790 1237 887 αύλῷ,
1257 789 1299 862 ού

170 971 232 1005 uam
246 960 274 1005 et
291 971 355 1006 vero
367 957 449 1006 etiam
463 971 521 1006 eam
534 956 623 1019 deam,
641 969 711 1020 quae
760 957 815 1008 und
834 958 929 1008 Warth
946 959 1028 1024 einig.
1048 959 1232 1026 morgenlitnd.
1242 949 1299 1011 'Ur·

170 1025 261 1075 omnia
276 1025 305 1074 in
321 1041 410 1076 rerum
425 1031 523 1076 natura
542 1031 570 1076 et
582 1025 672 1091 pariat
683 1029 711 1074 et
759 1027 844 1078 lrnnd.
868 1041 932 1093 pag.
951 1029 998 1080 101
1018 1043 1093 1094 seqq.
1132 1031 1194 1080 Hoc
1216 1031 1299 1096 igitur

169 1093 235 1144 alat.
272 1094 357 1145 Addit
372 1095 474 1158 Roeth,
499 1096 593 1146 eodem
612 1109 710 1158 cogno·
760 1096 864 1147 lirmum
885 1103 1040 1162 certumque
1068 1103 1220 1162 teneamus,
1249 1100 1299 1148 Mi-

168 1165 240 1214 mine
252 1165 403 1229 praeditam
416 1165 529 1230 reperiri
542 1165 613 1215 hanc
631 1165 710 1214 deam
759 1171 831 1216 tram
843 1167 921 1218 deam
933 1168 1019 1217 luisse
1031 1168 1122 1218 Persis
1134 1183 1201 1231 eann
1219 1183 1300 1232 quam

169 1233 242 1300 apud
265 1233 334 1284 alias
361 1249 467 1299 quoque
493 1235 575 1286 Asiae
603 1237 708 1299 gentes,
760 1235 823 1287 aliis
850 1237 921 1287 aliae
952 1240 1047 1302 gentes
1072 1237 1225 1287 nominibus
1252 1251 1299 1301 per

168 1305 296 1369 ipsosque
320 1303 471 1355 Phoenices
499 1306 638 1355 Astartem
663 1318 710 1354 vo·
760 1321 865 1356 omnem
883 1307 941 1358 fere
956 1307 1050 1357 Asiam
1069 1306 1217 1368 coluerint,
1241 1307 1300 1354 sive

169 1373 401 1434 cassellensem,
420 1372 492 1438 quod
508 1373 579 1424 idem
596 1387 707 1438 prorsus
758 1381 884 1444 neturpm
912 1377 1011 1426 dixeris
1041 1380 1211 1437 naturalem,
1243 1375 1301 1424 sive

170 1441 318 1508 significet,
338 1443 416 1493 deam
434 1442 538 1494 scilicet
556 1447 662 1509 gratam
680 1447 708 1492 et
757 1445 919 1511 principium
941 1447 969 1496 in
990 1461 1079 1495 rerum
1100 1449 1200 1495 natura
1225 1443 1301 1494 iami-

170 1513 294 1562 amicam.
313 1513 475 1578 Dequaoi.
490 1513 572 1563 etiam
583 1513 706 1562 Movere:
757 1531 850 1578 neum,
884 1516 942 1566 sive
964 1516 1071 1566 Lunam
1095 1515 1154 1564 sive
1177 1514 1299 1564 Terram.

169 1583 221 1632 Die
239 1581 365 1632 Phoenic.
387 1583 410 1633 1.
432 1599 458 1648 p.
475 1582 526 1634 ouo
544 1597 635 1647 seqq,
659 1581 706 1646 qni
758 1585 833 1648 Quae
850 1585 950 1650 optime
969 1585 1102 1634 ind'ecnm
1118 1585 1219 1634 Venere
1232 1583 1299 1634 Ura·

123 1691 129 1704 .
169 1651 239 1702 hane
262 1651 339 1702 deam
359 1652 394 1702 ad
417 1653 549 1702 Venerem
567 1651 706 1717 planetam
756 1655 800 1703 nia
817 1653 889 1720 apud
907 1653 990 1719 Syros
1008 1653 1045 1718 (Ι,
1069 1654 1130 1717 105)
1149 1653 1300 1718 comparari

169 1722 260 1772 relcrt.
303 1722 382 1786 Apud
405 1722 488 1787 Syros
507 1736 613 1788 quoque
635 1720 706 1770 hano
756 1725 847 1788 potuit
867 1727 914 1773 aut
933 1737 993 1773 oum
1013 1722 1118 1789 Μηλίαν
1135 1721 1300 1787 Babylonio-

169 1789 246 1840 deam
263 1792 352 1842 Bonae
369 1793 440 1842 Deae
462 1795 489 1841 et
507 1791 638 1856 Beuipnue
659 1805 707 1839 no·
756 1808 815 1842 rum
827 1797 909 1857 atque
920 1792 1095 1857 Assyriorum
1110 1791 1147 1857 (1,
1164 1791 1233 1857 199),
1252 1795 1300 1840 aut

169 1861 285 1911 minibus
297 1860 427 1926 appellari
439 1861 547 1910 invenio
560 1859 632 1925 apud
644 1874 706 1908 eun·
757 1877 818 1911 oum
849 1862 968 1912 Arabum
991 1861 1089 1918 Alina.
1119 1875 1201 1925 quam
1228 1861 1300 1910 inira

170 1929 230 1980 dem
246 1932 331 1980 virum
350 1930 459 1980 doctum
475 1930 492 1982 1.
506 1929 525 1980 l.
543 1945 569 1994 p.
584 1929 646 1980 1100.
668 1928 706 1978 Ut
757 1931 810 1992 111,
827 1931 843 1982 8
861 1931 962 1982 Noster
980 1930 1100 1996 appellat
1116 1929 1209 1989 Alilutt
1227 1929 1301 1994 quod

170 2000 206 2050 ad
229 1999 330 2049 Mitram
352 2005 485 2062 revertar,
508 2000 586 2049 cuiue
609 2011 706 2047 nomen
757 1999 915 2065 ipsumhoc
934 2015 1041 2066 quoque
1064 1999 1124 2050 loco
1142 1999 1299 2050 restitutum

171 2067 215 2118 vel
238 2071 266 2118 in
283 2069 373 2120 multis
391 2071 534 2120 Persarum
551 2067 706 2118 nominibus
757 2069 866 2120 volebat
878 2069 986 2120 Salden.
1007 2071 1042 2120 ds
1058 2069 1111 2120 diis
1122 2068 1182 2134 Syr.
1195 2085 1222 2133 p.
1239 2067 1297 2118 llll.

171 2138 301 2203 propriis,
321 2140 480 2204 scripturam
498 2145 571 2204 part
591 2137 706 2202 probau-
759 2140 846 2200 Quam
864 2139 891 2188 in
909 2155 964 2188 rem
977 2140 1106 2190 observat
1118 2137 1150 2188 A.
1164 2138 1195 2190 G.
1208 2136 1299 2190 Schle-

172 2207 245 2256 tibus
264 2214 397 2272 comparet
415 2208 482 2271 (vid.
501 2211 571 2258 nott.
590 2206 626 2256 ad
643 2205 706 2266 VII,
758 2208 811 2272 gei.
832 2208 903 2272 (Ind.
913 2209 1042 2260 Biblioth.
1058 2208 1099 2271 ΙΙ,
1112 2208 1138 2260 3.
1151 2223 1215 2274 pag.
1225 2205 1298 2272 316),

172 2275 226 2342 dl),
245 2283 318 2328 recte
334 2277 396 2326 mihi
412 2275 633 2339 videturLajard
646 2273 708 2339 (Re
758 2279 940 2341 Herodotum,
968 2279 1015 2328 uhi
1037 2278 1194 2343 peregrinae
1217 2291 1298 2328 vocae

172 2345 298 2397 charchas
317 2361 362 2396 sur
381 2347 405 2396 le
428 2346 501 2398 culte
519 2347 552 2396 de
568 2346 660 2396 Venus
679 2360 706 2408 p.
757 2349 905 2412 expressim
935 2349 1071 2413 proferat,
1109 2362 1163 2397 non
1199 2347 1300 2398 addere

172 2415 222 2466 156
236 2432 310 2482 seqq.
330 2416 378 2470 183
390 2419 480 2483 seqq.)
497 2416 602 2468 Mitrum
614 2419 641 2464 et
659 2415 708 2464 Ve-
758 2418 889 2470 Graecam
919 2417 1151 2479 terminationem,
1183 2417 1299 2482 indeque

168 2501 251 2536 nerem
268 2491 295 2536 et
313 2485 438 2552 Mylitlam
462 2486 497 2537 ad
515 2485 585 2536 idem
607 2484 708 2534 referre
757 2487 784 2537 h.
803 2487 821 2538 l.
844 2487 962 2538 scribere
985 2479 1115 2536 Μύλιττα
1137 2491 1165 2536 et
1184 2477 1298 2547 Ἆλίτια,

168 2571 274 2618 numen,
287 2555 357 2622 quod
368 2557 440 2606 omui
450 2554 620 2621 generationi
630 2567 709 2618 prae·
758 2573 818 2607 cnm
834 2557 1008 2622 Assyriorum
1025 2561 1053 2606 et
1069 2556 1189 2606 Arabum
1205 2555 1300 2620 lingna

168 2625 302 2688 sidente„
315 2631 346 2676 ut
360 2626 409 2688 ait,
428 2626 504 2688 „sla
517 2622 708 2690 reproduction
758 2626 939 2678 declinatione
965 2631 1071 2688 careat,
1099 2625 1148 2675 sed
1173 2624 1298 2687 Μίτραν,

169 2695 215 2745 des
227 2696 296 2745 dtres
308 2691 707 2746 ethl’harmouiodumonde.“
757 2697 884 2762 quoniam
902 2697 930 2746 in
948 2697 1092 2746 Persarum
1110 2693 1206 2759 lingna
1223 2695 1299 2744 inve·

169 2765 440 2829 Strebermhhandll.
451 2765 476 2814 d.
484 2763 612 2815 Miinchn.
621 2759 707 2812 Aoad.
756 2767 848 2816 niatnr
859 2767 997 2818 nominum
1009 2764 1166 2816 declinatio.
1185 2765 1226 2814 De
1239 2764 1300 2828 ipss

169 2835 196 2884 d.
215 2834 382 2885 Wissensch.
395 2835 419 2884 1.
438 2851 465 2898 p.
479 2833 528 2884 llll
545 2829 706 2897 seqq.184.)
757 2852 824 2886 voce
843 2826 949 2885 ’Ἆλιττα
974 2851 997 2885 s.
1020 2826 1124 2882 Ἀλιλδιτ
1147 2833 1204 2884 vid.
1227 2837 1299 2884 nott.

168 2905 278 2954 Mittam
293 2903 562 2969 intelligitVenerem
581 2917 604 2952 s.
617 2900 707 2952 Persi·
757 2907 792 2956 ad
811 2906 866 2968 111,
884 2907 911 2957 8.

168 2990 228 3024 eam
238 2975 354 3024 Dianam
368 2975 533 3038 eandemque
543 2970 707 3032 ausitidem,

169 3043 202 3094 de
238 3059 273 3093 ua
308 3043 367 3094 lura
404 3059 438 3094 no
457 3057 491 3092 ue
509 3040 586 3092 affert
600 3041 705 3104 zoegae

168 3059 312 3164 Abhlsndld.
324 3129 351 3178 p.
364 3059 411 3164 ldl
425 3059 501 3178 sdqq.
515 3111 557 3161 ed.
570 3109 706 3160 Walcker.
918 3071 1142 3186 Cff'ncxxxn'

167 3183 237 3234 Add.
256 3197 364 3248 quoque
391 3182 424 3232 de
445 3183 529 3232 Mitrs.
554 3183 707 3230 monentem
793 3173 885 3240 Θνσίη
903 3169 1213 3243 δὲ-ηδεαατέστηαι]
1233 3191 1298 3224 κατ-

167 3253 265 3303 Zeuss:
283 3254 336 3304 Die
345 3251 500 3303 Dentschen
510 3265 537 3300 n.
551 3249 608 3299 ihre
619 3247 707 3298 Nach·
758 3242 855 3311 έσιηιιε
878 3261 893 3296 e
918 3248 1005 3298 tribus
1031 3247 1108 3300 codd.
1133 3261 1193 3296 cum
1220 3246 1299 3298 Gais-

167 3322 330 3372 barstiimme
356 3339 384 3388 p.
403 3321 463 3372 288.
502 3321 544 3370 De
563 3318 660 3370 Mithra
683 3332 707 3368 s.
758 3317 846 3396 iordio
865 3315 1029 3368 adscivimus
1051 3333 1100 3383 pro
1125 3315 1200 3381 vulg.
1219 3329 1299 3365 κατε-

167 3390 227 3442 Sole
247 3394 347 3454 inuicto,
367 3392 443 3442 ouius
456 3405 535 3440 sacra
552 3393 648 3453 postea
659 3401 707 3452 per
758 3399 881 3450 στηκιε.

168 3477 272 3512 omnem
287 3462 378 3511 orbem
390 3463 539 3511 Romanum
556 3460 707 3523 propagata
793 3446 828 3504 ού
852 3451 965 3520 σπονδῇ
983 3444 1224 3533 χρίωνται,,ούκλ
1248 3441 1299 3500 αύ-

167 3536 245 3594 sunt,
265 3531 327 3581 vide
346 3531 470 3581 Creuser.
489 3528 506 3579 l.
526 3527 586 3578 l.1.
608 3543 634 3592 p.
655 3525 707 3577 236
757 3523 812 3591 λῴ,
831 3513 866 3572 ού
878 3523 1025 3588 στέμμασι,
1038 3514 1103 3573 odsi
1115 3519 1227 3586 οολῇσι]
1246 3522 1299 3570 Pro

167 3616 243 3666 seqq.
275 3601 360 3663 Quem
374 3600 493 3650 Mithram
509 3597 580 3648 Solis
599 3597 707 3662 genium
758 3591 892 3658 στέμμασι
909 3592 1021 3658 (infulis,
1046 3593 1124 3658 cittis)
1147 3589 1301 3640 Valckena-

166 3669 260 3720 haheri
285 3669 404 3720 ostendit
426 3669 496 3718 idem
520 3666 616 3717 Roeth.
645 3665 664 3715 l.
688 3663 707 3714 l.
757 3665 814 3714 rius
832 3662 928 3714 maluit
946 3661 1069 3728 πέμμασι
1094 3659 1187 3726 (libis),
1212 3665 1243 3710 ut
1261 3659 1301 3708 in-

167 3745 237 3790 nott.
250 3755 277 3803 p.
292 3739 340 3790 281
356 3755 423 3804 seq„
442 3751 558 3803 quocum
572 3733 708 3786 consentit
758 3736 801 3784 ira
821 3733 921 3799 legitur
941 3733 970 3794 Ι,
991 3731 1041 3783 160
1064 3735 1091 3782 et
1111 3729 1299 3794 Xenophontis

166 3809 234 3860 Pott
243 3807 396 3874 Etymolog.
404 3805 546 3858 Forsch.I.
557 3822 583 3870 p.
592 3803 706 3855 XLVII.
757 3803 848 3854 verbis
867 3800 1064 3868 quodammodo
1084 3799 1214 3866 probatur
1236 3799 1301 3850 scri-

168 3879 245 3941 Quae
256 3879 347 3928 omnia
364 3879 387 3928 si
402 3879 470 3928 bene
483 3875 650 3941 perceperis,
669 3873 708 3922 in·
758 3873 847 3924 hantis
858 3870 1045 3991 iuCpropeed.
1053 3869 1136 3934 111‚3‚
1144 3865 1300 3920 :sn-Ke-

167 3947 286 4012 telligeq
305 3963 385 4012 qnam
406 3961 488 4012 prave
512 3946 531 3995 ii
550 3949 642 4010 agant,
661 3942 708 4008 qui
759 3956 809 4008 ρος
832 3935 885 4004 μέν
926 3937 1194 4020 στεφαναμέμος
1220 3933 1297 4018 ἔδαε,

169 4017 203 4066 ab
232 4017 372 4068 Herodoto
408 4031 548 4082 perperam
579 4013 706 4064 Mithram
758 4007 927 4076 παρήγγειλε
945 4005 1107 4068 disciscit
1124 4007 1298 4086 αλλοιςομρ-

169 4087 247 4137 deum
265 4088 292 4136 in
310 4087 419 4136 Mitram
438 4087 515 4136 deam
534 4083 708 4134 transforma·
758 4085 851 4144 τίμοις
868 4073 1197 4160 ςἐστεφανωμένοις
1226 4091 1299 4142 προς

168 4161 223 4206 tum
243 4160 367 4206 statuant
388 4160 437 4206 aut
453 4155 585 4205 Venerem
609 4151 708 4203 intelli·
758 4145 793 4200 τδι
818 4143 880 4212 ispa
906 4153 1051 4214 παρεῖναιι
1080 4165 1149 4214 qnae
1173 4162 1239 4198 sane
1265 4145 1299 4196 ad

168 4231 236 4291 gant
253 4225 404 4291 planetam,
428 4226 504 4276 cuius
529 4223 618 4274 caitus
636 4221 709 4287 apud
759 4221 924 4272 Graecorum
941 4236 1041 4272 morem
1059 4219 1231 4270 conformans
1247 4217 1300 4266 Xe·

167 4295 281 4356 Persas,
300 4296 437 4360 Assyrios,
455 4294 558 4344 Arabes
578 4291 708 4342 floruerit.
760 4289 868 4355 nophon
904 4291 1044 4356 scripsisse
1078 4288 1165 4339 videri
1199 4289 1299 4352 potest,

167 4365 258 4414 Unum
274 4365 384 4416 nomino
401 4363 509 4415 Rhode:
527 4363 617 4414 Ueber
634 4359 710 4412 Alter
761 4375 821 4410 eum
841 4358 941 4412 Strabo
958 4359 977 4412 l.
998 4358 1017 4410 1.
1037 4359 1176 4408 victimam
1193 4361 1300 4406 tantum

207 4467 373 4512 annones.
396 4467 418 4509 1.
1055 4439 1094 4502 18
