3064 4940
226 309 285 370 112
660 313 926 375 HERODOTI

307 476 357 540 καλ
379 475 459 560 τότε,
482 478 567 544 Λυδὲ
588 479 735 562 ποδαβρὲ,
759 477 960 560 πολυψήφιδα
981 475 1052 565 παρ’
1064 474 1180 564 Ἕρμον

307 577 446 662 φεύγειν,
470 580 545 661 μηδὲ
564 582 680 662 μένειν,
701 577 773 663 μηδ’
798 584 950 646 αἰδεῖσθαι
972 575 1064 658 κακὸς
1085 579 1171 650 εἶναι.

176 705 381 778 sororiano
409 703 546 777 ἐλθοῦσι
572 723 657 778 τοῖσι
681 714 774 780 ἔπεσι
799 705 817 781 ὁ
837 719 982 801 Κροῖσος
1008 706 1132 778 πολλόν
1157 737 1189 778 τι
1216 711 1359 801 μάλιστα

224 809 359 882 πάντων
373 806 478 900 ἥσθη,
500 807 641 897 ἐλπίζων
661 809 801 902 ἡμίονον
820 809 951 901 οὐδαμὰ
970 808 1043 882 ἄνι’
1061 807 1183 902 ἀνδρὸς
1197 817 1356 903 βασιλεύ-

222 937 296 986 σειν
309 915 459 1004 Μήδων·
487 911 560 986 οὐδ’
578 907 626 987 ὦν
645 915 745 1000 αὐτὸς
760 915 840 988 οὐδὲ
855 923 890 989 ολ
901 914 934 1000 ἐξ
954 913 1060 986 αὐτοῦ
1073 917 1268 990 asseruerat
1281 949 1357 991 κοτε

222 1097 305 1149 bante
318 1097 460 1164 Spitanpro
477 1100 519 1150 De
538 1114 608 1150 vers.
621 1099 721 1152 heroic.
736 1118 764 1166 p.
815 1119 875 1168 pos.
893 1103 987 1153 verbb.
1007 1119 1033 1168 p.
1052 1103 1104 1153 390
1122 1103 1164 1156 ed.
1183 1103 1293 1154 Schasf.
1313 1117 1358 1152 ea-

223 1171 256 1219 50
275 1175 302 1218 et
324 1169 439 1219 Bredov.
468 1185 494 1235 p.
519 1169 577 1233 41„
609 1171 656 1221 ubi
682 1171 764 1237 vulgo
815 1179 872 1222 stat
897 1164 1004 1237 ἐλαφρὰ
1026 1169 1135 1222 ποδῶν.
1177 1173 1255 1224 conl.
1278 1175 1355 1224 Bast.

222 1236 413 1304 πολυψήφιδα
421 1245 471 1289 aut
480 1238 681 1307 πολνψηφίδα,
692 1241 764 1307 qnod
814 1242 832 1292 l.
852 1243 890 1293 l.“
910 1243 958 1292 Or.

221 1309 293 1360 idem
310 1310 422 1374 praebet
440 1309 576 1359 Diodorus
593 1310 611 1360 l.
630 1311 648 1361 l.
684 1313 762 1362 conl.
848 1304 1040 1376 πολυψήφιδα
1061 1301 1131 1374 παρ’
1147 1297 1264 1376 Ἕρμον]
1289 1312 1357 1359 Her·-

222 1380 303 1428 etiam
318 1380 417 1445 Unger.
430 1378 565 1456 Paradpx.
577 1380 681 1430 Thebb.
698 1396 761 1446 pag.
813 1397 865 1429 raus
890 1381 988 1430 fluvius
1010 1379 1039 1428 in
1060 1379 1195 1444 Phrygiae
1218 1380 1355 1429 montibus

222 1451 283 1500 too.
319 1449 480 1511 „Invenitur
503 1448 570 1498 haee
594 1449 716 1498 clausula
735 1452 762 1498 in
814 1455 889 1498 ortus
919 1465 968 1513 per
993 1448 1119 1499 Sardium
1155 1465 1265 1513 campos
1295 1448 1356 1498 inde

223 1519 321 1568 Athen.
341 1519 416 1569 XIV.
437 1517 550 1582 podo..
568 1518 669 1568 Euseb.
684 1519 765 1569 Prae·
815 1518 930 1581 labitur,
956 1523 1107 1584 auctusque
1125 1520 1238 1568 Paetoio
1256 1521 1284 1568 in
1302 1533 1357 1568 ma-

223 1603 280 1652 par.
300 1589 407 1652 Evang.
426 1589 462 1652 V,
482 1589 529 1650 24,
554 1587 582 1635 in
598 1587 707 1638 Platon.
726 1589 765 1640 lte
815 1590 853 1638 ris
872 1589 974 1654 Aegaei
998 1589 1085 1638 sinam
1103 1589 1279 1655 Smyrnaeum
1297 1603 1357 1639 sese

223 1657 296 1722 publ.
322 1659 407 1721 Vlll,
427 1658 469 1708 ltl.
494 1673 520 1722 p.
542 1657 603 1708 566.
642 1658 765 1710 Aliame
815 1659 935 1709 effundit.
976 1659 1055 1710 Nune
1078 1658 1103 1709 ei
1125 1675 1222 1710 nomeu
1243 1659 1357 1710 Saralius

224 1727 364 1778 l’risciano
377 1728 502 1778 lectionis
516 1727 679 1778 varietatem
693 1728 765 1780 exhi·
815 1746 837 1781 s.
857 1730 970 1780 διδους.
999 1730 1040 1780 Tu
1060 1729 1131 1779 eonl.
1148 1731 1171 1792 1,
1188 1731 1231 1780 80.
1249 1731 1282 1792 V,
1297 1731 1355 1782 101.

223 1797 269 1847 bet
281 1798 458 1850 Lindemann.
473 1800 500 1848 in
513 1798 602 1862 Epist.
616 1800 764 1865 praemissa
814 1802 934 1851 Pausan.
952 1801 985 1862 V,
1006 1799 1047 1851 13.
1060 1797 1087 1860 ἐ.
1103 1802 1129 1850 4.
1148 1799 1301 1851 Taschuek.
1323 1800 1358 1850 ad

223 1869 358 1919 Prisciani
377 1870 446 1935 Opp.
460 1870 570 1919 minorr.
584 1869 672 1934 (Leid.
685 1871 764 1935 1⁸18)
814 1872 946 1936 Pompon.
965 1869 1028 1921 Mel.
1045 1870 1068 1934 I,
1089 1871 1130 1921 17.
1145 1875 1203 1934 §³2-
1223 1875 1251 1920 et
1261 1871 1357 1920 Perbi-

223 1954 286 2005 pag.
311 1939 386 1991 XXI.
407 1969 438 1977 —
462 1942 515 1991 Pro
536 1935 608 2004 μηδὲ
630 1941 659 1990 in
684 1942 765 1991 tertio
817 1957 864 2008 ger
885 1939 995 1992 Handb.
1019 1941 1046 1991 d.
1072 1940 1120 1990 alt.
1148 1942 1247 2006 Geogr.
1268 1941 1306 1990 11.
1329 1957 1355 2006 p.

222 2025 303 2060 versu
321 2016 412 2062 exstat
433 2012 515 2061 etiam
533 2005 571 2075 μὴ
591 2005 636 2074 δὲ,
662 2010 764 2077 dequo
818 2012 994 2077 102seq.,qui
1004 2015 1124 2061 veterum
1134 2009 1209 2060 locos
1219 2012 1357 2062 deHermo

223 2079 300 2131 Bast.
322 2079 338 2130 l.
359 2081 399 2132 l.“
420 2083 468 2131 Or.
817 2097 908 2132 omnes
926 2081 1062 2132 exhibent.
1078 2112 1113 2120 -
1130 2083 1163 2130 lu
1176 2097 1251 2147 seqq.
1270 2081 1357 2130 influi-

252 2176 375 2246 ἡμίονος
393 2175 522 2250 pamm
538 2175 668 2247 Μήδοισι
684 2183 765 2249 ,ξυνη-
815 2153 902 2234 tivum
926 2151 1078 2215 imperativi
1096 2150 1156 2200 loeo
1180 2154 1299 2214 positum
1318 2152 1357 2200 in-

222 2253 279 2318 ται]
297 2253 357 2314 Quo
371 2268 452 2303 sensu
468 2253 555 2316 Cyrus
566 2253 672 2336 ffioatur
684 2246 765 2318 ήμίο-
789 2301 793 2310 ,
816 2219 1356 2353 ἒῖῃῑζηῧήέθθὲδῑῑὲῃίἳῑέἷ·ἑΰῖήὲξὲἁῖή,

223 2337 273 2379 νος
285 2337 308 2372 s.
319 2327 411 2386 stralus,
431 2323 585 2372 declaratur
601 2325 672 2374 mira
685 2324 708 2386 I,
720 2324 763 2387 ill,

223 2393 270 2442 ubi
294 2391 348 2442 vid.
390 2392 452 2442 Alia
476 2393 510 2442 ad
538 2391 564 2442 h.
593 2392 612 2443 l.
639 2394 764 2444 Platonis

224 2461 346 2526 disputat
374 2461 542 2524 Scholiasta,
573 2478 641 2526 quae
672 2463 764 2513 malim

223 2532 296 2598 apud
324 2533 412 2597 ipsum
440 2531 502 2598 legi.
545 2532 657 2595 „Simile
688 2533 764 2597 quid·

224 2603 286 2652 dam
316 2603 344 2652 in
372 2602 492 2653 Arabum
519 2601 633 2666 tabulis,
663 2603 762 2668 quibus

223 2687 321 2722 nomen
339 2672 457 2722 lausensi
468 2671 520 2722 aad
528 2675 583 2722 eine
594 2672 684 2730 Nacti,
703 2689 764 2723 nar-

223 2747 300 2792 ratur
316 2741 348 2792 de
368 2741 464 2806 fflnd„
484 2757 554 2808 quae
570 2742 704 2793 Naamani
721 2749 763 2794 est

223 2812 292 2874 iilia,
323 2813 518 2875 Hedschacho,
548 2813 763 2877 Mesopotamiae

222 2883 360 2948 praelecto
382 2889 476 2949 nupta.
512 2883 582 2934 Nam
598 2885 715 2933 misellum
727 2899 763 2932 ex

223 2969 252 3003 se
274 2957 361 3004 mulum
385 2962 544 3016 procreatum
569 2953 603 3003 ι’νι·
624 2953 763 3019 conqueri-

223 3029 281 3085 tur,
300 3039 353 3088 quo
372 3023 445 3074 dicto
463 3023 523 3088 ipsa
541 3023 668 3072 maritum
686 3037 763 3073 suum

223 3107 285 3142 cum
300 3093 378 3142 asino
396 3099 610 3158 comparaverat.
643 3092 721 3143 Unde
739 3093 762 3142 is

224 3177 286 3212 cum
315 3177 347 3212 ea
369 3163 492 3226 protinus
516 3163 662 3214 divortium
686 3163 761 3214 lacit.

223 3229 286 3282 Vid.
305 3231 432 3282 Tausend
450 3248 478 3284 u.
491 3248 516 3284 e.
529 3232 619 3284 Nseht
637 3248 690 3282 von
702 3234 762 3286 δον.

222 3318 249 3352 ν.
270 3302 397 3353 Hammer
415 3302 454 3355 11.
474 3319 502 3369 p.
523 3303 671 3354 167.“0r.

257 3403 333 3457 avet
343 3399 479 3474 ποδαβρδ]
496 3399 642 3474 ποδαβρὸς
654 3407 764 3470 dieitur,

223 3479 267 3544 qui
284 3478 397 3543 pedibus
415 3481 457 3528 est
472 3483 564 3541 tener,
583 3477 684 3538 mollis3
702 3491 765 3527 mox

223 3565 288 3600 vero
306 3548 340 3599 de
358 3547 454 3614 quavis
476 3547 590 3598 mollitie
615 3553 643 3598 et
658 3547 765 3597 luxuria

223 3620 334 3680 dicitur;
358 3633 412 3684 qua
436 3618 495 3683 ipsa
512 3619 605 3683 Lydos
631 3615 699 3666 male
718 3631 765 3666 no-

224 3693 266 3738 tos
285 3689 369 3740 luisse
392 3693 509 3739 constat.
547 3687 609 3738 Vid.
634 3691 704 3737 nott.
729 3685 764 3736 ad

224 3759 246 3822 l,
262 3759 320 3809 loo.
344 3759 423 3824 Apud
437 3757 603 3824 Hesychium
618 3748 691 3824 ἁβρὰ
704 3751 766 3822 βαί-

224 3843 281 3876 νων
301 3833 342 3877 est
359 3821 562 3892 τοοφεοόβιος,
585 3841 655 3891 quae
676 3827 764 3875 citans

223 3897 386 3961 wesseling.
399 3895 477 3945 addit
488 3895 620 3949 Themist.
633 3894 763 3946 eam.

224 3981 249 4030 p.
277 3967 328 4017 ⁸220
350 3967 390 4014 D:
420 3956 490 4012 ἀλλὰ
517 3962 628 4029 τρνφής
656 3953 693 4030 ήν
716 3960 764 4012 aul

223 4026 276 4084 οδιι
294 4027 394 4099 ἀρετῆς
411 4024 426 4082 ὁ
445 4027 591 4100 ποδαβρδς
608 4023 762 4099 ἐπωνυμία,

224 4108 252 4153 et
269 4103 392 4168 Euripid.
415 4103 517 4154 Troad.
538 4103 598 4154 506.
639 4103 700 4154 Alia
718 4104 765 4154 da-

224 4173 265 4224 bit
291 4171 431 4224 Blemfield
457 4173 485 4224 in
508 4171 629 4224 Glossar.
657 4173 692 4223 ad
714 4173 765 4222 Δο-

223 4243 309 4308 selryl.
333 4245 409 4295 Pers.
430 4243 510 4307 1073,
534 4243 579 4293 nbi
604 4231 765 4311 ἁβροβάτης

224 4313 323 4364 dicitur
356 4315 392 4376 is,
430 4315 475 4379 qui
506 4312 621 4364 delicate
654 4312 765 4362 incedit.

224 4384 322 4449 „apud
331 4384 445 4449 Dionys.
452 4383 638 4444 Halicarnaso.
648 4381 682 4432 de
693 4395 765 4432 eom·

815 2360 879 2422 vu,
902 2359 959 2410 reo.

1009 2529 1074 2581 Car.
1094 2530 1166 2580 LVI.

847 2628 965 2694 ἐλπίζων
981 2663 1017 2672 -
1035 2623 1158 2698 οὐδαμὰ]
1177 2621 1289 2695 οὐδαμὰ
1306 2645 1356 2696 pro

814 2695 927 2769 οὐδαμᾶ
949 2719 1011 2754 cerm
1032 2707 1147 2753 recenti.
1170 2702 1229 2754 edd.
1249 2703 1355 2766 scripsi.

813 2805 848 2816 -
865 2775 898 2825 In
916 2788 945 2824 se
965 2789 991 2838 q.
1010 2773 1100 2823 verbis
1123 2763 1189 2822 οὐδ’
1209 2759 1252 2820 ιδν
1269 2765 1356 2828 αὐτὸς

813 2835 881 2894 οὐδὲ
899 2837 934 2893 οἱ
947 2789 978 2904 δὲ
993 2834 1084 2893 αὐτοῦ
1101 2842 1132 2909 (1.
1146 2859 1171 2894 e.
1187 2845 1301 2905 postem
1319 2841 1355 2892 el.

813 2913 939 2965 Kuehner
963 2913 1009 2964 Gr.
1035 2912 1080 2964 Gr.
1104 2915 1130 2976 §-
1150 2913 1210 2964 516.
1235 2917 1293 2963 not.
1318 2911 1355 2977 2.)

812 2977 980 3034 παύσεσθαι
1000 2996 1065 3032 ποτε
1088 2981 1139 3047 τῆς
1161 2974 1251 3047 ἀρχῆς
1268 2981 1357 3033 Cobet

813 3055 891 3106 Varr.
917 3055 1006 3105 Leott.
1029 3067 1091 3119 pag.
1116 3054 1147 3103 ill
1172 3053 1356 3103 necessarium

813 3140 873 3175 esse
887 3129 970 3189 putat
992 3123 1110 3173 scribere
1133 3113 1201 3172 οὐδὲ
1228 3113 1309 3180 τοὺς
1327 3117 1356 3183 ἐξ

814 3185 914 3246 αὐτοῦ.
956 3194 1010 3246 Sed
1031 3193 1171 3258 vulgatam
1195 3197 1267 3243 reete
1291 3193 1357 3243 mihi

813 3265 900 3316 tuitus
918 3280 979 3316 esse
1000 3262 1107 3314 videtur
1127 3262 1250 3314 Schoene
1270 3259 1299 3312 in
1324 3278 1357 3312 ea

814 3335 974 3400 scriptione,
994 3347 1075 3398 qnam
1092 3333 1128 3384 ad
1146 3335 1170 3395 1,
1184 3335 1216 3384 27
1236 3331 1356 3395 laudavi,

814 3421 878 3472 pag.
898 3407 913 3454 2
931 3405 1065 3471 insignem
1081 3419 1115 3454 ac
1133 3403 1249 3454 forsitan
1265 3404 1358 3468 singu-

815 3477 900 3526 larem
927 3491 987 3526 esse
1015 3489 1127 3524 monens
1160 3473 1355 3546 nominativum

815 3561 870 3596 non
888 3545 975 3596 solum
991 3545 1135 3609 primariae
1148 3555 1280 3608 personae
1295 3541 1357 3620 (αν-ρ

815 3609 884 3679 cde),
908 3630 999 3665 verum
1021 3615 1104 3664 etiam
1121 3609 1298 3664 secundariae
1316 3607 1354 3670 (οι

815 3677 843 3745 ἐξ
856 3676 958 3749 αὐτοῦ)
972 3685 1001 3733 in
1012 3683 1064 3734 hac
1075 3688 1210 3732 structura
1222 3680 1353 3743 positum:

815 3755 888 3820 quod
904 3755 1005 3804 Noster
1023 3751 1147 3803 consulto
1167 3750 1265 3800 iecisse
1281 3745 1354 3796 vide-

814 3828 871 3886 tur,
890 3824 936 3888 qui
955 3824 1084 3873 Croesum
1101 3821 1212 3883 eiusque
1231 3821 1354 3881 posteros

815 3893 954 3958 appellans
968 3897 1055 3942 totam
1072 3891 1179 3940 domum
1196 3887 1254 3936 sire
1271 3887 1355 3952 dyna-

814 3963 896 4014 stiam
914 3961 1068 4028 significare
1085 3957 1172 4010 voluit
1185 3959 1266 4021 atque
1283 3955 1354 4006 hanc

815 4033 849 4083 ob
868 4047 978 4082 causam
1001 4029 1114 4081 eundem
1136 4041 1243 4092 quoque
1263 4039 1356 4076 casnm

814 4101 942 4162 retinuit;
967 4116 1021 4166 quo
1046 4101 1151 4148 mutato
1169 4096 1357 4146 diversitatem

814 4171 949 4238 quandam
978 4172 1049 4218 inter
1075 4167 1205 4217 Croesum
1237 4170 1265 4215 et
1296 4165 1356 4215 eius

814 4246 938 4308 posteros
961 4238 1142 4298 declarasset,
1171 4233 1280 4299 qualem
1308 4235 1356 4284 mi-

814 4313 887 4361 nime
901 4309 1039 4359 declarare
1053 4305 1187 4356 voluerat.
1223 4306 1266 4357 'l'u
1283 4305 1357 4358 conl.

815 4381 899 4431 etism
915 4381 985 4428 nott.
1005 4375 1042 4426 sd
1060 4375 1099 4438 11,
1119 4375 1179 4428 118.
