3064 4940
236 267 275 326 74
467 288 472 296 ·
664 268 933 330 HERODOTI

236 444 412 515 πλουτέειν
429 440 491 529 μὲν
508 441 593 530 μέγα
613 448 767 530 φαίνεαι,
794 446 850 514 καὶ
874 443 1032 533 βασιλεὺς
1050 445 1138 518 εἶναι
1160 461 1296 528 πολλῶν
1312 456 1371 530 ἄν.

167 611 172 628 ,
234 547 398 637 θρωπων·
423 541 531 616 ἐκεῖνο
550 545 603 632 δὲ,
622 543 660 617 τὸ
680 545 768 638 εἴρεό
782 575 840 637 με,
863 546 954 618 οὔκω
972 571 1010 619 σε
1026 545 1092 639 ἐγώ
1107 557 1212 645 λέγω,
1234 565 1315 652 πρὶν
1330 561 1373 635 ἂν

235 637 477 740 τελευτήσαντα
496 656 605 731 καλῶς
621 647 681 721 τὸν
699 657 806 723 αίαῑνα
824 651 994 742 πύθωμαι.
1026 653 1067 725 οὐ
1092 659 1156 750 γάρ
1173 690 1224 734 τοι
1247 662 1265 736 ὁ
1287 672 1373 758 μέγα

190 763 192 766 ’
236 754 394 835 πλούσιος
411 760 538 844 μᾶλλον
562 759 623 824 τοῦ
640 752 693 826 ἐπ’
715 753 843 848 ἡμέρην
861 763 992 846 ἔχοντος
1006 757 1205 856 ὀλβιώτερος
1226 766 1315 858 ἐστι,
1342 781 1373 844 εί

235 860 280 951 μή
297 864 332 931 οί
351 858 433 948 τυ’χη
453 855 642 946 ἐπίσποιτο,
669 863 777 930 πάντα
792 860 877 932 καλὰ
896 868 1013 951 ἔχοντα
1034 876 1230 960 τελευτῆσαι
1256 868 1295 946 εὖ
1313 877 1372 948 τὸν

233 973 320 1055 βίον.
345 965 462 1035 πολλοὶ
474 965 537 1053 μὲν
548 962 612 1052 γὰρ
626 961 801 1049 ζάπλουτοι
814 964 1014 1058 ἀνθρώπων
1024 966 1180 1062 ιἰνόλβιοί
1190 984 1271 1067 είσι,
1288 993 1369 1053 πολ·

234 1071 287 1139 iol
307 1068 344 1138 01
361 1075 503 1158 μετρίως
521 1073 651 1156 ἔχοντες
673 1076 751 1158 βίον
774 1067 936 1160 εὐτυχέες.
968 1067 1069 1163 ὁμὲν
1093 1077 1135 1169 δὴ
1157 1083 1243 1170 μέγα
1264 1087 1369 1157 πλού-

233 1195 320 1258 σιος,
341 1169 495 1261 ἀνόλβιος
510 1173 565 1258 dd,
586 1178 697 1244 ductor
715 1177 846 1263 προέχει
861 1181 920 1246 τοῦ
937 1173 1091 1268 εὐτυχέος
1107 1184 1279 1272 μούνοισι·
1309 1183 1368 1261 οὗ·

233 1303 287 1358 τος
305 1277 343 1347 δὲ
361 1282 421 1346 τοῦ
443 1284 607 1348 πλουσίου
626 1279 682 1347 καὶ
700 1275 860 1369 ιἰνολβίου
881 1290 1043 1353 πολλοῖσι.
1071 1281 1089 1356 ὁ
1106 1288 1169 1378 μὲν
1185 1287 1369 1384 ἐπιθυμίην

233 1447 328 1499 mortis
352 1446 493 1498 dominatu
518 1447 546 1496 in
572 1451 640 1500 vett.
665 1464 692 1514 p.
722 1449 774 1500 478
825 1451 905 1518 ripid.
920 1451 1100 1510 Andromach.
1122 1459 1187 1514 1283
1211 1465 1238 1512 et
1260 1462 1289 1512 iu
1306 1461 1368 1514 Pol-

233 1535 290 1584 seq.
328 1515 453 1584 (Studien
488 1515 536 1568 des
571 1517 651 1570 class.
687 1519 775 1571 Alter·
825 1521 893 1574 lucis
913 1522 1080 1579 Onomastic.
1099 1529 1155 1594 III,
1176 1531 1234 1583 100.

234 1587 346 1655 thums).
452 1667 458 1685 ι
566 1665 573 1683 ,
725 1677 758 1690 ..
860 1625 955 1678 doctos
968 1628 1081 1697 προέχει
1092 1631 1143 1682 τοῦ
1157 1625 1288 1701 εὐτυχέος
1298 1633 1368 1703 μοί-

268 1666 360 1725 ἐκεῖνο
372 1670 412 1739 δὲ,
426 1691 462 1725 τῦ
481 1673 572 1739 81010
589 1673 773 1758 1111910110ῑῦ
825 1697 913 1764 νοισι]
931 1700 1033 1752 Eodem
1049 1705 1194 1769 structura,
1212 1707 1246 1757 de
1264 1723 1318 1774 qus
1332 1709 1367 1760 ed

232 1747 385 1798 accusativi
403 1751 465 1812 post
487 1746 673 1812 interrogandi
690 1748 782 1799 verbu·
825 1769 847 1830 Ι,
880 1769 904 1819 η,
935 1772 1096 1824 monuimus,
1134 1777 1259 1828 pecunie
1285 1780 1367 1844 paup,

232 1821 370 1867 structura
389 1833 422 1867 ex
439 1815 490 1867 hoc
507 1815 567 1866 loco
586 1817 713 1882 tenende,
728 1835 774 1870 au·
824 1844 899 1904 post:
925 1829 940 1888 ὁ
962 1834 1007 1905 δὲ,
1030 1841 1138 1895 τοιοίδε
1162 1846 1276 1912 προέχει
1293 1839 1368 1900 ἐκεί.

233 1887 417 1939 ctorelllatth.
431 1887 527 1950 1-417,
539 1903 563 1937 0·
575 1903 602 1952 P·
622 1886 681 1950 764,
694 1905 774 1953 (luem
826 1924 879 1958 νου
904 1924 930 1960 ιι.
961 1927 985 1960 τ.
1008 1911 1042 1974 l,
1068 1915 1116 1965 ubi
1142 1932 1201 1967 oum
1228 1919 1316 1972 Schw.
1341 1925 1368 1971 et

231 1959 300 2009 bene
325 1957 457 2020 tdverffls
488 1956 561 2022 quod
589 1957 667 2008 001Ῐο
693 1958 773 2040 100131
825 1979 913 2031 Gaisl.
932 1983 1101 2047 reposuimus
1119 1985 1268 2053 τοιοίδε,
1286 1991 1369 2042 libro·

231 2029 318 2094 iP⁵i¹¹⁸
349 2029 455 2093 0⁸Pilil‘
474 2027 587 2093 111έί0111
610 2018 774 2114 ,ἔπειθωξίῖ
824 2065 883 2099 rum
901 2053 1065 2104 auctoritate
1084 2056 1151 2106 satis
1175 2057 1241 2108 illud
1260 2063 1368 2125 quidem

231 2112 269 2159 με
286 2088 485 2162 ἀνθρωπηίων
503 2113 674 2180 πραγμαηωυ
687 2114 773 2180 περη.

231 2169 264 2218 Iu
287 2169 408 2232 proxime
430 2183 506 2234 seqq.
531 2163 601 2232 πρὶν
618 2183 705 2217 αν-
720 2185 774 2219 πν-

233 2237 330 2301 smper
348 2239 379 2290 G.
399 2229 547 2289 Hermadn.
572 2235 701 2303 (Opuscc.
725 2240 773 2290 IV.

232 2325 259 2372 p.
279 2306 354 2372 108.)
372 2307 466 2360 melius
485 2309 580 2359 abesse
597 2313 677 2373 putet
693 2325 774 2360 vocu-

231 2379 286 2429 lam
302 2366 346 2438 ἇν,
366 2394 446 2444 quem
460 2380 487 2428 iu
505 2377 546 2428 his
563 2379 630 2443 ipsis
650 2395 774 2430 necessa-

231 2450 299 2500 riam
313 2449 382 2499 bene
401 2448 531 2514 explicuit
548 2449 705 2500 Beeumlein
718 2450 773 2500 Uu-

232 2520 351 2572 tersucb.
370 2520 437 2570 iiber
455 2519 482 2570 d.
496 2519 542 2570 Gr.
555 2519 639 2570 Modi.
657 2536 685 2584 p.
701 2519 772 2581 229,

231 2591 333 2641 similes
352 2589 448 2642 Nostri
466 2588 541 2639 locos
559 2589 673 2640 afferens
692 2589 714 2652 Ι,
727 2590 771 2642 82.

231 2662 288 2724 ΙΠ,
316 2659 375 2712 100.
404 2660 451 2720 IV,
483 2657 542 2709 100.
583 2659 662 2711 Conl.
690 2661 773 2742 sptium

230 2731 358 2783 Kuehner
377 2731 423 2782 Gr.
443 2729 489 2780 Gr.
510 2731 535 2791 ἕ.
559 2729 618 2780 807.
638 2760 674 2770 -
692 2745 707 2778 ο
726 2721 760 2779 lm

228 2793 339 2866 ἡμέρην
356 2793 428 2865 έχων
446 2799 546 2849 dicitur
560 2799 593 2858 is,
612 2800 655 2850 oui
671 2803 696 2850 in
710 2801 773 2852 diem

230 2874 319 2923 victus
338 2869 471 2935 suppetit;
491 2869 527 2918 cl.
544 2868 624 2933 Apita
642 2869 677 2919 ad
694 2871 772 2920 Euri-

230 2943 284 3008 pid.
309 2941 453 2992 Phoeniss.
475 2940 536 2990 412.
572 2939 614 2988 οο
635 2939 773 2992 locutione

229 2999 622 3078 μᾶλλον-ὀλβιώτερος
642 3010 678 3059 cl.
692 3011 714 3072 1,
729 3011 771 3073 31,

230 3088 257 3134 et
274 3083 307 3132 de
325 3079 453 3132 infinitivi
471 3093 522 3128 usu
533 3083 595 3142 post
611 3077 772 3144 locutiones,

229 3169 299 3218 quus
322 3151 476 3202 accuratius
498 3148 629 3214 explicari
656 3149 774 3200 debeant

228 3213 335 3284 (πάντα
351 3212 423 3269 καλὰ
436 3213 537 3284 ἔχοντα
557 3217 772 3284 τελευτῆσαι)

230 3290 329 3342 Matth.
349 3291 396 3341 Gr.
414 3291 461 3341 Gr.
479 3293 504 3353 5.
523 3288 584 3352 532,
603 3287 629 3340 d.
645 3305 671 3353 p.
692 3292 769 3358 1010.

229 3361 276 3426 qui
294 3360 364 3410 idem
387 3364 412 3422 ξ.
432 3361 492 3410 524.
512 3365 569 3436 not.
594 3358 619 3409 3.
646 3375 672 3424 p.
693 3361 770 3414 1017.

228 3431 323 3496 attigit
346 3430 431 3480 verbs
453 3423 480 3478 cl
500 3444 539 3492 μη
567 3422 598 3477 οἷ
618 3425 689 3495 τύχη
712 3421 771 3480 lnt-

229 3515 329 3550 οποιτο
349 3498 378 3564 (i.
399 3515 422 3549 e.
443 3501 493 3550 πίω·
514 3501 539 3548 el
557 3499 663 3562 fortuna
680 3501 771 3560 adsue-

228 3571 284 3636 rit),
298 3586 367 3636 quse
381 3569 462 3619 simili
474 3568 553 3619 modo
569 3569 696 3635 leguntur
706 3572 769 3635 VII,

228 3641 269 3692 10.
290 3645 315 3702 5.
335 3643 361 3702 4,
382 3640 415 3690 ob
432 3637 504 3688 modi
522 3639 669 3704 rationem,
688 3657 769 3706 quam

227 3711 340 3761 eandem
366 3710 393 3759 in
424 3709 573 3760 indicativo
596 3711 769 3763 antecedenti

227 3771 284 3829 έστλ
303 3779 460 3830 observavit
474 3779 601 3832 Kuehner
613 3782 660 3833 Gr.
680 3783 726 3834 Gr.
742 3785 767 3846 ξ.

260 3887 362 3968 πὀλλολ
379 3911 431 3982 μὲν
448 3910 501 3983 γὰρ
520 3909 682 3988 ζάπλουτοι]
706 3923 725 3971 1.
746 3937 769 3974 e.

225 4007 300 4058 valde
318 4006 415 4069 divites,
434 4020 494 4055 oum
514 4003 546 4065 ζα
562 4007 591 4056 in
605 4006 647 4056 his
666 3997 772 4057 εἰλέατ-

225 4067 342 4125 τατιιιὸν
361 4075 485 4140 idemque
504 4076 560 4126 fere
578 4075 670 4127 vulcat
688 4081 771 4142 atque

824 2119 959 2172 firmatum
988 2128 1015 2173 et
1044 2126 1314 2189 probetum=Mattb
1341 2135 1367 2196 §-

825 2188 886 2252 030,
906 2207 929 2242 e.
950 2209 977 2258 p.
997 2194 1063 2244 1202
1085 2197 1203 2262 itemque
1222 2199 1368 2254 Sebaet'erc

825 2260 860 2310 ed
881 2261 1019 2315 Lambert.
1042 2267 1107 2317 Bos.
1137 2267 1234 2334 Ellips.
1264 2272 1295 2322 L.
1321 2273 1366 2324 Gr.

824 2347 851 2394 p.
871 2329 931 2382 000.
956 2339 983 2382 et
1007 2335 1130 2387 Werlerc
1148 2339 1176 2388 in
1195 2340 1269 2392 Actt.
1291 2342 1365 2408 phili.

824 2401 949 2454 Menace.
966 2404 989 2454 1.
1014 2421 1041 2470 p.
1059 2405 1094 2456 98
1117 2423 1184 2475 seq,
1210 2427 1289 2476 quem
1313 2427 1366 2462 om-

824 2471 888 2520 nino
906 2471 939 2522 de
956 2473 983 2524 1ι.
1000 2473 1019 2526 1.
1042 2479 1157 2542 consul„
1180 2481 1208 2530 in
1231 2497 1283 2546 quo
1306 2497 1365 2547 pro-

824 2556 921 2592 nomen
945 2541 1056 2610 (tudun)
1085 2547 1119 2597 sd
1141 2564 1217 2615 seqq.
1242 2555 1365 2616 spectare

824 2617 898 2662 recte
915 2619 1015 2664 monet.
1029 2619 1152 2680 —Quae
1167 2635 1231 2670 vero
1249 2620 1293 2671 hic
1313 2621 1366 2670 dis-

823 2687 968 2746 putantur,
993 2685 1066 2735 haud
1089 2688 1232 2753 differunt,
1256 2697 1367 2743 auctore

823 2752 882 2816 Cn,
902 2753 936 2802 ab
953 2754 996 2817 iis,
1015 2770 1084 2821 quse
1100 2759 1227 2811 uberiore
1245 2763 1367 2814 aProclo

824 2821 965 2887 disputate
996 2824 1111 2892 legimus
1139 2831 1167 2879 in
1198 2831 1368 2884 Commenta·

823 2892 871 2942 riis
890 2892 924 2942 ad
943 2893 1068 2946 Plutonis
1087 2898 1304 2955 Alcibiadis.
1323 2905 1366 2957 33.

823 2977 850 3026 p.
865 2962 925 3013 101.
945 2963 986 3016 ed.
1006 2965 1100 3019 Creuz.
1125 2969 1207 3020 Redit
1225 2977 1317 3023 autem
1335 2989 1367 3024 eo

824 3031 880 3082 lere
900 3031 1008 3086 Solonis
1026 3041 1177 3103 sententia,
1202 3047 1233 3092 ut
1257 3043 1296 3106 ie,
1321 3045 1368 3109 qui

824 3101 899 3152 dives
929 3104 979 3166 sit,
1013 3122 1044 3157 eo
1073 3115 1230 3174 praevertet
1260 3113 1367 3164 felicem

824 3171 992 3239 eundemque
1006 3192 1160 3243 pauperem,
1179 3183 1252 3247 quod
1270 3185 1329 3248 ipse
1343 3193 1368 3234 et

824 3241 988 3306 cupiditates
1007 3246 1114 3300 facilius
1133 3251 1239 3316 explere
1251 3257 1279 3304 et
1293 3254 1368 3304 daru-
1444 3301 1448 3307 .

823 3327 887 3361 num
909 3329 1037 3380 magnum
1057 3317 1180 3371 incidens
1201 3324 1304 3374 minore
1322 3341 1368 3376 ne·

822 3383 898 3446 gotio
927 3386 1047 3448 perferre
1076 3395 1171 3454 quest3
1205 3393 1270 3443 felix
1301 3409 1366 3444 vero

823 3451 946 3519 idemque
965 3471 1068 3522 pauper
1082 3473 1113 3509 co
1133 3463 1280 3513 antecellet
1300 3463 1367 3514 divi-

821 3525 889 3584 tem,
913 3525 985 3589 quod
1010 3528 1109 3579 damna
1137 3531 1366 3599 cupiditatesque,

821 3592 919 3657 quibus
939 3596 1057 3647 ferendis
1075 3599 1134 3664 ipse
1150 3601 1365 3669 minuspotest,

821 3663 929 3713 omnino
943 3665 1095 3719 fortunent
1105 3687 1136 3720 eo
1151 3678 1254 3732 arceat,
1267 3674 1367 3739 ipsum·

821 3747 872 3797 que
884 3749 1008 3787 securum
1021 3753 1053 3790 ac
1067 3743 1156 3791 tutum
1169 3743 1202 3792 ab
1217 3743 1272 3793 illis
1290 3759 1367 3809 prae-

821 3805 884 3852 stet.
897 3805 1065 3866 Quibuscum
1077 3810 1118 3860 Cr.
1134 3817 1282 3878 comparat,
1297 3829 1367 3880 quae

821 3872 983 3926 Aristoteles
1007 3877 1129 3942 disputat
1153 3883 1181 3931 iu
1203 3883 1294 3934 Ethic.
1318 3885 1367 3934 Ni-

821 3943 941 3995 comach.
960 3945 1083 4010 vl1‚13;
1103 3951 1138 4000 ed
1154 3953 1215 4016 ipsa
1232 3955 1316 4004 verba
1329 3954 1367 4004 ci-

820 4015 863 4060 tet
880 4013 1012 4066 Valckeu.
1037 4019 1071 4069 ed
1095 4020 1210 4074 Theocr.
1230 4025 1364 4075 Adoniez.

821 4095 847 4130 v.
869 4083 912 4133 21.
931 4101 959 4149 p.
982 4085 1043 4140 317.
1067 4089 1127 4142 318.
1151 4091 1219 4143 baec
1243 4099 1366 4145 statuen-

225 4143 304 4210 μέγα,
328 4137 454 4209 ἰσχυρὸν,
480 4138 562 4209 πολὺ,
586 4151 657 4196 teste
684 4148 771 4211 Hesy-
822 4156 906 4232 tern:t
928 4146 1049 4235 „5¹52de
1083 4159 1225 4213 dicebatur
1267 4165 1366 4216 eximie

226 4215 286 4265 chio
306 4215 421 4280 ullisque
439 4216 624 4280 grammaticis
645 4215 736 4265 siletis
754 4233 771 4266 ο
821 4236 875 4270 non
893 4235 908 4270 ο
928 4219 1060 4292 ευτνχὴς,
1087 4231 1135 4281 sed
1164 4222 1363 4297 d·rridulpmv;

225 4284 367 4335 uinuorfio
390 4286 418 4335 iu
442 4285 524 4337 Thes.
550 4287 583 4336 L.
610 4285 657 4336 Gr.
682 4285 720 4336 11.
741 4301 768 4349 p.
821 4289 883 4341 hine
900 4293 954 4358 ipsi
972 4296 1010 4345 dii
1035 4287 1156 4363 ὅλβιοι.“
1189 4302 1273 4352 Addit
1291 4304 1365 4355 idem

229 4355 305 4408 1100.
323 4355 465 4406 Invenitur
484 4355 577 4407 eadem
594 4370 648 4404 vox
671 4355 699 4404 in
716 4355 769 4406 su·
820 4360 954 4427 insignem
966 4367 1105 4434 Euripidis
1119 4369 1208 4422 locum
1226 4373 1254 4423 in
1265 4373 1365 4426 Medea
