3088 4944
646 245 770 308 OLIO.
793 247 819 306 I.
846 255 904 311 180.
1276 243 1338 308 355

206 447 263 508 poe
284 418 441 507 ἑκάτερον
457 413 535 496 τοὺς
554 414 709 504 ιἰγκοίνας
729 420 763 498 ἐς
784 417 844 489 τόν
864 416 1014 507 ποταμόν
1038 417 1205 507 ἐλήλαται.
1242 415 1280 486 τό
1299 419 1338 488 δὲ

206 520 273 592 ἀπό
288 521 427 606 τούτου,
445 525 483 588 αὶ
500 524 682 608 ἐπικαμπαὶ
702 519 791 610 παρὰ
805 531 913 610 χεῖλος
928 522 1086 611 ἑκάτερον
1099 526 1160 592 τοῦ
1175 527 1337 610 ποταμοῦ,

208 622 345 714 αἱμασιὴ
367 630 524 694 πλίνθων
543 620 673 694 ὀπτέων
693 633 894 712 παρατείνει.
930 623 967 694 τό
989 626 1026 695 δὲ
1045 622 1129 695 όοτν
1155 621 1256 712 αότό,
1281 623 1338 696 έόν

209 733 331 818 πλῆρες
348 730 482 796 οἰκιέων
495 727 696 817 τριωρόφων
710 754 746 796 τε
759 730 814 796 καὶ
835 727 1073 818 τετρωρόφων,
1097 731 1337 817 κατατέτμηται

207 895 243 945 ad
276 895 402 956 fluvium,
438 893 484 959 qni
518 894 611 944 urbem
641 895 748 954 dividit,
799 895 958 946 Anecdd.i.
976 897 1078 960 ρ.144,
1099 898 1140 948 17.
1168 897 1258 962 Atque
1274 901 1337 948 anto

207 965 353 1029 pertinent.
384 963 482 1026 „Quod
501 965 623 1030 seqnitur
641 956 674 1013 τό
691 956 748 1014 ἀπὸ
798 964 866 1014 haec
889 965 1017 1030 evulgata
1042 965 1097 1015 iam
1119 967 1335 1018 Wincirelmann.

206 1025 318 1097 τοότον,
332 1033 454 1116 intelligo
469 1033 503 1083 de
517 1034 660 1098 eoepatio,
676 1033 748 1098 quod
799 1033 869 1099 Opp.
886 1034 909 1084 I.
935 1049 961 1098 p.
980 1034 1031 1116 360
1048 1033 1090 1085 ed.
1113 1035 1211 1086 Drced.
1229 1051 1338 1088 monue-

205 1103 1338 1239 3111111110111131111.311101111610133111.ῑῖ

207 1243 277 1292 onim
304 1244 373 1292 muri
399 1241 511 1292 brachia
530 1241 641 1292 fluvium
666 1242 747 1292 attin·
797 1247 872 1304 rata,
899 1243 946 1292 ead
970 1241 1062 1308 qualia
1084 1258 1101 1292 a
1124 1243 1253 1293 Romania
1277 1248 1339 1308 poet

206 1317 286 1378 gunt,
305 1313 368 1362 inde
381 1313 507 1362 inflexam
520 1311 588 1362 dicit
601 1310 747 1376 procedere
798 1311 909 1362 condita
936 1311 1051 1374 inerint,
1081 1312 1212 1362 lateribus
1235 1311 1339 1364 ecilioet

206 1383 332 1446 utrinqne
349 1384 381 1448 (i.
401 1397 425 1432 c.
444 1383 521 1432 iuxta
539 1386 681 1446 utramque
699 1381 746 1432 flu·
797 1382 964 1432 extrinsecae
993 1381 1072 1447 quaei
1098 1381 1200 1432 cortice
1226 1383 1340 1434 choum·

206 1452 244 1501 vii
262 1451 361 1516 ripam)
385 1452 530 1502 maceriam
551 1467 585 1501 ex
603 1450 745 1500 coctilibne
798 1451 871 1514 data,
893 1451 1038 1502 introrsum
1056 1467 1120 1502 vero
1139 1451 1285 1517 lapidibus,
1303 1451 1339 1502 ei-

205 1520 350 1584 lateribue,
370 1537 438 1587 quae
457 1522 566 1586 ntrIque
583 1521 657 1570 fluvii
673 1520 746 1570 labio
796 1520 907 1584 licibue,
926 1520 1014 1584 ealce,
1034 1521 1061 1570 id
1076 1535 1161 1588 genua
1177 1520 1238 1573 aliie
1253 1521 1339 1588 reple·

205 1592 414 1656 praetendatur,
434 1591 497 1642 durn
516 1590 561 1640 iiie
576 1590 670 1640 urbem
689 1605 746 1654 per·
797 1595 835 1641 ta.
873 1591 905 1641 In
920 1583 1224 1655 mnntmentieoripcrordr
1235 1593 1339 1642 nbioo·

206 1661 301 1711 fluat.“
688 1687 691 1696 v
797 1660 894 1722 currit,
913 1666 957 1711 eat
974 1675 1054 1726 ορρατ
1071 1677 1085 1711 e
1102 1661 1228 1725 lepidiora
1242 1663 1338 1725 sacua,

239 1724 272 1778 αὶ
284 1720 665 1796 ἐπικαμπαὶ-παρατείνει]
679 1729 747 1779 Loci
797 1728 939 1792 Steimatt,
965 1729 1124 1784 διωκόντων.
1166 1730 1230 1781 Vid.
1254 1729 1339 1781 Orelli

205 1803 343 1850 structura
354 1799 448 1864 utique
464 1799 632 1864 impeditior,
651 1813 747 1849 eeneua
797 1799 833 1849 ad
842 1801 961 1850 Aeneam
972 1799 1079 1850 Tactic.
1091 1815 1151 1865 cap.
1163 1801 1188 1850 2.
1202 1815 1265 1865 pag.
1278 1801 1337 1851 127.

205 1869 264 1934 ipae
290 1869 336 1918 vix
366 1868 474 1919 dubine.
516 1868 648 1918 Absolute
676 1868 746 1918 enim
797 1899 832 1908 -
849 1868 992 1919 Caeterum
1007 1871 1081 1934 ipaae
1095 1869 1266 1919 hninemolie
1284 1869 1339 1920 rni-

205 1939 295 2004 poeita
312 1938 440 1988 videntur
456 1938 541 1988 rerba
558 1930 590 1986 τὸ
606 1928 664 1988 ἀπὸ
682 1928 746 1986 rod·
797 1953 847 1988 nae
861 1939 1008 1990 secundom
1024 1939 1123 1989 flumen
1134 1938 1272 1989 invenieee
1285 1938 1338 1990 eibi

205 2022 271 2072 τον,
295 1999 512 2072 dilacerationi,
535 2012 584 2057 ant
606 2011 679 2058 certe
698 2007 745 2067 ita,
797 2007 924 2058 videntur
937 2009 1100 2059 recentiores
1112 2009 1337 2073 peregrinatoree,

206 2083 236 2128 ut
251 2077 374 2138 verbnm,
398 2077 471 2142 qnod
490 2076 537 2126 illa
561 2077 685 2142 excipere
702 2075 747 2126 de·

206 2147 301 2208 bebat,
319 2163 380 2196 mox
397 2145 565 2212 neglectum,
589 2147 667 2212 eique
685 2145 747 2196 eub-

207 2216 342 2276 atantivo,
365 2215 436 2280 quod
454 2231 501 2282 per
520 2217 694 2282 epexegeeiu,
715 2219 747 2264 ut

207 2285 383 2336 Grammatiei
414 2290 528 2348 vocant,
556 2286 677 2336 iunctum
705 2288 747 2334 eet

205 2355 290 2419 priori
310 2347 353 2418 (αἱ
368 2344 552 2421 ἐπικαμπαὶ),
577 2355 746 2406 edatrnctum

205 2425 251 2474 ait.
288 2425 411 2490 Namque
434 2425 517 2476 verba
535 2417 568 2473 αὶ
588 2415 746 2488 ἐπικαμπαὶ

204 2486 282 2558 παρὰ
309 2493 401 2559 χεῖλος
428 2483 561 2556 ἕκότερον
585 2492 637 2544 τοῦ
659 2507 745 2544 ποτα-

204 2561 260 2628 μοῦ
285 2563 439 2614 accuratius
462 2563 602 2614 declarant
618 2563 746 2628 epatium,

206 2632 279 2698 qnod
297 2637 361 2684 ante
387 2633 495 2684 omuino
520 2632 669 2683 indicatum
688 2637 747 2682 erat

204 2703 293 2752 verbi·
322 2694 354 2752 τὸ
387 2693 446 2751 ἀπὸ
475 2694 591 2765 τούτου,
621 2701 747 2768 quodque

203 2772 290 2837 ipaum
308 2772 391 2822 iniere
407 2771 483 2822 addit
500 2772 659 2834 maceriam,
677 2787 747 2838 quae

204 2839 276 2892 labio
288 2841 405 2892 fluminio
422 2842 530 2906 utrique
542 2840 746 2906 praetendatur.

204 2911 273 2962 Nam
283 2909 445 2974 accersiret
456 2911 500 2961 hic
511 2910 635 2961 absolute
648 2927 669 2961 e.
682 2925 747 2962 nen·

204 2979 311 3060 traiitar
329 2979 525 3044 accipiendum.
543 3011 578 3020 -
603 2980 644 3031 Διὶ
662 2974 744 3044 αἷμα·

204 3063 251 3171 ν
269 3049 602 3181 moriar-..zar
694 3049 745 3170 ν.

205 3191 230 3252 §-
252 3191 277 3241 6.
313 3187 435 3239 Eandem
457 3205 551 3240 vocem
577 3189 650 3239 inira
675 3203 746 3238 oom-

204 3263 335 3310 mcmorat
359 3259 459 3309 Noster
478 3259 504 3320 I,
524 3259 584 3310 191.
627 3259 669 3308 De
687 3274 745 3308 aen-

204 3330 287 3378 tioetir
310 3327 439 3394 intelligit
459 3329 570 3378 Homer.
598 3328 626 3378 in
644 3327 744 3392 Odyee.

204 3397 314 3460 XVIII,
334 3396 399 3460 358,
424 3398 471 3448 ubi
495 3398 550 3447 vid.
568 3396 696 3448 Euetath.
716 3413 744 3460 p.

205 3467 257 3518 670
272 3482 363 3532 eupr.,
381 3469 508 3518 monente
525 3467 585 3530 er,
605 3467 651 3532 qui
669 3465 746 3516 addIt

205 3534 331 3601 Apollon.
350 3536 417 3586 Lex.
438 3537 519 3586 Hom.
542 3551 569 3600 p.
588 3535 632 3586 60.
652 3535 685 3586 10
701 3533 744 3587 ed.

205 3605 276 3656 Tull.
317 3605 359 3655 Ad
376 3605 545 3656 Herodotum
565 3605 653 3670 magia
678 3603 746 3655 iacit

206 3675 380 3726 Grammatic.
399 3675 426 3724 in
446 3675 564 3725 Bekkeri
580 3673 700 3726 Anccdd.
719 3673 742 3726 Ι.

205 3759 268 3808 pag.
285 3742 346 3806 336,
366 3744 396 3794 οι
418 3735 552 3808 Αἷμαοιά·
571 3734 603 3793 τό
621 3734 650 3792 ἐκ
669 3740 745 3808 χαλί-

204 3827 263 3860 κων
290 3803 514 3878 ᾠκοδομημένον
541 3812 659 3876 τειχίον·
695 3827 744 3860 κν-

205 3879 273 3944 ρέως
295 3875 326 3930 δὲ
351 3883 412 3938 τοῖς
432 3873 649 3944 ἠκανὶὶωμένοις
669 3878 743 3945 λέγε-

204 3965 249 3998 ται
268 3951 410 4015 φραγμοῖς
424 3942 528 4028 ἡητινες
539 3944 608 4014 ἄρα.
622 3964 656 3998 ον
669 3947 742 4016 (eie.)

204 4013 251 4067 καὶ
270 4013 300 4067 οὶ
310 4009 405 4076 Ἴωνες
416 4033 490 4068 ουτω
506 4018 642 4096 ἢχρωνταν
662 4015 751 4082 δηλοῖ

204 4080 236 4137 di
253 4077 289 4136 ‘H
307 4079 408 4144 όδοτος
432 4078 462 4136 ἐν
482 4103 516 4153 τῃ
534 4079 646 4154 πρωτῃ’
671 4079 745 4152 φαό-

203 4155 257 4212 λως
277 4103 308 4205 dI
334 4150 364 4205 οὶ
385 4151 484 4206 πολλοὶ
504 4148 536 4206 τὸ
553 4154 659 4221 χωριόν
676 4147 746 4206 αὐτὸ

204 4215 236 4272 τό
253 4215 311 4274 ὑπὸ
332 4218 474 4290 αόμαοιιόν
487 4220 689 4290 περιεχόμενον
702 4217 746 4274 αὶ-

203 4285 309 4356 ματιόιν
321 4292 467 4344 καλοῦσιν,
494 4293 564 4345 Add.
577 4294 744 4346 Bachmann.

797 2077 866 2128 Rich
890 2081 918 2126 et
939 2077 1151 2143 Buoiriugharn.,
1180 2079 1257 2128 cuiue
1280 2078 1337 2130 vid.

796 2147 922 2198 Itinerar.
946 2147 975 2196 in
998 2147 1177 2212 Mesopotam.
1206 2145 1336 2212 (Beroiin.

800 2216 876 2281 1828)
913 2232 930 2266 a
952 2253 959 2266 .
978 2215 1029 2267 464
1048 2233 1123 2284 eeqq.

831 2277 863 2334 τὸ
880 2232 912 2336 dd
929 2231 998 2336 derv
1010 2277 1094 2351 αὐτὸ,
1112 2276 1160 2336 ἐόν
1177 2279 1282 2348 πλῆρες
1296 2277 1337 2362 οὶ-

796 2351 881 2404 κιέων
903 2347 1072 2420 τριωρόφων
1090 2369 1118 2404 τε
1136 2349 1184 2403 καὶ
1202 2367 1337 2418 τετρωρο-

797 2423 872 2490 φων]
887 2421 1051 2489 τριωρόφων
1064 2422 1124 2490 (pro
1139 2423 1195 2489 rig.
1209 2413 1336 2486 τριωρό·

796 2493 871 2558 φων)
888 2495 995 2560 Schwg.
1012 2495 1114 2561 recepit
1129 2491 1337 2545 eScheIIerahe·

797 2563 887 2614 miano
910 2565 1012 2615 codice.
1049 2564 1170 2616 Probare
1188 2567 1281 2612 tamen
1298 2563 1337 2611 vi-

798 2633 876 2683 detur
894 2633 1033 2700 vulgarem
1050 2635 1165 2685 formam
1182 2648 1200 2683 a
1218 2633 1261 2683 Or.
1280 2630 1337 2682 Ian-

798 2702 877 2753 datue
903 2703 1067 2754 Schaeierne
1090 2702 1126 2752 ad
1148 2703 1263 2766 Diouya.
1281 2701 1338 2750 Ha·

796 2771 840 2823 iic.
871 2771 904 2822 de
932 2775 1074 2837 componit.
1106 2771 1199 2822 verbb.
1223 2785 1250 2834 p.
1276 2769 1336 2832 203,

796 2841 911 2892 iaudana
924 2842 1051 2892 Euetath.
1072 2841 1106 2891 ad
1123 2841 1234 2891 Homer.
1251 2838 1294 2888 Ili.
1308 2853 1336 2902 p.

796 2911 901 2974 040,1.
922 2910 998 2974 (400,
1020 2910 1078 2976 10),
1099 2899 1260 2974 όπερρόοος,
1284 2920 1336 2956 πο-

796 2977 958 3045 λυστὲγονς,
978 2970 1185 3042 πολοωρόφοος
1201 2975 1337 3040 proteren-

796 3053 861 3100 tem.
895 3049 1004 3099 Etenim
1026 3049 1140 3113 Dionys.
1164 3044 1257 3096 Halia.
1276 3046 1335 3098 Art.

796 3117 866 3169 rhet.
889 3117 916 3180 I,
941 3118 957 3170 3
983 3119 1153 3170 Herodotum
1179 3115 1335 3181 respicione,

797 3187 844 3238 ead
862 3187 890 3238 in
908 3189 1027 3239 numeria
1050 3185 1220 3240 declarandis
1238 3200 1337 3236 memo·

796 3259 838 3307 riti
858 3257 951 3338 Iapeua
975 3248 1024 3323 (ὥς
1041 3272 1099 3336 πον
1116 3247 1337 3334 καὶᾜρόὶὶοτος

796 3318 1183 3461 iir‘tttttttfiitttt
1196 3315 1337 3444 titii

796 3463 969 3531 producenda
981 3466 1125 3516 consentit.
1144 3462 1278 3527 inteiligit
1291 3475 1337 3510 an-

796 3540 850 3586 tem
864 3535 1019 3586 Herodotne
1034 3535 1114 3585 eadee
1130 3533 1213 3581 trium
1231 3537 1258 3581 et
1272 3545 1337 3595 qua-

796 3609 857 3654 tuor
870 3603 1065 3667 tabulatorum,
1085 3601 1190 3668 amplae
1203 3600 1287 3666 igitur
1299 3597 1337 3648 ai-

794 3679 1100 3862 000140.ῑο
1112 3728 1338 3858 „irritat

794 3883 819 3932 in
847 3883 900 3931 viar
927 3881 964 3930 od
999 3887 1092 3930 rectam
1118 3879 1207 3928 lineam
1237 3876 1335 3926 drwtac.

796 3948 947 4014 Schweigh.
973 3949 1103 4014 explieat:
1132 3939 1335 4010 κατατετμημέ-

796 4033 847 4076 aaa
871 4013 926 4083 ἔχει
955 4009 1005 4076 τὰς
1030 4008 1134 4079 teate,
1164 4029 1214 4066 nec
1240 4012 1335 4064 melina

794 4087 1092 4218 auaritia
1112 4083 1336 4204 torruit:

795 4241 854 4277 nor.
872 4225 919 4276 Gr.
934 4226 980 4276 Gr.
998 4228 1024 4288 ὅ.
1037 4226 1098 4276 502.
1117 4227 1174 4273 not.
1187 4224 1212 4274 5.
1226 4221 1259 4272 de
1276 4236 1336 4271 ver·

797 4295 839 4345 bie
858 4293 996 4344 dividendi
1019 4299 1046 4345 et
1068 4291 1203 4343 eimiiibna
1221 4292 1334 4356 oogItat,

1061 4370 1127 4433 23*
