3008 4924
229 289 290 354 764
662 293 930 357 HERODOTI

228 467 399 558 γομένοισι
420 473 577 556 μᾶλλον·
597 470 669 558 ἐμοὶ
691 466 722 539 d'
748 459 796 539 τόν
818 464 839 558 ἡ
861 469 937 559 περὶ
960 467 1074 539 αὐτῶν
1094 468 1211 558 γνιόμη
1238 467 1364 542 ἀποδέ-

230 579 355 644 δεκται.
384 579 415 642 εἰ
433 571 573 662 μὲνγὰρ
589 581 734 662 φανεροί
751 600 786 642 τε
801 573 956 661 ἐγένοντο
974 575 1031 642 καὶ
1051 572 1284 663 κατεγήρασαν
1306 577 1367 646 καὶ

230 667 323 746 οὗτοι
351 677 389 744 ἐν
412 681 453 764 τῇ
480 672 629 763 Ἑλλάδι,
668 677 816 766 κατάπερ
843 672 1024 768 Ἡρακλέης
1051 672 1069 746 ό
1095 680 1127 760 ἐξ
1150 673 1366 768 Ἀμφιτρύω-

230 807 287 860 νος
314 779 511 868 γενόμενος,
550 783 606 850 καὶ
635 779 677 872 δὴ
705 783 762 850 καὶ
790 780 959 862 Διόνυσος
991 777 1009 850 ὁ
1037 783 1074 851 ἐκ
1102 783 1268 870 Σεμέλης,
1308 785 1367 852 καὶ

176 939 180 946 .
230 881 307 954 Πὰν
335 879 412 953 όέκ
433 883 632 974 Πηνελόπης
660 885 854 974 γενόμενος,
882 891 947 975 ἔφη
972 882 1016 954 ἄν
1043 911 1108 971 τις,
1132 887 1195 955 ’καὶ
1222 883 1369 967 τούτους

233 985 410 1072 [ἄλλονς],
439 984 566 1076 ἄνδρας
592 989 812 1078 γενομένους,
840 995 930 1077 ἔχειν
955 987 996 1057 τότ
1024 990 1165 1059 ἐκείνων
1193 985 1367 1079 οὐνόματα

230 1097 299 1161 τοῖν
323 1091 580 1180 προγεγονότων
605 1097 710 1162 θεῶν.
747 1097 813 1161 νῦν
841 1092 878 1162 dl
905 1090 1077 1163 Διόνυσόν
1107 1119 1144 1160 τε
1171 1095 1307 1180 λέγουσι
1333 1099 1371 1164 oi

222 1191 398 1284 Ἕλληνες,
441 1190 485 1290 τός
508 1191 629 1266 αὐτίκα
656 1193 841 1284 γενόμενον
873 1199 907 1276 ἐς
932 1191 991 1266 τόν
1020 1191 1129 1284 μηρόν
1156 1196 1368 1287 ἐνερράψατο

231 1297 335 1384 Zetis,
359 1300 415 1367 scal
433 1295 546 1388 ἤνεικε
561 1301 594 1380 ἐς
608 1304 730 1368 Νῦσαν
744 1297 806 1387 τὴν
828 1293 914 1389 ὑπὲρ
931 1298 1107 1387 Αἰγύπτου
1131 1301 1254 1372 ἐοῦσαν
1274 1304 1312 1370 ἐν
1325 1307 1369 1393 τῇ

231 1502 376 1553 admodum
392 1502 425 1552 de
439 1501 557 1552 Hercule
571 1501 707 1566 tradunt),
723 1500 771 1552 sed
821 1519 916 1554 vocem
929 1501 1072 1552 molestam
1083 1501 1162 1550 uncis
1175 1501 1370 1552 includendam

232 1573 301 1623 alter
318 1572 363 1620 vix
385 1575 467 1622 natus
485 1571 588 1636 Nysam
613 1575 770 1638 asportatus
822 1573 929 1636 censui,
948 1587 1028 1638 quam
1047 1587 1064 1620 a
1081 1570 1168 1620 totius
1185 1569 1239 1622 leci
1257 1576 1370 1623 senten-

232 1643 280 1703 sit,
300 1639 369 1690 alter
379 1658 431 1706 quo
448 1656 478 1690 se
489 1642 664 1706 convertent
685 1641 771 1692 incer·
822 1644 862 1694 tia
881 1657 991 1726 prorsus
1011 1639 1129 1691 alienam
1148 1655 1207 1692 esse
1224 1641 1290 1692 mihi
1307 1659 1370 1708 per-

231 1717 302 1762 tum:
326 1710 390 1762 inde
414 1710 552 1762 concludit
574 1713 688 1796 Noster,
717 1726 771 1761 non
823 1711 911 1764 euasit
928 1711 970 1762 vir
989 1709 1172 1762 doctissimus.

231 1780 359 1832 mortales
376 1781 425 1832 hoe
443 1781 543 1844 fuisse,
560 1783 643 1847 quiin
658 1781 773 1834 Graecia
858 1780 915 1831 τῶν
927 1770 1145 1846 προγεγονότων
1158 1776 1248 1845 Deoia]
1259 1779 1301 1829 De
1314 1779 1370 1830 bac

230 1852 303 1914 nati,
322 1851 472 1917 priscorum
486 1851 595 1902 deorum
608 1852 718 1902 nomina
731 1865 773 1900 as·
823 1851 956 1902 Herodoti
974 1850 1212 1914 argumentatione
1222 1850 1263 1899 its
1276 1855 1370 1902 mouet

232 1921 389 1983 sumserint,
414 1922 492 1983 sed,
496 1921 589 1984 ,Panis
607 1937 639 1972 sc
657 1919 773 1984 Dionysi
823 1920 976 1986 Schweigh.
995 1919 1080 1970 adh
1105 1918 1141 1969 1.ι
1167 1920 1287 1985 „Negari
1312 1936 1370 1970 nou

232 1992 342 2042 uomina
361 1991 447 2042 serius
468 1992 579 2043 Graecis
603 2007 684 2058 quam
706 1989 774 2040 alio·
823 1995 929 2057 potest,
954 1991 1102 2052 Herculem,
1125 1957 1262 2056 Dielnysurn
1285 1996 1369 2054 atque

231 2077 290 2113 rum
309 2061 419 2112 deorum
437 2061 590 2112 innotuisse
611 2075 712 2126 eosque
731 2061 773 2125 (et
823 2061 918 2112 Panem
935 2060 999 2110 deos
1018 2073 1079 2108 esse
1097 2058 1182 2110 multo
1201 2059 1370 2126 antiquiores

231 2133 299 2182 baec
318 2121 592 2196 estprsiecipuapers
609 2128 772 2194 sententies)
823 2130 870 2180 ille
889 2135 995 2190 aetate,
1015 2143 1070 2193 qus
1088 2129 1166 2178 nati
1158 2145 1187 2178 ιιι
1198 2129 1315 2180 Graecia
1332 2130 1371 2179 te·

232 2217 285 2268 quo
305 2201 419 2266 primum
435 2205 555 2264 tempore
570 2201 653 2250 Panis
670 2204 697 2248 et
709 2199 774 2248 Dio·
823 2204 919 2250 runtnr
928 2215 980 2250 virt
973 2197 1095 2248 illorum
1104 2213 1288 2263 cognomines
1301 2215 1371 2264 quos

231 2271 306 2336 nysi,
322 2269 430 2320 deorum
441 2269 645 2334 Aegyptiorum
663 2268 773 2317 nomina
822 2275 853 2319 ut
871 2270 981 2319 deorum
1000 2267 1082 2318 choro
1101 2267 1255 2332 adscriptos
1273 2269 1371 2320 colunt

234 2339 316 2390 tando
340 2339 508 2404 acceperint,
532 2338 613 2389 hoe
606 2339 640 2388 ris
664 2337 773 2387 credere
825 2337 935 2390 Graeci.
952 2337 1075 2402 adeoque
1093 2342 1217 2399 constat,
1242 2353 1303 2388 esse
1318 2339 1371 2388 hos

232 2408 324 2460 natale
343 2414 449 2472 tempus
464 2409 579 2458 fuisse.“
613 2407 686 2458 Sed
680 2423 707 2455 ιιι
722 2406 773 2457 hac
824 2407 909 2460 multo
927 2407 1103 2458 recentiores.
1147 2407 1206 2457 Iam
1225 2407 1248 2456 si
1272 2409 1372 2472 priscis

233 2480 294 2543 ipsa
313 2477 449 2528 sententie
468 2491 547 2542 quam
566 2476 774 2527 maximeoffen-
825 2478 991 2543 temporibus
1019 2476 1077 2526 noti
1108 2476 1227 2526 fuissent
1257 2477 1371 2528 Graecis

233 2548 275 2599 dit
286 2563 338 2596 vox
348 2537 459 2608 aliove,
471 2561 551 2611 qnam
565 2547 592 2596 in
603 2537 693 2602 ἄλλοις
704 2561 775 2595 οοιιι-
826 2549 952 2600 Hercules
966 2545 1067 2610 aliquis
1077 2549 1104 2596 et
1119 2547 1247 2611 Dionysus
1259 2553 1288 2596 et
1304 2549 1371 2610 Pan,

232 2621 365 2668 mutatam
376 2615 463 2666 voluit
471 2617 612 2681 Toupius'
605 2632 633 2665 ιιι
644 2615 775 2666 Larcberi

232 2691 300 2750 not,
323 2701 355 2737 eo
378 2701 473 2736 sensu:
500 2689 536 2736 nil
558 2687 607 2737 nisi
630 2685 774 2751 (homines,

233 2773 314 2808 meres
323 2755 470 2820 bominem:
482 2755 554 2822 quod
567 2771 647 2822 quum
657 2754 776 2806 alienum

234 2829 271 2878 sit
282 2827 316 2877 ab
327 2826 378 2878 bec
393 2825 453 2876 loco
467 2841 554 2892 aeque
568 2831 651 2892 atque
669 2825 703 2876 ab
722 2825 776 2874 He-

233 2895 556 2958 rodoteedicendimodo,
569 2895 691 2962 pluribus
703 2911 776 2945 mon-

234 2973 322 3019 strare
339 2967 386 3017 vix
409 2981 490 3031 opus;
516 2979 567 3016 nee
588 2966 675 3030 magis
700 2963 776 3029 quid-

234 3053 314 3120 quem
330 3035 499 3101 proficimus,
519 3037 542 3086 si
559 3050 619 3086 cum
628 3032 776 3084 Wesselin-

235 3109 280 3173 gio
297 3107 478 3157 rescribamus
500 3100 567 3162 τοὺς
585 3095 702 3184 αλλους,
726 3108 776 3152 aut

235 3191 294 3228 curn
304 3176 472 3226 Schaeiero
464 3189 608 3240 iungamus
622 3163 776 3236 ἄλλοοςγε-

235 3242 373 3326 νομένοος
386 3235 503 3308 ἄνδρας,
521 3249 570 3294 aut
581 3243 697 3307 denique
715 3257 775 3292 enm

233 3313 293 3364 viro
312 3314 392 3364 docto
411 3315 517 3364 Batavo
536 3311 706 3378 (Bakhuinen
722 3327 776 3360 van

235 3383 287 3433 den
300 3383 398 3433 Brinlr.
414 3383 515 3434 Variae
527 3384 618 3434 Lectt.
633 3397 667 3431 ex
680 3381 776 3431 histor

235 3452 332 3519 philos.
358 3453 443 3518 antiq
463 3449 775 3534 Lugd.ssatsv.1842.

235 3537 298 3588 pap.
318 3521 426 3588 enos.)
449 3522 512 3572 roci
536 3513 639 3574 dilect
657 3534 717 3570 earn
743 3519 778 3569 si-

235 3591 436 3659 gnificatrensm
445 3591 605 3650 tribuamus
616 3589 778 3640 uthacvoee

235 3662 331 3714 addita
354 3667 468 3726 uterque
492 3661 557 3710 deus
575 3659 727 3724 (Dionysus
751 3663 778 3708 et

235 3731 309 3788 Paul
326 3747 343 3780 a
360 3728 568 3781 tertloHerculs
583 3727 777 3792 distinguatur.

236 3799 315 3864 Quod
327 3817 388 3852 curn
400 3801 468 3851 bene
480 3799 612 3850 sensisset
624 3797 655 3848 Ο.
667 3798 700 3848 F.
710 3797 779 3848 Her-

236 3885 350 3921 msnuus
369 3869 484 3950 (Rbein.
498 3870 570 3920 litus.
588 3866 623 3916 Ν.
641 3867 673 3918 F.
693 3867 730 3918 ΙΙ.
751 3883 777 3932 p.

236 3939 313 4004 587),
342 3955 438 3991 vocem
466 3929 569 4018 ἄλλους
598 3935 659 3987 eiici
688 3937 778 4018 iussit,

236 4011 336 4088 quippe
360 4014 447 4060 ortem
471 4023 504 4058 ex
525 3997 623 4069 ἄνους,
646 4007 665 4056 i.
685 4023 708 4057 e.
727 3998 777 4055 ἄν·

237 4072 391 4158 θρόπονς,
410 4077 481 4143 quod
499 4092 548 4142 pro
560 4073 724 4140 glossemate
743 4075 778 4126 sd

236 4137 346 4230 ἄνδρας
364 4147 428 4198 οΙίιιι
447 4147 613 4211 adscriptum
625 4145 711 4196 luisse
724 4151 778 4196 sta-

237 4216 306 4275 tuit3
324 4208 434 4278 uadens
452 4222 543 4267 autem
553 4230 635 4266 sensu
650 4216 779 4266 eminenti

236 4285 282 4336 hic
300 4252 355 4336 llici
373 4299 421 4349 pro
443 4276 621 4348 ἀνθρώπους
645 4285 779 4336 neminem

238 4353 317 4420 fugit.
354 4354 451 4420 Itaque
467 4356 652 4406 Hermannum
670 4361 780 4406 secutus

826 2617 878 2678 dii,
901 2617 947 2682 qui
967 2615 1037 2664 inter
1057 2615 1176 2668 Graecos
1193 2623 1369 2682 regnasseut;

826 2654 883 2738 turrl
902 2685 944 2748 bi,
972 2685 1019 2750 qui
1042 2683 1092 2735 bos
1117 2687 1183 2737 deos
1201 2702 1234 2736 ex
1253 2686 1371 2738 Graecia

826 2758 899 2822 ipss,
918 2769 972 2805 non
990 2770 1024 2804 ex
1042 2754 1182 2820 Aegypto,
1206 2757 1370 2820 repetendos

827 2831 965 2885 statuunt,
985 2824 1216 2890 discrepassent,
1236 2827 1372 2878 recentio-

827 2911 869 2946 res
886 2895 949 2956 bos,
969 2896 1075 2944 alteram
1092 2895 1239 2954 Herculea,
1262 2899 1372 2946 alterum

826 2967 970 3030 Dionysum,
987 2963 1091 3014 alterum
1099 2965 1203 3021 Ponere,
1218 2965 1370 3030 priscorum

825 3034 933 3085 illorum
962 3034 1072 3083 nomina
1099 3039 1126 3083 et
1148 3035 1264 3084 honores
1290 3051 1371 3086 occu·

826 3119 916 3170 passe.
953 3102 1036 3167 Atqui
1053 3104 1191 3169 antiquior
1202 3103 1274 3168 apud
1287 3106 1371 3156 Grae·

827 3189 873 3224 cos
897 3174 1033 3233 Hercules,
1061 3187 1142 3236 quam
1166 3173 1371 3239 Amphitryonis

826 3242 912 3305 filius,
935 3241 1036 3291 nemini
1057 3248 1138 3292 notus
1162 3247 1218 3302 est,
1242 3245 1372 3310 Dionysus

827 3327 892 3362 vero
906 3317 933 3362 et
943 3312 1009 3372 Pan,
1027 3326 1081 3361 non
1091 3312 1171 3362 modo
1180 3313 1272 3377 prisci,
1286 3313 1371 3366 Grae·

828 3383 867 3432 ois
887 3381 989 3446 ignoti;
1008 3379 1108 3432 sedne
1129 3382 1293 3432 recentiores
1312 3385 1372 3449 qui-

828 3451 887 3501 dem
898 3451 942 3512 bi,
960 3464 1028 3514 quos
1041 3451 1143 3512 colunt,
1161 3452 1230 3501 satis
1243 3451 1297 3502 illis
1311 3454 1372 3503 noti

828 3525 907 3582 sunt,
928 3535 961 3570 sc
981 3519 1037 3569 ie're
1055 3521 1189 3586 peregrini
1211 3521 1280 3586 (nisi
1298 3523 1372 3587 quod

829 3591 857 3640 in
875 3589 991 3640 Graecia
1013 3589 1071 3638 neti
1094 3590 1238 3655 putantur)
1261 3591 1371 3642 abillis

829 3660 972 3710 habentur.
1015 3658 1094 3710 Unde
1120 3660 1212 3725 colligi
1240 3676 1289 3726 par
1318 3667 1372 3728 est,

829 3730 910 3779 trium
927 3729 1077 3793 priscorum
1096 3729 1218 3792 deorum,
1243 3730 1372 3794 Herculis,

829 3800 936 3862 Dionysi
952 3803 1035 3862 atque
1052 3799 1130 3850 Panis
1147 3800 1256 3850 nomina
1273 3805 1300 3849 et
1315 3801 1373 3851 cul-

829 3873 886 3918 turn
900 3867 1009 3918 nonnisi
1020 3868 1058 3918 eis
1070 3869 1127 3919 iere
1141 3869 1307 3934 temporibus
1319 3871 1372 3936 pri

830 3953 901 3988 mum
914 3937 1067 3987 innotuisse
1076 3939 1196 4000 Graecis,
1215 3939 1313 4004 quibus
1324 3957 1374 3990 ns·

828 4008 897 4060 tos
890 4023 919 4058 ιιι
937 4007 1053 4057 Graecis
1070 4023 1130 4058 esse
1145 4009 1229 4058 bosco
1239 4009 1373 4060 recentio-

828 4093 871 4128 res
892 4078 1006 4126 istorum
1030 4077 1204 4158 cognomines
1231 4081 1372 4130 cenststf‘

864 4135 903 4204 ὥς
922 4135 1025 4194 αὐτίκα
1048 4139 1238 4211 γενόμενον]“
1231 4163 1250 4198 ι.
1276 4161 1299 4197 e.
1318 4157 1372 4198 rta-

830 4221 887 4279 tim,
907 4216 1009 4265 simulac
1027 4224 1102 4266 nurus
1124 4226 1204 4278 esset,
1230 4217 1267 4268 ci.
1289 4217 1313 4278 Ι,
1337 4218 1373 4269 79

831 4286 949 4364 ibique
941 4288 1011 4334 nott.

865 4344 949 4402 secl'
930 4367 1024 4418 ηνειιιε
1042 4345 1069 4411 ἐς
1089 4351 1201 4421 Νῦσαν]
1219 4353 1299 4405 Geni.
1317 4355 1374 4406 He-
