3086 4952
609 299 735 362 culo.
759 301 784 358 Ι.
809 307 869 362 117.
1244 294 1306 356 265

171 489 271 548 σθαι·
300 477 355 544 καὶ
378 470 481 563 ὑμέας
495 471 619 562 ήγημαι
635 472 760 564 ἄνδρας
774 473 907 564 Μήδων
922 473 1008 543 εἶναι
1022 470 1062 542 οὐ
1077 475 1305 561 φαυλοτέρους

171 577 249 649 οὔτε
268 570 374 648 τάλλα
393 575 470 648 οὔτε
484 577 524 646 τά
544 580 694 666 πολέμια.
729 573 773 659 τός
788 569 836 648 τόν
849 577 995 667 ἐχόντων
1010 567 1094 674 pide,
1115 573 1304 648 ἀπίστασθε

171 680 223 752 ἀπ’
236 680 434 768 Ἀστυάγεος
448 679 509 771 τήν
522 689 689 770 ταχίστην.

201 849 212 868 ·
251 822 378 908 Πέρσαι
398 819 459 906 μέν
478 847 543 888 νυν
564 819 754 908 προστάτεω
776 817 1029 906 ἐπιλαβόμενοι,
1049 816 1186 908 άσμενοι
1206 820 1301 888 έλευ-
1315 821 1373 882 127

172 927 355 1013 θεροῦυτο,
376 923 431 991 παλ
453 921 554 991 πάλαι
568 919 684 992 δεινὸν
697 920 889 1009 ποιεύμενοι
903 918 969 990 ὑπὸ
983 921 1116 1010 Μήδων
1129 919 1301 1010 ἄρχεσθαι.

168 1023 349 1116 Ἀστυάγης
363 1026 401 1095 δὲ
415 1020 459 1105 ὥς
473 1025 619 1096 ἐπύθετο
632 1031 749 1114 Κῦρον
764 1023 953 1114 πρήσσοντα
967 1029 1084 1109 ταῦτα,
1100 1029 1230 1112 πέμψας
1241 1023 1302 1112 άγ-

128 1139 287 1218 όλγελον,
309 1129 423 1199 έκάλεε
439 1127 553 1200 αὐτόν.
595 1126 613 1199 ό
633 1130 670 1199 di
684 1134 797 1218 Κῦρος
817 1130 949 1197 έκέλευε
965 1124 1024 1196 τόν
1038 1125 1181 1214 ἄγγελον
1194 1125 1302 1215 άπαγ-

171 1237 315 1322 γέλλειν,
329 1230 379 1304 ὅτι
394 1229 558 1321 πρότερον
571 1231 641 1323 ἥξει
656 1230 729 1322 παρ’
739 1236 870 1303 ἐκεῖνον
883 1226 904 1320 ἢ
917 1227 1017 1333 αὐτὸς
1027 1229 1207 1318 Ἀστυάγης
1222 1238 1302 1317 βου-

172 1337 315 1427 λήσεται.
353 1334 499 1418 άιιοόσας
529 1337 567 1406 dl
592 1331 732 1406 ταῦταὸ
752 1333 934 1424 Ἀστυάγης
954 1335 1097 1425 Μήδους
1123 1361 1159 1403 τε
1180 1329 1304 1403 ὥπλισε

172 1441 312 1524 πάντας,
334 1443 390 1511 καλ
409 1439 594 1530 στρατηγόν
617 1439 731 1511 αὐτῶν
756 1437 840 1509 ὥστε
861 1437 1053 1530 θεοβλαβής
1071 1435 1137 1507 dciv
1163 1434 1303 1520 άπέὸεξε

162 1542 349 1633 Ἀρπαγον,
375 1544 484 1634 λήθην
507 1543 704 1634 ποιεύμενος
722 1543 763 1614 τά
781 1572 841 1632 μιν
862 1542 985 1633 έόργεε.
1028 1537 1073 1622 ὥς
1093 1537 1125 1612 θ’
1142 1545 1178 1610 ολ
1187 1545 1304 1630 Μῆδοι

169 1648 448 1738 στρατευσάμενοι
470 1665 554 1718 τοῖσι
574 1652 723 1738 Πέρσησι
744 1650 964 1735 συνέμισγον,
991 1651 1026 1716 ol
1050 1649 1111 1735 μέν
1130 1673 1219 1725 τινες
1238 1643 1300 1714 αὖ·

169 1757 236 1822 cciv
250 1752 429 1842 ἐμάχοντο,
451 1749 523 1822 ὅσοι
546 1751 591 1842 μή
611 1757 672 1822 τοῦ
687 1751 789 1840 λόγου
803 1755 977 1841 μετέσχον,
999 1755 1034 1820 ολ
1045 1749 1082 1820 dl
1097 1745 1302 1838 αὐτομόλεον

170 1854 251 1947 πρὸς
263 1855 341 1937 τούς
356 1860 507 1946 Πέρσας,
527 1862 561 1927 ολ
573 1857 610 1927 θλ
625 1865 773 1927 πλεῖστοι
787 1852 1009 1928 ἐθελοκάκεόν
1023 1882 1058 1925 τε
1072 1855 1127 1924 καλ
1143 1859 1299 1944 ἔφευγον.

169 2060 350 2118 essedarios,
373 2074 395 2110 e.
414 2075 467 2110 eum
479 2060 547 2112 oobr's
562 2076 711 2123 perstrenue
760 2061 802 2110 De
817 2059 901 2109 verbo
921 2055 1078 2120 ποιεῖσθαι,
1099 2057 1146 2108 ubi
1164 2056 1299 2122 duplicem

169 2131 213 2186 sit,
231 2127 293 2176 bruc
305 2145 360 2179 erse
377 2129 571 2188 remansionem)
589 2131 710 2181 illustret
761 2129 946 2182 accusativum
959 2128 1085 2190 adscivit,
1101 2127 1251 2178 monuimus
1264 2126 1299 2178 od

173 2196 367 2262 wesselingius
379 2198 439 2250 eliis
451 2199 532 2263 locis,
551 2201 628 2263 VIII,
649 2201 708 2253 1214.
759 2199 787 2262 Ι,
807 2198 850 2250 68.
870 2201 995 2248 Formam
1014 2189 1106 2262 ἐόργεε
1126 2202 1236 2262 propter
1256 2213 1299 2248 rs-

171 2267 350 2332 Sophocl.Ai.
362 2267 422 2320 915.
439 2271 493 2320 Pro
505 2269 708 2334 φαυλοτέρους,
759 2285 818 2320 rum
842 2270 982 2334 augmenti
1004 2283 1088 2333 genus
1111 2267 1207 2316 laudet
1226 2267 1298 2318 blet-

171 2337 244 2402 quod
273 2353 365 2388 omnes
393 2343 486 2390 tenent
513 2339 576 2390 libri
602 2340 707 2405 scripti,
759 2339 832 2389 thiae
854 2339 878 2400 ξ.
900 2339 959 2390 161.
983 2355 1010 2402 p.
1028 2336 1078 2388 297
1102 2336 1164 2387 coll.
1190 2354 1217 2401 p.
1236 2337 1297 2400 458,

170 2407 265 2458 Ionum
276 2408 398 2458 idiomati
409 2410 614 2460 convenientius
626 2410 708 2460 scribi
759 2409 806 2460 ubi
819 2409 950 2460 deradice
964 2401 1050 2472 ἔργω,
1063 2406 1134 2457 uude
1147 2407 1297 2472 perfectum

168 2473 380 2540 φλαυροτέρους
406 2479 510 2529 iudicet
534 2479 651 2530 Bredov.
679 2497 706 2544 p.
758 2479 905 2530 secundum
917 2471 1001 2542 ἔοργα
1013 2477 1085 2542 opud
1097 2477 1198 2542 epicos.
1226 2476 1297 2529 Add.

167 2547 210 2598 35.
231 2547 365 2612 Equidem
381 2563 468 2613 neque
485 2549 536 2599 hoo
549 2549 609 2598 loeo
621 2566 708 2615 neque
757 2549 875 2602 Bredov.
898 2565 925 2614 p.
943 2547 1004 2610 312,
1023 2548 1069 2612 qui
1089 2546 1167 2597 effert
1190 2562 1297 2612 qnoque

166 2617 707 2682 supraI,idneqneinlrs11,173li-
757 2617 890 2670 Herodot.
911 2619 969 2680 ΙΙΙ,
997 2618 1054 2667 127.
1092 2618 1124 2667 Iu
1148 2632 1224 2682 seqq.
1247 2633 1296 2681 pro

166 2687 223 2736 bris
247 2687 342 2736 invitis
365 2687 510 2752 quidquam
534 2694 639 2740 mutere
661 2706 708 2740 on-
759 2687 927 2752 συνέμισγον
944 2703 1014 2738 unns
1027 2686 1087 2738 cod.
1106 2680 1230 2750 ἔμισγον,
1249 2686 1297 2736 elii

166 2757 228 2807 sim.
258 2755 311 2807 Sed
330 2773 392 2806 mox
411 2756 474 2808 dedi
491 2745 577 2806 τάλλα
596 2757 655 2824 (pro
673 2752 707 2809 τά
759 2757 936 2822 συνέσμιγον,
955 2773 1040 2822 prove
1050 2756 1190 2806 literarum
1209 2760 1297 2807 treus·

166 2816 258 2891 ἅλλα),
283 2826 356 2892 quod
374 2827 461 2892 ipsum
485 2827 564 2878 codd.
583 2829 706 2880 meliores
757 2828 902 2892 positione,
919 2827 1025 2892 qnulem
1044 2826 1137 2876 itidem
1151 2825 1297 2876 advertam

167 2895 329 2956 offerebant3
349 2895 404 2949 vid.
424 2897 453 2962 1,
471 2899 498 2948 2.
635 2931 641 2943 -
757 2899 786 2960 Ι,
807 2897 939 2958 185.V1‚
960 2897 1002 2948 14.
1022 2895 1091 2956 VII,
1111 2894 1154 2944 40.
1191 2895 1233 2944 Ab
1251 2895 1296 2958 iis,

758 2983 827 3032 quse
850 2965 902 3017 boc
926 2966 1016 3030 eapite
1038 2969 1065 3014 et
1090 2963 1215 3028 sequenti
1243 2968 1297 3013 tre-

253 3050 257 3058 ·
328 3068 385 3118 cn
412 3067 540 3120 CXXVII
757 3036 966 3100 duntur,louge
978 3034 1108 3084 recedunt
1122 3032 1228 3082 Nicolei
1242 3034 1298 3082 Du-

389 3105 395 3120 '
542 3107 549 3120 ‘
757 3106 878 3156 marceni
895 3107 1032 3168 Excerpte
1051 3104 1099 3169 (T.
1118 3103 1173 3153 III.
1195 3118 1222 3167 p.
1244 3103 1296 3153 400

201 3166 249 3220 ιιαλ
269 3161 425 3236 στρατηγόν
441 3163 537 3222 αὐτῶν
552 3162 622 3224 odore
638 3173 705 3224 θεο-
757 3192 832 3241 seqq.
856 3175 899 3225 ed.
921 3172 1075 3236 Mueller),
1095 3187 1208 3238 qnorum
1225 3187 1296 3222 sirm-

166 3233 272 3306 βλαβής
299 3233 353 3290 triv
382 3257 407 3290 ιι.
432 3257 455 3292 τ.
477 3240 513 3309 λ.]
545 3235 706 3311 θεοβλαβής
756 3261 827 3295 mam
845 3244 1022 3294 lriciudicure
1040 3242 1169 3294 sufficiet.
1197 3243 1296 3307 Astya-

166 3309 266 3360 dicitur
284 3312 321 3371 is,
347 3311 393 3375 qni
412 3327 428 3362 e
448 3310 500 3361 diis
518 3317 609 3364 mente
627 3314 705 3380 quusi
757 3331 805 3379 ges
828 3315 874 3364 ubi
903 3313 937 3364 de
961 3314 1032 3379 Cyro
1060 3312 1221 3363 seditionem
1248 3329 1296 3377 pe-

166 3383 262 3444 oeptus
282 3379 403 3430 redditur
426 3377 552 3448 (βλαβελς
571 3371 630 3432 ὑπό
654 3381 706 3432 τοῦ
756 3388 833 3434 rente
857 3385 957 3432 certior
984 3383 1074 3432 faetus
1098 3387 1154 3442 est,
1185 3381 1294 3446 Cyrum,

159 3445 239 3498 ’θεοῦ
250 3443 303 3512 τήν
313 3447 429 3512 φρένα),
448 3455 478 3500 ut
494 3467 586 3502 emens
604 3451 705 3504 stolide
757 3454 803 3517 qui
822 3453 913 3515 specie
936 3451 1020 3516 petris
1039 3451 1207 3514 aegrotantis
1225 3451 1295 3499 invia

164 3518 257 3582 capiet
279 3519 395 3568 consilis
421 3535 600 3586 perverseque
628 3527 704 3587 egat.
756 3521 834 3572 sendi
852 3537 869 3570 e
887 3521 961 3584 regia
977 3519 1041 3570 sule.
1060 3519 1236 3580 discesserat,
1256 3520 1296 3567 in-

164 3587 244 3638 Coni.
263 3587 345 3648 VIII,
371 3587 434 3650 137,
457 3589 494 3639 ibi
515 3606 549 3640 ue
566 3595 635 3642 nott.
672 3591 704 3640 Iu
757 3591 894 3656 sequitur,
913 3589 1088 3647 sedfrustrn3
1108 3587 1224 3651 indeque
1240 3603 1296 3636 me·

163 3657 254 3706 vcrbIs
266 3656 489 3708 antecedentibus
497 3606 703 3722 itsvespoevso
754 3676 836 3725 gnum
861 3664 941 3724 peret
963 3659 1110 3708 exercitum
1131 3661 1227 3706 contre
1244 3657 1295 3720 Cy-

164 3726 245 3776 volds
269 3731 424 3790 suspectum
448 3733 490 3778 est
512 3729 648 3779 Bredovio
675 3745 703 3794 p.
754 3745 827 3792 rum,
852 3729 898 3793 qui
918 3728 1032 3778 Oebaris
1051 3726 1164 3776 consilio
1184 3725 1294 3776 adiutus

163 3793 231 3858 300,
255 3795 301 3860 qui
324 3795 387 3846 inde
410 3798 523 3848 rescribi
541 3797 601 3848 vult
623 3789 703 3862 ήλευ-
754 3803 782 3848 et
800 3799 858 3862 ipse
876 3797 1005 3862 plurimes
1024 3795 1116 3860 copies
1136 3795 1292 3860 eollegerat.

163 3860 325 3928 θεροῦντο,
354 3865 426 3930 quod
456 3868 558 3932 recepit
580 3865 702 3917 Dietsch.
754 3867 926 3917 Conveniunt
944 3865 1051 3930 utrique
1065 3879 1214 3929 munusque
1232 3881 1294 3915 con-

163 3931 368 3984 trosliacum
395 3935 435 3984 ilo
453 3937 509 3985 siut
530 3937 648 3998 incerte,
672 3941 704 3986 ut
754 3941 860 3995 serunt3
891 3936 977 4000 Cyme
1000 3934 1106 4000 regredi
1130 3939 1241 3984 coactus
1265 3935 1293 3984 in

163 4003 211 4052 vix
230 4003 298 4052 certi
315 4003 379 4068 quid
391 4005 522 4054 constitui
538 4005 640 4070 possit,
659 4021 702 4054 co·
754 4009 859 4056 montes
876 4004 1094 4070 Pnuergedernm
1113 4005 1237 4070 confugit
1253 4009 1293 4054 et-

164 4073 253 4122 dicum
281 4071 441 4136 scripturam
465 4073 588 4124 deserere
615 4072 701 4126 uolui.
753 4075 964 4139 quollstypgem
984 4073 1156 4124 accedentem
1174 4072 1292 4138 repellit.

162 4141 221 4192 Nec
249 4137 330 4214 eliber
356 4141 529 4193 iudicandum
558 4143 592 4194 de
615 4143 703 4192 forme
752 4143 869 4207 Reliqua
883 4143 989 4194 desunt.
1020 4143 1162 4192 Caeterum
1176 4143 1294 4193 conferri

162 4199 339 4272 αότομολεον
355 4211 383 4260 in
395 4210 448 4262 line
465 4227 536 4276 cop„
552 4211 586 4263 de
601 4229 654 4278 qus
665 4213 701 4266 cl.
752 4217 868 4277 possunt
891 4213 1028 4278 Excerpte
1051 4211 1165 4262 Diodori
1187 4213 1234 4277 (T.
1252 4211 1292 4262 II.

161 4277 279 4330 Bredov.
298 4295 325 4344 p.
343 4278 405 4332 310.
753 4298 778 4346 p.
791 4279 840 4332 553
852 4280 1028 4347 Weuseling.)
1044 4285 1071 4330 et
1088 4281 1226 4332 Plutarch.
1250 4281 1292 4330 De

197 4337 293 4414 λήθην
306 4341 477 4414 ποιεόμενος
491 4339 525 4398 τά
537 4363 586 4416 μιν
599 4339 701 4418 ἐόργεε]
752 4351 859 4404 virtutt.
880 4349 997 4406 mulierr.
1017 4366 1044 4416 p.
1057 4351 1153 4404 24611.

1263 4554 1318 4568 A
