3032 4916
266 295 328 358 682
694 291 968 356 HHRODOTI

376 460 470 548 ἤγαγε
489 465 688 543 Σιδονίηθεν,
711 453 841 537 ἐπιπλὼς
861 454 948 543 εόρέα
969 456 1090 538 πόνιον,

372 559 427 648 τὴν
448 559 537 645 ὁδόν,
559 559 601 645 ἢν
611 559 737 644 Ἑλένην
758 588 813 646 περ
835 555 986 646 νἰνήγαγεν
1007 555 1207 644 εὐπατέρειαν.

264 675 499 767 Ἐπιμέμνηιαι
514 675 551 744 δὲ
566 675 622 742 καὶ
639 677 676 743 ἐν
685 671 880 761 Ὀδυσσείῃ,
899 674 937 740 ἐν
950 676 1076 740 τοιοίδε
1090 687 1176 740 τοῖσι
1191 677 1300 742 ἔπεσι·

375 797 451 852 Τοῖα
474 780 548 865 Διός
569 784 707 871 θυγάτηρ
725 787 770 868 ἔχε
793 781 937 868 φάρμακα
958 779 1127 864 μητιόεντα,

373 883 482 968 ἐσθλὰ,
503 887 539 954 τό
561 891 594 952 ol
610 885 796 972 Πολύδαμνα
816 883 924 970 πόρεν,
951 888 1055 963 Θῶνος
1071 882 1249 970 παράκοιτις

301 1074 456 1140 ἐπιπλὼς
467 1073 551 1144 εὐρέα
562 1073 680 1148 πόντον]
694 1082 735 1132 De
750 1096 809 1146 par·
859 1078 922 1128 dass
939 1079 1042 1130 Homer
1059 1094 1113 1129 von
1131 1079 1204 1130 einer
1220 1077 1334 1130 Irrfshrt
1350 1077 1391 1128 des

267 1154 353 1221 ticipii
382 1152 469 1202 iorma
497 1141 622 1208 λπιπλιός
652 1151 708 1203 vid.
731 1153 809 1203 Bntt·
858 1149 937 1199 Paris
964 1149 1012 1199 mit
1040 1147 1088 1199 der
1118 1150 1269 1214 geraubten
1296 1148 1392 1198 Helena

267 1241 357 1275 menn.
385 1223 502 1275 Gramm.
526 1221 619 1272 maior.
641 1221 680 1272 11.
704 1237 768 1288 pag.
791 1222 806 1270 7
859 1218 928 1268 nach
940 1219 1082 1286 Aegypton
1094 1225 1216 1285 gewusst
1227 1219 1307 1270 hebo.
1335 1219 1391 1268 lien

266 1299 324 1346 not.
348 1309 411 1360 pag.
439 1293 498 1343 220.
520 1322 554 1332 -
578 1291 641 1341 Mox
667 1282 809 1356 ἀνήγαγεν
859 1288 942 1350 sieht,
968 1289 1003 1339 de
1026 1289 1095 1340 auch
1118 1287 1165 1340 351
1193 1289 1248 1340 und
1275 1287 1323 1338 352
1342 1287 1391 1336 dies

267 1365 338 1417 dixit
355 1364 389 1413 ob
400 1362 602 1427 navigationem
623 1376 637 1410 e
652 1361 767 1412 Graecia
780 1361 808 1410 in
858 1359 993 1409 beweisen
1006 1357 1105 1420 sollen,
1124 1359 1188 1409 dsss
1198 1359 1337 1418 Herodot,
1352 1373 1392 1407 un·

266 1435 383 1501 patrium
407 1433 531 1494 Troiam,
563 1431 609 1498 qui
630 1432 728 1482 redime
756 1435 806 1482 est.
857 1428 1008 1494 eingedenlr
1021 1426 1392 1496 dernrsahlung111‚288n.

267 1506 312 1556 Sic
321 1507 507 1554 corteveteres
518 1501 807 1568 grammatici3quam·
857 1500 971 1560 meinte,
1008 1498 1145 1550 Menelaos
1173 1500 1213 1550 sei
1241 1497 1392 1550 absichtlich

267 1573 807 1641 quemomninodenavigationeeportu
857 1570 926 1620 nach
936 1569 1224 1634 Aegyptengesclriflt.
1250 1567 1392 1634 Verglun-

266 1647 294 1694 in
312 1643 398 1694 sltmn
416 1633 533 1706 ἀνάγειν
552 1641 606 1692 dici
626 1647 717 1692 monet
733 1642 807 1706 Hay-
857 1645 903 1690 ten
921 1655 954 1690 ru
973 1639 1054 1690 382st
1087 1640 1193 1690 Exhec
1209 1643 1393 1703 veroutroqne

266 1713 395 1765 niuali.
416 1727 478 1778 pag.
496 1712 557 1762 255.
594 1711 683 1778 Atque
693 1711 735 1761 his
752 1711 808 1777 qui·
858 1709 998 1774 Odysseae
1014 1709 1147 1760 lococum
1166 1709 1233 1760 nihil
1252 1708 1322 1760 effici
1341 1722 1393 1772 pes·

266 1784 383 1836 demite
399 1799 464 1833 usus
481 1787 524 1832 est
542 1781 668 1832 Welolrer
682 1780 806 1846 (Episch.
858 1779 895 1828 sit
913 1779 947 1830 ad
964 1780 1007 1841 id,
1025 1778 1097 1846 quod
1116 1780 1231 1845 prebere
1244 1777 1305 1830 vult
1317 1779 1393 1828 Hero-

266 1854 341 1920 Cycl.
360 1853 397 1904 11.
416 1868 480 1919 pag.
493 1851 535 1904 ue
546 1853 644 1917 seqq),
662 1855 692 1901 ut
703 1855 808 1901 mutsta
858 1849 947 1911 dotus,
959 1850 1077 1900 Homero
1092 1849 1150 1901 scil.
1165 1851 1304 1916 cognitam
1318 1849 1393 1898 luisse

264 1925 384 1976 lectione
401 1924 429 1973 iu
447 1921 532 1972 altero
549 1922 661 1973 Homeri
676 1937 765 1982 versu,
779 1921 807 1970 in
858 1919 989 1970 Helenum
1024 1920 1052 1969 in
1078 1920 1118 1970 Ae
1157 1925 1204 1985 pto
1236 1923 1392 1977 venantem,

266 2013 318 2062 quo
342 2010 391 2060 pro
415 1985 464 2050 τὰς
480 1993 534 2058 legi
553 1991 612 2042 vult
637 1983 719 2052 τοὺς,
743 1991 761 2041 i.
782 2006 806 2041 c.
858 2005 972 2054 cumque
1007 1990 1091 2040 verba
1119 1937 1155 2040 dd
1184 1981 1313 2040 τούτοισι
1340 1988 1393 2042 τοῖς

266 2061 400 2126 πέπλους,
418 2063 462 2112 hic
486 2063 519 2113 dc
542 2063 576 2112 iis
594 2062 715 2112 restibus
734 2061 808 2124 cogi-
858 2055 945 2120 ἔπεσι,
953 2073 1023 2124 quae
1032 2059 1138 2125 quidem
1146 2061 1300 2126 syntectice
1309 2055 1393 2110 reterri

265 2133 376 2186 tandum
401 2148 460 2183 esre
483 2135 603 2194 statuat,
629 2147 695 2197 quas
719 2131 806 2191 Paris,
858 2129 917 2180 vult
926 2129 963 2178 ad
972 2123 1043 2178 surde
1052 2120 1105 2194 γὰρ
1115 2120 1231 2193 ἐποίησε
1240 2130 1393 2182 Schaelerus
1470 2141 1471 2158 ³

266 2221 325 2256 cum
343 2204 374 2268 (a
392 2199 489 2264 Troia)
506 2202 632 2267 Spartam
654 2201 807 2264 navigaret,
859 2200 893 2250 sd
911 2199 1049 2250 Plutarch.
1068 2199 1137 2252 Vitt.
1157 2200 1218 2250 Vol.
1236 2201 1287 2252 VI.
1306 2217 1330 2266 p.
1348 2197 1392 2250 til

207 2275 214 2287 '
266 2273 365 2325 Sidone
380 2287 472 2322 secum
490 2269 647 2332 abstulerit,
667 2270 737 2320 dous
752 2270 808 2319 Hc·
860 2268 914 2334 (ed.
939 2269 1015 2334 Lips.
1040 2284 1086 2334 sp.
1111 2270 1217 2320 Teubu.
1240 2269 1332 2336 1830),
1356 2281 1393 2318 ae·

264 2344 352 2394 lenae.
390 2343 477 2404 Quam
495 2341 545 2389 viri
564 2339 638 2390 docti
652 2339 805 2405 opinionem
859 2356 911 2404 que
936 2354 968 2389 sc
997 2341 1138 2405 sequentia
1162 2340 1248 2391 verba
1271 2328 1393 2405 όμοορὲει

266 2411 334 2462 satis
353 2411 484 2461 refutavit
507 2426 534 2460 r.
555 2409 621 2460 Hoil
642 2409 660 2460 l.
685 2422 768 2473 supra
786 2407 805 2458 l.
858 2402 911 2474 γὰρ
930 2424 955 2457 π.
971 2425 994 2458 τ.
1010 2408 1033 2458 λ,
1052 2409 1180 2461 adenem
1198 2409 1296 2461 Hiadis
1312 2409 1392 2460 locun

265 2481 406 2548 ptiseqq.
421 2497 447 2546 p.
463 2479 576 2544 13,ipse
589 2484 679 2529 tamen
692 2493 805 2542 negans,
858 2482 996 2544 spectent,
1028 2477 1098 2530 idem
1133 2480 1297 2532 Schaelarus
1330 2479 1393 2528 hanc

265 2551 336 2602 effici
355 2565 436 2616 posse
459 2565 492 2598 ex
509 2548 559 2599 hoo
583 2548 643 2598 loco
663 2548 806 2598 Homerico
859 2565 963 2600 omnem
984 2548 1103 2599 locorum
1122 2549 1266 2614 Odysseae
1288 2563 1393 2601 comme-

265 2622 306 2682 id,
326 2619 397 2686 quod
412 2619 474 2670 inde
488 2617 560 2670 ellici
573 2618 632 2669 vult
641 2617 806 2680 Herodotus,
859 2619 1036 2670 morstiousm
1059 2618 1123 2670 inde
1154 2635 1170 2670 a
1193 2621 1286 2672 verbis
1309 2610 1392 2680 ἐπιμέ-

264 2693 411 2742 llomerum
429 2687 487 2740 scil.
503 2689 650 2754 quidquam
669 2688 806 2754 cognitum
858 2704 961 2753 μνηται
992 2681 1024 2736 δὲ
1056 2684 1104 2738 κοιλ
1135 2679 1164 2738 ἐν
1196 2681 1256 2740 Ὀιλ.
1283 2689 1393 2756 spuriam

264 2762 393 2812 habuisse
418 2759 451 2810 de
469 2757 575 2810 Paridis
603 2759 630 2809 in
653 2759 806 2824 Aegyptum
856 2760 953 2810 hebuit
981 2759 1112 2824 uncisque
1140 2759 1267 2824 inclusit,
1302 2760 1393 2826 quippe

264 2833 371 2884 itinere.
408 2831 441 2882 ln
464 2846 516 2895 quo
535 2830 659 2896 equidem
678 2829 806 2878 assentiri
856 2835 968 2895 pestere
979 2829 1113 2879 aetateab
1127 2830 1323 2895 interpolatore
1335 2843 1392 2894 quo-

264 2918 383 2968 nequeo,
411 2899 627 2966 quandoquidem
650 2901 750 2950 Noster
773 2914 806 2949 ex
857 2900 919 2950 dam
931 2899 1051 2950 additam
1066 2899 1181 2966 indeque
1197 2899 1392 2952 eliminandam.

265 2989 311 3034 eo,
339 2971 409 3038 quod
428 2972 562 3020 Homerus
586 2970 712 3020 Paridem
729 2968 807 3019 redu·
857 2971 943 3033 Quam
967 2969 1079 3020 undem
1105 2971 1270 3022 sententiam
1300 2971 1333 3022 de
1355 2968 1392 3018 lris
1469 2995 1470 3002 ι

264 3059 322 3093 cem
341 3058 399 3092 cum
420 3040 526 3091 Helena
542 3039 669 3091 Sidonem
694 3045 807 3105 tangen-
856 3040 920 3090 tulit
940 3038 1058 3090 Bredov.
1084 3057 1110 3104 p.
1139 3042 1170 3090 17
1193 3055 1251 3106 seq.
1282 3043 1392 3104 itemque

264 3119 318 3162 tem
337 3111 414 3172 iacit,
434 3115 622 3176 argumentum
641 3111 694 3160 sibi
708 3110 807 3160 ducere
855 3127 883 3160 v.
902 3108 968 3159 Heli
984 3108 1002 3159 l.
1023 3108 1042 3160 l.
1060 3124 1122 3174 psg.
1143 3111 1173 3161 ll
1189 3126 1247 3175 seq.
1292 3113 1315 3163 A
1334 3125 1392 3174 qno·

264 3197 345 3246 posse
362 3180 520 3242 videbatur,
549 3196 599 3231 uec
626 3181 744 3231 Homero
765 3181 805 3229 in·
857 3195 915 3230 rum
933 3179 1070 3229 sententia
1089 3180 1212 3244 equidem
1230 3181 1271 3231 ita
1293 3182 1391 3236 absum,
1469 3201 1470 3212 ο

264 3251 400 3316 cognitam
416 3266 476 3300 esse
487 3251 609 3314 potuisse
623 3265 682 3300 eem
694 3250 804 3310 samem,
856 3253 887 3300 ut
904 3248 947 3299 vel
965 3249 1090 3299 consulto
1107 3253 1252 3315 utrumque
1274 3251 1393 3302 locnma

264 3336 334 3386 qnae
343 3317 475 3370 Helenam
484 3335 538 3370 nou
550 3325 626 3371 recta
636 3321 681 3370 via
694 3335 710 3370 a
724 3319 806 3371 Grae·
855 3321 956 3370 Nostro
980 3317 1101 3368 additum
1125 3325 1230 3383 putem,
1255 3321 1328 3371 unde
1349 3317 1393 3368 ali-

264 3391 308 3442 cia
332 3390 360 3439 in
384 3389 477 3440 Asiam
501 3405 549 3456 per
571 3390 708 3455 Aegaeum
731 3403 804 3439 merc
855 3389 920 3454 quid
938 3389 1045 3438 omuino
1068 3387 1161 3455 colligi
1188 3397 1282 3454 posset
1305 3389 1339 3441 ad
1357 3401 1393 3436 re·

263 3460 419 3527 pervenisse
430 3459 543 3521 ferebat,
554 3459 601 3508 sed
615 3464 713 3510 erecto
724 3474 805 3509 cursu
855 3475 913 3510 rum
921 3459 1115 3524 Aegyptiarum
1125 3461 1317 3522 cognitionem,
1329 3471 1393 3523 qnae

263 3530 381 3582 delatam
411 3529 536 3581 Sidonem
564 3529 631 3578 adeo
666 3529 803 3594 tetigisse:
855 3530 972 3579 Homero
1003 3529 1100 3590 luerit,
1135 3530 1170 3580 ud
1201 3531 1393 3593 earundemque

263 3601 337 3668 qnod
351 3600 439 3664 ipsum
451 3599 509 3649 fieri
525 3613 578 3650 non
597 3599 732 3662 potuisse,
750 3598 805 3647 nisi
855 3597 1071 3648 coniunctionem
1087 3613 1147 3648 eum
1165 3599 1246 3650 rebus
1260 3598 1391 3656 Troianis,

262 3671 415 3736 Aegyptum
435 3683 542 3734 quoque
565 3667 612 3718 illu
634 3672 715 3718 antea
743 3667 805 3718 teti·
855 3668 961 3732 quelem
979 3669 1038 3732 ipse
1053 3669 1153 3718 Noster
1164 3669 1209 3719 hio
1222 3675 1333 3732 tractat,
1350 3665 1391 3732 qui

264 3741 347 3806 gerit,
367 3739 439 3789 unde
456 3737 586 3788 traiectus
600 3739 626 3786 in
640 3737 805 3790 Plroeuiciae
856 3737 976 3788 Tironem
996 3738 1050 3787 ism
1075 3753 1157 3802 supra
1177 3753 1237 3804 cap.
1259 3741 1308 3791 113
1327 3752 1392 3789 com·

262 3811 343 3860 urbes
367 3808 423 3858 tieri
451 3808 570 3858 solebatt
602 3823 686 3872 eoque
715 3807 804 3857 refero
856 3813 1066 3870 memoraverat,
1091 3808 1210 3874 itemque
1233 3810 1390 3860 Menelaum.
1468 3829 1469 3854 r

262 3879 360 3940 verba,
379 3893 448 3943 quae
467 3877 496 3926 in
514 3877 541 3927 h.
560 3893 584 3929 c.
600 3877 652 3926 tine
663 3877 803 3942 leguntur:
855 3877 968 3928 Accedit
977 3875 1104 3928 librorum
1114 3879 1276 3943 scriptorum
1287 3891 1391 3930 cousen-
1468 3877 1469 3930 f

261 3937 803 4068 ὁμὲογρὲὥγιίρεηὶὶέορργρᾶλίγὸόῖιῳνπῂλ.
854 3961 900 4066 lsus
918 3945 985 4066 impp
1002 3948 1086 4066 vepqq
1103 3949 1277 4032 retinentium
1294 3963 1344 3999 neo
1355 3944 1391 3994 ul·

261 4087 312 4135 ‘127
331 4099 388 4150 seq.
401 4033 433 4136 dt
448 4015 509 4148 1le
520 4031 599 4137 3511.Ι
617 4032 726 4136 saffica.
736 4053 802 4136 verd
854 4031 1032 4148 bqrptppmppq
1044 4023 1389 4148 qqqpqsnpepltpqqqqnipqqq

261 4155 383 4205 Nitsselr.
419 4153 581 4220 (Anmsrlrlr.
618 4171 652 4205 ru
690 4157 802 4206 Homer.
853 4153 984 4220 polatoris
998 4155 1170 4207 hanclocnm
1183 4163 1320 4222 expertum
1333 4167 1388 4206 esse

261 4223 394 4286 Odyssl.
402 4239 464 4288 pag.
472 4225 523 4275 225
536 4225 620 4289 not.):
641 4225 803 4287 „DieVerse
853 4228 973 4286 statues,
992 4224 1020 4274 id
1038 4229 1111 4276 certe
1130 4226 1211 4292 longe
1230 4233 1294 4278 ente
1310 4226 1388 4276 libros

260 4292 416 4343 227-230
442 4293 518 4342 iiihrt
538 4293 662 4344 Herodot
686 4295 727 4356 11,
753 4294 803 4344 116
853 4294 969 4358 scriptos
987 4309 1059 4345 nunc
1078 4298 1238 4361 superstites
1261 4295 1388 4348 accidisse

260 4361 401 4414 seltssmer
423 4361 514 4412 Weiss
540 4379 600 4414 aum
623 4363 725 4429 Belege
756 4377 801 4426 an,
852 4363 1001 4430 putendum
1020 4364 1099 4416 foret.
