3064 4940
605 263 732 326 OLIO.
756 268 782 326 Ι.
805 273 850 329 au.
1257 254 1296 320 73

163 435 267 526 μηνὸς
286 435 329 526 μὴ
350 440 539 526 γινομένου.
573 445 604 508 ελ
622 440 659 510 dl
683 439 725 530 δὴ
747 440 903 532 ἐθελήσει
927 437 1087 529 τοῦτερον
1104 446 1173 510 των
1194 441 1297 510 ἐτέων

165 541 247 629 μηνὶ
261 540 466 630 μακρότερον
482 549 653 629 γίνεσθαι,
672 550 728 615 ἵνα
742 544 784 637 dr}
802 552 841 616 ul
855 535 938 634 όραι
956 551 1167 634 συμβαίνωσι
1186 571 1293 633 παρα-

165 641 339 732 γινόμεναι
358 647 391 725 ές
406 641 444 714 τὸ
458 648 550 732 θέον,
570 653 670 736 μῆνες
685 650 746 737 μέν
761 649 850 741 παρὰ
866 649 906 720 τό
925 641 1152 740 ἑβδομήκοντα
1166 653 1243 718 έτεα
1262 653 1296 720 oc

162 745 337 837 ἐμβόλιμοι
356 753 507 836 γίνονται
526 751 701 840 τριήκοντα
719 755 835 841 πέντε,
855 751 974 844 ἡμέραι
989 755 1026 824 δέ
1043 749 1080 824 ἐκ
1093 758 1162 823 τόν
1174 758 1294 842 μηνιόν

116 859 150 916 16
159 850 292 922 τούτων
315 858 421 940 χίλιαι
442 851 655 943 πεντήκοντα.
689 861 836 928 τουτέων
861 863 928 928 τεόν
951 853 1108 930 ἁπασέων
1129 852 1293 946 ἡμερέων,

157 960 230 1026 των
250 951 284 1036 ές
303 954 344 1025 τό
364 956 595 1048 ἑβδομήκοντα
614 965 689 1028 έτεα
712 963 856 1030 ἐουσέων
880 962 1082 1052 πεντήκοντα
1104 963 1159 1030 καὶ
1178 966 1291 1049 διηκο-

157 1062 261 1129 σιέων
282 1061 339 1128 καὶ
360 1061 609 1150 ἑξακισχιλιέων
627 1063 684 1134 καὶ
703 1067 923 1152 δισμυριέων,
949 1062 969 1153 ἡ
991 1067 1083 1154 ἑτέρη
1105 1061 1234 1134 αὐτέων
1253 1069 1294 1152 τῇ

158 1164 254 1252 ἑτέρη
267 1158 374 1253 ἡμέρῃ
389 1162 427 1234 τό
440 1168 602 1256 παράπαν
617 1163 722 1238 οὐδέν
737 1162 854 1257 ὁμοῖον
868 1168 1027 1258 προσάγει
1041 1171 1184 1256 πρῆγμα.
1207 1163 1294 1236 οὕτω

158 1258 224 1354 ὦν,
249 1258 433 1358 dilectae,
456 1273 525 1342 πᾶν
542 1267 613 1342 ἐστι
637 1269 823 1362 ἅνθρωπος
842 1271 1008 1362 συμφορή.
1032 1267 1106 1360 ἐμοὶ
1127 1269 1164 1340 δέ
1181 1266 1224 1340 σὺ
1243 1270 1299 1340 καὶ

191 1466 218 1520 ελ
237 1461 269 1519 δέ
286 1462 322 1535 δὴ
341 1461 468 1536 ἐθελήσει
486 1461 623 1536 τοῦτερον
639 1471 698 1524 τεόν
748 1476 850 1527 caedua
861 1481 900 1526 ττι
910 1473 1063 1536 οόιιοωίντ“,
1077 1479 1107 1522 ut
1123 1475 1198 1523 recte
1213 1471 1298 1523 vertit

157 1529 240 1589 έτέων
257 1555 283 1590 ιι.
306 1556 330 1589 τ.
348 1539 384 1606 λ.]
406 1539 503 1592 θέλειν
527 1547 609 1608 atque
633 1535 696 1595 έθέ-
747 1545 899 1611 Sohweigh.
918 1545 975 1596 Nec
985 1545 1065 1594 aliter
1073 1543 1220 1596 Matthiae:
1238 1543 1296 1607 „ull

157 1609 216 1660 λειν
248 1607 331 1676 (quod
364 1610 452 1662 colum
485 1613 519 1662 ab
555 1615 696 1666 Herodoto
747 1619 797 1668 uisi
811 1613 1107 1679 fortunaeenpacidce.“
1125 1614 1224 1678 Inque
1240 1614 1293 1663 for:

156 1686 315 1744 usurpatum
337 1696 397 1732 aare
420 1682 560 1734 contendit
580 1685 697 1738 Bredov.
748 1685 822 1736 mula
837 1685 988 1750 legitimum
1008 1701 1069 1736 aeae
1088 1689 1214 1734 neutrum
1232 1681 1292 1732 πᾶν

156 1767 183 1815 p.
205 1750 265 1816 117)
291 1766 346 1801 nou
372 1751 406 1802 de
428 1752 551 1816 personia
581 1759 698 1817 tautum,
750 1755 888 1820 (queniam
905 1755 990 1814 fuere,
1009 1756 1056 1819 qul
1078 1754 1106 1801 in
1128 1750 1184 1808 πᾶς
1206 1757 1294 1802 muta-

157 1836 250 1870 verum
273 1820 306 1872 de
330 1821 412 1872 rebus
435 1821 517 1872 etiam
538 1823 605 1885 dici,
629 1840 700 1889 quae
750 1829 809 1874 tum
827 1823 952 1886 vellent),
966 1824 1038 1873 idem
1057 1821 1295 1884 annotat‚Sopho-

156 1896 187 1940 ut
204 1891 284 1952 fiant,
303 1891 483 1942 constitutam
500 1896 552 1954 eet,
571 1893 639 1942 aetia
655 1909 702 1944 uo·
752 1894 821 1944 clem
855 1893 970 1942 lauduna
1002 1893 1031 1940 in
1053 1888 1199 1940 Philoctet.
1228 1891 1295 1939 902:

156 1967 223 2011 tum.
241 1960 321 2010 Unde
339 1966 465 2011 nostrum
487 1959 561 2012 haud
578 1978 640 2012 raro
659 1979 702 2014 ee·
752 1951 867 2011 ἅπαντα
878 1955 1034 2024 δυσχέρεια,
1048 1959 1210 2010 etPaaaow=
1230 1959 1297 2008 iiber

155 2035 235 2096 quat:
252 2033 331 2080 collau
351 2047 374 2082 ε.
393 2031 501 2082 comm.
535 2031 579 2082 Cf.
597 2033 700 2084 Herod.
754 2033 852 2083 Zweok
869 2030 971 2097 griech.
990 2027 1181 2080 W'drterbiich.
1206 2043 1233 2092 p.
1253 2027 1296 2080 73.

155 2101 179 2162 l,
198 2103 242 2152 74.
262 2099 320 2150 109.
338 2100 376 2162 Π,
397 2101 430 2152 14
448 2105 500 2152 etc.
523 2101 607 2152 Plura
620 2103 702 2168 Vige·
752 2103 786 2153 In
804 2102 923 2153 Gramm.
942 2100 989 2152 Gr.
1014 2104 1039 2162 ᾖ.
1060 2099 1120 2151 437.
1146 2101 1203 2148 not.
1222 2097 1248 2151 ³.
1267 2114 1295 2162 p.

155 2187 201 2222 rua
232 2169 265 2220 de
291 2169 427 2220 Idiotiam.
453 2187 480 2234 p.
504 2173 564 2224 277.
591 2199 624 2208 -
646 2174 700 2224 Pro
752 2173 813 2224 818.
833 2169 892 2220 πᾶν
911 2169 1014 2220 mavult
1031 2169 1071 2220 ita
1096 2167 1245 2233 explicare,
1265 2173 1295 2218 ut

154 2229 292 2300 acinacen
300 2240 398 2305 Nagria
411 2239 495 2291 edidit
512 2232 544 2290 τὸ
560 2234 699 2305 πεμπτὸν,
751 2257 801 2308 pro
837 2241 965 2292 adverbio
1003 2223 1123 2306 positum
1158 2238 1293 2290 videatur.

154 2311 203 2376 qui
219 2309 291 2360 idem
308 2311 336 2360 in
357 2326 433 2376 aeqq.
456 2325 563 2376 qnoque
581 2314 700 2364 numeria
750 2312 853 2364 Jacobs
876 2311 911 2361 ad
933 2309 1037 2362 Aelian.
1058 2311 1091 2362 N.
1117 2309 1150 2360 Α.
1174 2309 1222 2372 IV,
1247 2307 1291 2361 36.

153 2378 241 2430 multa
258 2381 376 2430 mutavit
392 2385 501 2444 temere,
516 2397 585 2448 quae
603 2383 699 2434 merito
750 2382 839 2433 reddit
857 2385 960 2432 omuino.
983 2371 1142 2446 συμφορὴ
1164 2379 1294 2430 hocloco

154 2455 318 2515 respuerunt
336 2449 397 2502 edd.
417 2455 531 2502 reeentt.
749 2469 804 2503 uon
827 2458 883 2503 tam
911 2451 944 2502 de
969 2451 1139 2512 calamitate,
1163 2455 1195 2500 ut
1214 2449 1294 2499 homo

190 2517 240 2570 λ’να
251 2511 294 2598 ,δὴ
313 2511 345 2569 ui
361 2507 432 2600 όραη
452 2517 627 2587 συμβαίνωσι
646 2537 700 2574 πα·
751 2523 859 2573 omuino
877 2522 1018 2572 calamitae
1030 2538 1053 2572 ε.
1069 2519 1244 2572 calamitosus
1257 2519 1296 2569 di-

154 2603 340 2654 ραηινομεναι
358 2579 386 2648 ές
403 2603 436 2640 το
455 2587 533 2657 δέον]
553 2592 572 2642 i.
586 2607 610 2642 a.
631 2609 700 2658 „quo
750 2598 836 2656 autur,
856 2607 925 2658 quae
943 2591 1119 2656 Weeaelingii
1134 2595 1176 2640 eet
1188 2593 1296 2640 centen-

152 2662 251 2712 scilicet
263 2667 435 2725 tempestatum
444 2661 625 2714 νίοίειίιυιὶὲκτι
635 2665 700 2714 iualo
750 2664 799 2725 tia,
824 2678 905 2728 quam
930 2662 963 2712 de
986 2663 1097 2712 fortuna
1121 2659 1233 2725 eiusque
1256 2659 1296 2708 vi-

152 2740 265 2794 ισσιμοντ
283 2729 402 2782 redeant.
422 2745 472 2782 uec
495 2735 584 2782 certae
607 2748 700 2784 aarum
750 2733 957 2784 claritudinibus
968 2730 1173 2800 intelligendum
1184 2745 1253 2792 εσσε,
1267 2733 1295 2779 et

153 2800 222 2850 crdo
241 2815 274 2849 ac
290 2800 361 2850 ratio
379 2799 528 2852 ullomodo
546 2802 699 2856 turbetur¹‘.
750 2804 810 2869 ipae
821 2803 936 2854 voculae
946 2804 1023 2853 notio
1037 2809 1065 2853 et
1075 2799 1294 2850 uuiverachuiua

152 2867 284 2921 l'crmula
303 2861 335 2927 ές
351 2861 388 2920 τό
406 2865 501 2932 δέον,
520 2875 591 2934 iacta,
604 2889 697 2937 oppor-
749 2873 802 2924 loci
814 2874 885 2924 ratio
897 2873 965 2924 satia
979 2873 1075 2924 docere
1087 2868 1205 2919 videtur.
1222 2869 1295 2918 Hinc

153 2951 214 2991 tana
232 2947 355 3002 tempora,
386 2941 521 3002 cornuria,
546 2943 614 2992 eatis
645 2944 699 2994 fre·
748 2943 887 2994 Plutarch.
912 2944 940 2992 in
964 2943 1014 2991 vit.
1039 2939 1132 2992 Solon.
1155 2954 1182 3002 p.
1207 2937 1294 2988 9413.

153 3025 242 3075 quens
261 3009 371 3059 Neutro.
389 3009 431 3062 Cf.
442 3010 562 3062 Fischer.
577 3012 612 3064 ad
626 3013 698 3064 Wel-
749 3014 779 3063 C.
805 3030 829 3064 c.
856 3015 889 3063 27
913 3011 1031 3062 reddidit
1054 3000 1171 3072 τύχην.
1212 3005 1296 3056 Plura

152 3079 205 3130 ler.
223 3077 276 3140 111,
296 3077 322 3130 6.
342 3095 369 3143 p.
389 3079 450 3131 157.
480 3081 589 3147 Sauppe
606 3083 696 3147 Epist.
750 3084 828 3134 dabit
858 3081 1008 3133 Kaercher=
1039 3080 1168 3143 Beitr'age
1192 3093 1216 3126 a.
1245 3075 1293 3128 lut.

154 3149 244 3200 critic.
272 3165 299 3211 p.
327 3149 370 3200 45.
393 3155 422 3199 ct
443 3149 499 3201 vid.
522 3151 654 3204 Herodot.
673 3153 697 3213 Ι,
751 3151 908 3217 Etymolug.
929 3151 977 3202 IV.
996 3167 1023 3216 p.
1043 3151 1073 3201 ll
1094 3163 1152 3214 aeq.
1181 3147 1294 3212 Compa-

157 3217 558 3282 llt.186.11‚173.VI‚89.
581 3223 624 3274 ¹³0.
655 3222 698 3272 Ad
748 3227 793 3272 rat
816 3223 859 3271 Cr.
888 3221 997 3271 Platon.
1022 3220 1056 3270 de
1082 3219 1168 3282 Legg.
1191 3217 1240 3267 1v.
1265 3233 1291 3282 p.

153 3291 210 3340 vffm
224 3287 375 3354 particulae
389 3281 426 3352 δὴ
437 3289 629 3340 declarandam
641 3306 699 3354 par·
751 3291 803 3340 709
822 3292 858 3350 A,
884 3291 931 3354 qui
953 3295 1098 3354 postquam
1124 3287 1231 3337 dixerat
1248 3280 1295 3336 τύ-

154 3357 700 3424 tineut,quaediaaeruitHartuugLehre
751 3374 798 3422 χαι
818 3353 850 3408 δὲ
864 3355 911 3407 καλ
931 3353 1076 3421 συμφοραὶ
1093 3357 1229 3404 παντοῖαι
1249 3353 1296 3404 πέ-

155 3429 182 3484 d.
205 3427 311 3479 Partilr.
330 3429 353 3478 1.
373 3444 399 3493 p.
420 3429 482 3478 288.
751 3439 873 3475 πτουσαι
891 3425 1035 3481 παντοίως
1052 3420 1246 3486 νομοθετοῦσι
1263 3415 1297 3472 τὰ

190 3493 316 3548 τουτέων
338 3496 396 3546 τεόν
419 3488 554 3546 ἁπασέων
575 3485 702 3558 ἡμερέων
752 3486 846 3543 πάντα
873 3486 957 3558 ἡμῖν,
984 3495 1052 3544 haee
1078 3491 1160 3556 paulo
1185 3491 1296 3541 interius

153 3585 180 3618 ιι.
201 3585 225 3618 τ.
243 3566 280 3634 λ.]
298 3567 457 3618 Herodotea
475 3565 569 3632 attigit
584 3565 660 3615 Theo
673 3565 702 3614 iu
754 3563 840 3624 addit,
859 3579 929 3628 quae
952 3563 987 3612 ad
1007 3559 1142 3612 Herodoti
1162 3560 1247 3609 verba
1266 3559 1297 3608 il-

153 3640 389 3700 Progymuaamm.
415 3637 464 3686 IV.
492 3639 519 3700 §-
547 3636 591 3686 56.
616 3651 643 3698 p.
668 3633 702 3685 68
752 3631 897 3684 lustraudu
915 3633 1035 3712 apprime
1053 3629 1172 3680 iaciunt:
1192 3619 1298 3706 μόρας

153 3707 197 3759 ed.
209 3706 310 3758 Finkh.
329 3699 441 3756 τοότων
456 3707 567 3772 scripsit
579 3705 701 3768 Dictaeo,
754 3696 830 3754 εἶναι
867 3697 969 3766 σχεδον
999 3690 1136 3750 ἅπαντα
1168 3713 1207 3746 τα
1239 3691 1296 3749 όν-

153 3781 276 3843 itemque
294 3793 356 3828 mox
374 3773 545 3839 διηκοσίων,
563 3764 702 3840 ἓξακισχι-
753 3765 919 3836 θροόπινα
936 3762 1133 3836 πράγματος
1153 3767 1214 3822 coll.
1233 3771 1296 3838 Epi-

151 3847 238 3910 λέων,
259 3843 430 3909 δισμυρίωνι
450 3845 594 3912 inquibus
614 3861 701 3910 ego-a
752 3860 825 3895 nem.
850 3859 877 3907 p.
903 3840 954 3892 973
979 3842 1009 3894 C.
1046 3843 1122 3905 Quae
1145 3856 1211 3892 eane
1234 3859 1296 3894 con·

152 3917 297 3968 meliorum
314 3915 444 3966 librorum
467 3917 631 3966 auctoritate
649 3915 702 3965 dia·
753 3913 867 3964 veniunt
884 3927 945 3963 cnm
963 3913 1011 3978 iis,
1034 3928 1105 3978 quae
1127 3912 1295 3964 Artabanum

151 3987 252 4039 cedere
270 3985 354 4046 nolui,
370 3985 502 4050 probante
520 3987 702 4052 quoqueBre-
754 3985 889 4035 dicantem
920 3983 986 4034 lacit
1019 3985 1119 4036 Noster
1146 3982 1215 4044 VII,
1247 3985 1294 4036 49:

151 4057 218 4109 dcv.
239 4073 267 4121 p.
288 4055 349 4116 222,
368 4055 414 4120 qui
432 4071 458 4120 p.
480 4055 531 4105 279
548 4057 630 4106 etiam
649 4055 700 4105 nti·
751 4045 844 4116 μα’θε,
869 4041 913 4104 ότι
936 4047 969 4104 αι’
996 4047 1141 4120 συμφοραὶ
1164 4049 1221 4132 τηῑν
1244 4046 1293 4103 ἀν-

150 4129 216 4178 liter
235 4125 378 4176 admonuit
394 4123 427 4174 de
446 4125 626 4194 ordinacuo
645 4125 699 4176 eiu·
750 4116 879 4187 θρωπωυ
896 4113 1013 4190 ἄρχουσι
1028 4122 1076 4176 καλ
1093 4114 1159 4173 odel
1176 4121 1295 4184 ωνθρω-

152 4196 213 4265 guli
232 4195 339 4246 numeri
355 4194 400 4244 hic
419 4209 478 4246 aeae
497 4196 644 4261 excipiunt.
751 4209 801 4244 ποι
814 4192 871 4243 τῶν
884 4189 1061 4259 συμφορέων,
1079 4193 1126 4245 ubi
1139 4191 1195 4240 vid.
1209 4197 1294 4248 nott.;

188 4263 250 4315 πᾶν
278 4254 338 4314 έστί
365 4253 521 4326 ἅνθρωπος
553 4253 698 4330 συμφορή]
749 4269 780 4314 tu
805 4265 876 4314 coni.
902 4267 1010 4330 egregie
1040 4265 1074 4316 de
1098 4264 1150 4312 hae
1173 4265 1296 4308 veterum

153 4337 172 4390 i.
196 4352 223 4390 a.
253 4333 343 4399 „hom
372 4341 477 4402 ηνονοα
501 4343 553 4400 τοι,
576 4335 699 4402 [ortanae
749 4336 884 4388 sententia
899 4341 1078 4401 exponeutem
1096 4327 1225 4384 Luaulx.
1250 4327 1292 4376 DQ
