3086 4952
222 311 283 374 230
658 311 927 374 HERODOTI

221 487 393 574 βομένοισι
412 484 499 556 εἶναι
516 488 553 554 έν
570 490 611 576 τῇ
628 489 779 576 Μηδικῇ.
802 482 843 556 ού
861 487 974 575 μέντοι
994 489 1029 554 οἵ
1042 512 1080 573 γε
1098 482 1234 555 Σκύθαι
1251 483 1355 572 ταύτῃ

222 591 399 678 ἐσέβαλον,
428 586 513 658 ἀλλὰ
531 588 593 678 τὴν
615 588 808 682 κατύπερθε
829 585 910 661 ὁδὸν
934 593 1045 684 πολλῷ
1067 591 1276 678 μακροτέρην
1298 589 1352 656 έκ-
1432 659 1439 676 ‚

221 693 440 782 τραπόμενοι,
462 695 500 762 ἐν
520 695 611 789 δεξιῇ
631 699 761 783 ἔχοντες
783 692 820 764 τὸ
839 693 1035 764 Καυκάσιον
1057 684 1165 782 οὖρος.
1205 694 1355 762 ἐνθαῦτα

221 801 256 865 oi
270 797 333 886 plo
352 803 469 886 Μῆδοι
492 802 720 887 συμβαλόντες
735 813 820 868 τοῖσι
837 797 995 888 Σκύθησι
1017 798 1073 866 καὶ
1092 797 1296 876 ἑσσωθέντες
1313 800 1354 883 τῇ

221 899 325 990 μάχη,
345 905 403 990 τῆς
425 898 526 992 ἀρχῆς
545 901 797 992 κατελύθησαν·
820 901 1061 972 occluserat
1083 897 1144 991 τὴν
1158 896 1273 988 Ἀσίην
1289 903 1352 967 ποῖ-

155 1015 287 1076 105σαν
304 1007 453 1093 ἐπέσχον.
489 1002 668 1076 Ἐνθεῦτεν
689 1007 726 1076 dl
743 1003 843 1097 ἤϊσαν
861 1002 914 1076 ἐπ’
935 1016 1125 1094 Αἴγυπτον·
1151 1005 1207 1072 καὶ
1228 1005 1303 1072 ἐπεί
1318 1019 1397 1073 rest

221 1109 375 1196 ἐγένοντο
395 1111 433 1178 έν
451 1113 491 1198 τῇ
513 1117 721 1200 Παλαιστίνη
738 1116 865 1201 Συρίη,
890 1108 1104 1200 Ψαμμήτιχός
1122 1128 1228 1196 σφεας
1246 1105 1352 1194 Αἰχύ-

221 1307 398 1374 explicemus,
426 1309 540 1374 impedit
562 1312 658 1377 opinor
681 1311 764 1376 parti·
814 1309 885 1375 Syrii
925 1309 1111 1362 Palaestinam
1155 1310 1352 1361 inhabitarunt.

221 1377 283 1429 cula
302 1373 341 1428 δέ.
362 1381 365 1386 “
814 1381 884 1430 Nam
906 1381 1045 1446 Syriarum
1066 1382 1229 1447 vocabulum
1258 1380 1355 1432 latiore

254 1439 324 1496 ἀλλὰ
345 1439 398 1512 τὴν
415 1439 580 1512 κατύπερθε
599 1439 670 1498 ὁδὸν
695 1448 762 1498 πολ·
814 1465 896 1499 sensu
913 1467 929 1500 a
948 1451 1047 1501 Nostro
1071 1453 1210 1516 usurpari,
1236 1451 1290 1502 iam
1312 1465 1355 1502 su-

220 1515 259 1586 λῷ
277 1515 455 1598 μακροτέρην
473 1508 676 1581 ἐκτραπόμενοι
695 1533 721 1567 κ.
738 1534 762 1567 τ.
814 1535 862 1584 pra
879 1521 915 1570 ad
933 1521 955 1582 Ι,
973 1520 998 1571 0.
1016 1522 1049 1571 72
1068 1522 1232 1572 notavimus.
1260 1520 1353 1572 Palae-

220 1585 257 1652 i.]
289 1579 494 1652 ἐκτραπομενοι
524 1587 631 1637 brevius
660 1587 762 1638 dictum
814 1589 887 1638 stina
904 1595 995 1640 autem
1013 1590 1114 1641 haecce
1133 1596 1207 1642 terra
1225 1607 1257 1641 ex
1270 1592 1353 1642 Hero-

220 1657 272 1707 hoc
289 1671 383 1706 sensu:
402 1659 583 1723 „deflectentes
596 1658 630 1707 ab
644 1656 692 1707 illa
704 1657 763 1707 bre·
814 1659 873 1710 doti
890 1661 1025 1711 sententia
1042 1661 1105 1712 inde
1124 1677 1140 1711 a
1158 1662 1293 1712 Phoenice
1311 1677 1354 1712 us-

221 1727 297 1777 viore
307 1727 361 1790 via,
374 1725 508 1793 aliamque
517 1727 682 1792 superiorem
692 1743 763 1778 eam·
814 1745 866 1793 que
884 1729 920 1780 od
939 1731 1091 1796 Aegyptum
1110 1733 1243 1796 processit
1269 1730 1353 1796 (coni.

222 1813 273 1862 quc
290 1795 374 1846 multo
393 1797 542 1862 longiorem
558 1798 696 1863 inpressi.“
719 1798 763 1847 In·
812 1799 866 1862 IV,
880 1799 924 1866 30)
945 1805 972 1852 et
985 1801 1171 1866 complectitur
1185 1801 1355 1866 potissimum

221 1867 328 1918 dicatur
346 1871 436 1918 autom
455 1883 486 1918 ea
502 1867 560 1931 via,
579 1883 632 1934 qua
645 1867 764 1934 Scythae
813 1874 929 1920 tractum
949 1872 1127 1934 maritimum,
1149 1871 1255 1922 inclusa
1273 1873 1355 1923 Asca-

221 1937 282 1987 indc
303 1937 468 1988 aMaeotide
478 1938 578 2003 palude
590 1943 665 1988 recta
677 1938 763 1988 orien-
812 1939 874 1990 lone
894 1941 960 1991 urhe
983 1947 1010 1992 ot
1034 1942 1159 2006 Iudaica,
1188 1957 1258 2008 quae
1275 1957 1354 1992 voca-

221 2012 276 2058 tem
289 2009 763 2074 versusproiecti,Caucasomoute
814 2013 870 2073 tur,
896 2017 977 2060 terra.
1019 2013 1060 2062 'l'n
1087 2011 1141 2062 vid.
1167 2013 1262 2062 Ritter.
1288 2011 1355 2062 Erd-

223 2077 258 2127 ad
276 2077 398 2127 dextram
422 2079 531 2141 relicto,
560 2077 621 2128 dein
640 2079 763 2129 occiden-
813 2079 904 2130 kunde
924 2081 961 2131 II.
986 2096 1012 2144 p.
1032 2082 1092 2132 302.
1116 2080 1167 2132 301
1190 2097 1247 2146 seq.
1284 2081 1353 2132 Add.

222 2145 278 2196 tulo
296 2145 390 2212 Caspii
405 2149 487 2197 maris
505 2147 570 2198 litus
588 2148 708 2214 legentes
727 2149 763 2199 ad
815 2149 909 2199 Stork:
934 2150 1009 2199 Gaza
1031 2166 1059 2201 u.
1079 2149 1122 2200 die
1146 2149 1247 2215 philist.
1267 2153 1355 2200 Kiistc

223 2216 322 2282 Cyrum
335 2232 421 2282 usque
438 2219 466 2267 in
480 2233 554 2268 mare
566 2219 638 2268 istud
652 2219 764 2269 influen·
813 2235 840 2282 p.
853 2219 895 2269 50.
915 2217 1063 2268 Bertheau:
1083 2221 1135 2269 Zur
1148 2220 1309 2270 Geschiohte
1326 2221 1352 2270 d.

222 2291 292 2348 tem,
311 2288 484 2353 psrCaspias
503 2289 763 2353 portasinMediam
814 2286 931 2338 Israelit.
955 2303 981 2352 p.
1007 2288 1073 2350 110,
1100 2287 1146 2352 qui
1169 2293 1243 2338 recte
1262 2289 1354 2339 docuit

222 2357 384 2420 irruperunt.
433 2357 520 2419 Quam
547 2360 660 2410 eandem
691 2359 764 2409 viam
814 2356 1354 2421 h.l.ctsliis(11,106.111‚91.),Pa-

223 2431 286 2493 post
310 2427 403 2477 Hunni
426 2432 452 2477 et
476 2427 546 2478 aliae
571 2443 678 2494 quoque
701 2443 764 2494 gen·
812 2427 955 2478 laestinam
973 2441 1027 2476 non
1046 2427 1152 2478 differre
1170 2443 1187 2476 a
1203 2426 1354 2476 Philistaea

222 2503 264 2548 tes
282 2497 401 2562 ingressi
417 2497 557 2560 dicuntur,
581 2513 642 2548 cum
662 2499 690 2548 in
708 2499 765 2549 Me·
814 2499 871 2554 sive
886 2503 959 2547 terra
971 2495 1194 2558 Philistaeorum,
1212 2511 1353 2561 perquam

223 2567 296 2617 diam
313 2565 505 2634 Persidemque
522 2569 706 2631 incursarent,
731 2584 764 2619 ac
814 2567 932 2634 pedestri
954 2567 1051 2617 itinere
1073 2570 1169 2632 petunt
1192 2567 1353 2630 Aegyptum,

223 2639 369 2688 recentiori
380 2643 469 2688 aetate
482 2640 579 2690 Petrus
592 2654 706 2704 magnus
718 2639 764 2690 ille
813 2639 884 2689 hene
907 2638 994 2704 ipsam
1018 2637 1051 2687 ob
1070 2653 1180 2688 causam
1199 2639 1293 2701 opinor
1312 2651 1354 2686 oc-

222 2709 371 2758 Russorum
390 2709 535 2772 imperator
553 2708 605 2758 hac
622 2709 765 2758 viateten-
815 2713 916 2774 cupata
942 2709 976 2758 ab
1003 2707 1146 2774 Aegyptiis
1173 2707 1242 2756 duce
1261 2707 1354 2756 Psam-

223 2777 277 2838 dit,
301 2776 418 2843 litusque
440 2778 506 2830 illud
531 2783 690 2844 angustum,
719 2793 766 2843 per
815 2777 946 2841 meticho,
971 2779 1017 2844 qui
1040 2779 1123 2828 etiam
1142 2777 1258 2828 Azotum
1275 2793 1356 2842 expu-

224 2835 365 2914 quod'iter
384 2847 459 2897 ducit
478 2849 511 2898 ab
528 2862 584 2898 una
595 2853 671 2913 parte
688 2847 765 2910 mari,
817 2853 961 2914 gnaverst;
981 2847 1035 2924 vid.
1054 2848 1093 2911 11,
1115 2849 1163 2898 107
1181 2847 1272 2934 ἱλιὶηοα
1285 2851 1356 2897 nott.

222 2917 258 2968 ab
277 2917 364 2968 alters
382 2919 519 2969 montibus
542 2917 605 2967 altis
624 2917 765 2979 inclusum,
854 2910 1039 2980 Ψαμμήτιχος
1063 2930 1151 2981 σφεας
1172 2949 1207 2957 -
1223 2909 1357 2973 αντιοὶσας

224 2987 322 3039 ditioni
335 3003 401 3038 suae
413 2989 523 3040 adiecit.
550 2989 628 3038 Nunc
645 2986 702 3036 illic
719 3002 765 3036 no·
816 2977 936 3049 δώροισί
965 3000 994 3034 τε
1024 2982 1071 3034 καλ
1101 2985 1193 3050 λιτῇσι
1220 3003 1245 3036 κ.
1270 3002 1293 3037 τ.
1320 2985 1355 3052 1,]

223 3058 347 3108 bilitatao
360 3059 463 3121 fauces,
483 3058 579 3123 quibus
590 3071 687 3107 nomen
698 3058 765 3106 Der·
819 3045 1012 3134 Ψαμμήτιχος
1029 3055 1169 3119 rescripsi:
1190 3056 1245 3107 vid.
1263 3057 1298 3106 ad
1317 3057 1356 3119 11,

224 3127 297 3176 bend.
334 3125 386 3176 Sed
406 3127 439 3176 de
456 3128 497 3176 his
511 3126 634 3177 omnibus
650 3125 766 3189 plurima
816 3126 842 3173 λ.
860 3117 1016 3188 ἀποτρέπει
1033 3123 1060 3173 h.
1072 3124 1090 3176 l.
1102 3124 1219 3190 aliisque
1234 3127 1357 3177 omnibus

223 3199 352 3245 accurata
374 3194 516 3259 disputans
535 3195 692 3245 consulatur
709 3195 767 3245 uit·
816 3193 900 3254 locis,
918 3193 945 3242 in
963 3193 1060 3257 quibus
1077 3193 1145 3245 haec
1166 3196 1253 3246 forma
1276 3197 1357 3247 obvia

224 3263 419 3316 terErdlrundc
434 3265 470 3315 II.
484 3281 510 3329 p.
523 3265 571 3315 801
585 3279 702 3328 seqq.—
713 3265 766 3315 Pro
816 3264 890 3329 apud
899 3262 1075 3326 Herodotum,
1088 3265 1115 3314 in
1127 3255 1284 3328 ἀποτράπει
1301 3283 1357 3316 mu·

225 3335 299 3400 vulg.
312 3324 379 3400 ὄρος
398 3351 458 3385 cum
481 3334 567 3385 Bakk.
589 3333 705 3400 aliisque
728 3349 767 3385 re·
817 3333 929 3384 tandum
951 3332 1011 3383 vult
1035 3335 1151 3385 Bredas.
1170 3351 1197 3400 p.
1218 3335 1268 3387 145
1288 3352 1355 3400 seq.,

226 3407 323 3472 scripsi
342 3397 442 3471 ούροςχ
462 3406 498 3456 ci.
519 3403 553 3455 sd
571 3404 609 3468 II,
627 3406 653 3456 0.
815 3419 894 3470 quem
913 3403 1028 3455 Dietsch
1046 3409 1155 3456 secutus
1173 3409 1224 3456 est.
1240 3435 1275 3445 -
1301 3407 1356 3456 Me-

815 3475 894 3524 minit
909 3473 989 3524 huius
1001 3475 1161 3540 Scytharum
1178 3475 1355 3538 expeditionis

815 3543 1304 3680 usinacuunt
1321 3545 1353 3662 l·

254 3675 407 3736 Ἐνθεύτεν
422 3679 453 3734 dl
467 3674 562 3750 ἤϊσαν]
588 3683 677 3750 Vulgo
694 3669 767 3752 η’σαν
817 3701 843 3750 p.
864 3685 916 3736 400
934 3685 977 3736 ed.
995 3683 1139 3751 valleroi),
1167 3681 1237 3733 male
1264 3687 1355 3734 tamen

225 3761 273 3806 aut
291 3743 373 3819 ἦσαν.
411 3755 452 3806 ef.
476 3755 498 3816 I,
517 3755 560 3807 43.
581 3757 624 3806 02.
818 3771 877 3805 eam
894 3755 979 3805 Dario
1002 3755 1089 3806 Medis
1113 3755 1263 3820 imperante
1286 3755 1356 3806 acci-

261 3817 372 3874 ἐπείτε
397 3819 528 3890 έχὲνοντο
551 3817 580 3874 έν
600 3822 633 3890 τῇ
659 3821 764 3872 Παλαι-
817 3824 1033 3876 dissereserens.
1065 3824 1355 3878 Psammetichusvero

225 3891 305 3959 στίνη
325 3891 429 3960 Συρίη]
453 3895 494 3943 De
512 3894 668 3945 Palaestino
687 3893 765 3958 Syria
818 3910 851 3945 ex
869 3893 997 3944 Larcheri
1014 3895 1165 3946 rationibus
1184 3911 1296 3961 regnum
1315 3911 1357 3946 ce·

225 3963 348 4026 inprimis
371 3979 489 4028 compar.
513 3964 614 4024 111,5.
637 3964 706 4024 VII,
732 3963 765 4012 80
817 3965 858 4029 pit
874 3963 923 4014 071
943 3979 969 4014 a.
989 3963 1051 4015 Chr.
1071 3981 1097 4014 n.
1120 3971 1295 4030 mortuusque
1314 3971 1357 4016 est

226 4031 350 4095 aliosque
376 4031 450 4083 locos
478 4032 603 4094 lpudatos
631 4051 648 4083 a
673 4031 767 4084 Biller-
796 4034 866 4085 ’017
886 4049 912 4084 u.
932 4033 994 4084 Chr.
1013 4050 1054 4097 n.,
1078 4039 1108 4084 ut
1126 4035 1194 4086 adeo
1212 4035 1293 4086 XVII
1309 4052 1357 4086 an-

225 4101 305 4152 heck.
327 4101 354 4148 in
372 4102 445 4152 Dias.
466 4101 499 4151 de
521 4103 666 4167 quihusdd.
684 4103 766 4152 Asiae
816 4105 859 4154 nis
877 4107 940 4155 ente
961 4104 1046 4170 ipsius
1064 4109 1177 4155 mortem
1195 4106 1357 4170 Scytharum

225 4169 369 4221 Herodott.
404 4169 517 4220 difficili.
546 4187 609 4236 pag.
639 4173 665 4222 4.
713 4173 766 4234 Qut
815 4173 922 4225 invasio
939 4173 1073 4226 accidisse
1087 4175 1123 4225 sit
1132 4177 1263 4240 putanda.
1284 4175 1357 4227 Clin-

224 4241 296 4292 idsm
316 4239 431 4289 nominis
452 4255 510 4290 eam
530 4241 607 4291 affert
625 4241 765 4306 rationem,
816 4249 908 4296 tonem
931 4242 1018 4308 (Fast.
1035 4243 1184 4297 Hellenicc.
1204 4245 1227 4298 1.
1247 4264 1273 4313 p.
1291 4248 1355 4306 2143

225 4309 298 4376 quod
319 4308 479 4360 Palaestina
505 4309 600 4374 Syriae
624 4311 677 4360 init
702 4327 766 4376 pars
817 4315 852 4365 ci.
872 4313 983 4366 Fischer
993 4314 1140 4366 Zeittaieln
1159 4333 1186 4380 p.
1196 4317 1239 4368 88.
1255 4317 1315 4382 105)
1334 4317 1357 4366 si

226 4381 303 4450 eique
328 4379 465 4434 accenseri
488 4379 583 4448 solita,
613 4380 671 4432 sive
694 4382 766 4447 quod
815 4385 964 4451 sequimur,
983 4385 1207 4450 Psammetichus,
1226 4388 1273 4455 qui
1287 4391 1357 4442 teste
