3088 4944
640 317 767 380 omo.
789 319 816 380 Ι.
839 325 900 384 188.

1275 319 1338 382 375

203 492 336 586 serisso,
358 490 475 579 ἔχοντα
493 519 529 561 τε
543 497 603 562 τοῦ
617 491 739 584 πατρὸς
752 499 814 564 τοῦ
833 495 961 566 ἑαυτοῦ
975 489 1122 583 τοῦνομα
1133 493 1337 586 Λαβυνήτου

204 598 259 666 ναὶ
275 593 338 686 τὴν
354 593 540 684 Ἀσσυρίων
559 592 674 684 ἀρχήν.
708 597 933 686 Στρατεύεται
955 597 993 666 dl
1008 595 1050 687 δὴ
1065 596 1223 686 βασιλεὺς
1240 595 1258 670 ὁ
1275 598 1335 688 μὲ-

205 728 264 788 yos
278 701 333 770 καὶ
347 705 481 768 σιτίοισι
496 689 534 768 εὖ
549 695 791 791 ἐσκευασμένος
811 700 844 786 ἐξ
858 713 953 772 οίκου
967 704 1023 771 καὶ
1036 701 1250 792 προβάτοισι·
1279 705 1336 774 καί

332 933 399 985 Car.
418 934 618 986 CLXXXVIII.

238 1031 365 1104 τοῦνομα
383 1030 564 1105 Λαβυνήτου]
583 1039 672 1106 Magis
691 1040 745 1090 usi-

203 1116 290 1163 tatum
307 1109 416 1175 quidem
433 1124 494 1160 esse
512 1105 640 1172 τοῦνομα
653 1107 744 1177 Λαβυ-

203 1173 316 1246 νήτου,
338 1179 387 1232 sed
404 1178 530 1230 retulisse
555 1179 641 1230 videri
659 1181 746 1232 Hero·

203 1253 296 1302 dotum
323 1249 473 1315 genitivum
499 1249 533 1300 ad
557 1245 609 1298 τοῦ
637 1242 744 1314 πατρὸς

202 1319 254 1372 τοῦ
276 1313 384 1370 ἑαυτοῦ
405 1325 497 1370 monet
518 1317 660 1370 Matthiae.
701 1321 743 1370 De

202 1395 363 1457 argumento
382 1388 435 1439 loci
454 1389 653 1454 disputavimus
671 1389 744 1452 adl,

205 1461 254 1513 185
272 1460 333 1510 init.
368 1458 429 1510 Hoc
447 1457 507 1510 loco
525 1458 591 1509 illud
610 1459 744 1522 addimus,

205 1530 331 1596 caopneu
351 1544 463 1590 nomen,
488 1529 594 1593 quoda
615 1529 747 1582 Nabouedi

203 1601 310 1651 nomine
328 1599 401 1649 haud
419 1598 556 1650 diversum
571 1599 681 1665 quidam
698 1615 746 1650 ro·

202 1670 271 1732 lunt,
287 1667 374 1720 videri
387 1667 496 1718 titulum
510 1669 602 1733 potius
614 1670 745 1732 indicare,

204 1755 284 1806 quam
306 1740 395 1803 ipsum
418 1739 491 1803 regis
515 1754 626 1800 nomem
657 1740 746 1790 cuius-

203 1810 275 1862 modi
290 1808 367 1870 ‚tituli
384 1808 456 1872 opud
467 1807 536 1858 alias
553 1809 665 1859 orientis
683 1825 747 1874 geu·

203 1885 245 1932 tes
266 1879 446 1944 reperiuntur.
483 1877 546 1928 Sed.
569 1879 626 1930 vid.
651 1879 674 1940 1,
701 1881 744 1929 77.

103 1955 109 1965 “
203 1953 237 2002 74
264 1949 355 2014 ibique
389 1951 459 1998 nott.
507 1947 586 2000 Unde
613 1949 745 2014 seqnitur,

204 2037 265 2072 enm
287 2017 456 2083 Babyloniae
481 2033 586 2083 regem,
615 2034 694 2084 quem
717 2019 744 2068 h.

202 2091 222 2141 l.
244 2089 397 2154 Luhpnetum
409 2088 508 2138 Noster
520 2091 617 2150 vocat,
635 2104 689 2140 non
707 2089 747 2138 di-

203 2173 312 2209 versum
335 2157 421 2207 videri
439 2157 473 2207 ab
492 2174 538 2220 eo,
561 2174 640 2223 quem
662 2158 745 2223 vulgo

207 2229 379 2280 Nohouudirmr
391 2226 539 2291 appellant,
558 2227 681 2278 ultimum
694 2230 747 2279 Ba-

204 2297 333 2364 byloniae
350 2312 451 2360 rogem.
480 2297 523 2348 Gi.
538 2298 633 2348 Berosi
646 2298 744 2363 fragm.

204 2385 231 2434 p.
251 2369 285 2420 68
307 2367 341 2418 cd
361 2366 453 2417 Richt.
476 2367 633 2418 Herodotus
655 2367 745 2432 Laby-

203 2443 296 2490 netum
330 2436 402 2487 hunc
435 2436 584 2488 Nitocridis
617 2436 744 2502 (indeque

203 2509 286 2560 etiam
309 2505 558 2572 Nebuoadnesaris)
581 2506 679 2570 filium,
708 2507 744 2558 ad

204 2596 283 2645 quern
306 2577 447 2642 imperium
472 2577 531 2628 iure
554 2575 677 2643 legitimo
704 2581 745 2628 st·

204 2665 256 2715 que
274 2647 437 2700 hereditario
448 2646 600 2710 transierit,
617 2646 745 2712 appellat,

204 2721 237 2771 de
260 2715 485 2770 Evilmerodacho
507 2732 619 2782 prorsus
641 2721 744 2780 locens,

203 2805 283 2856 quem
303 2787 385 2852 vulgo
409 2792 514 2852 ponunt
534 2787 746 2838 Nebucadnena·

202 2862 241 2910 ris
260 2864 287 2910 et
309 2851 445 2910 lilium⁸et
465 2872 648 2908 successorem
672 2873 744 2908 auno

203 2930 251 2982 561
278 2945 303 2980 a.
323 2928 372 2979 Ch.
391 2943 431 2991 n.,
453 2943 541 2992 neque
560 2928 746 2993 Neriplisuram

203 3013 429 3060 commemorans,
451 2997 669 3048 Evilmerodechi
686 2999 744 3048 sive

202 3071 286 3122 lilium
314 3085 336 3120 s.
361 3066 485 3131 affinem,
517 3068 563 3132 qui
594 3083 665 3118 anno
692 3067 744 3120 559

201 3157 285 3208 regno
303 3139 406 3206 potitus
428 3141 483 3200 est,
506 3153 591 3203 neque
616 3137 744 3188 Ludosso-

201 3227 300 3272 roomo,
329 3209 377 3274 qui
399 3206 470 3257 lilius
492 3206 655 3272 Neriglisari
677 3223 744 3272 puer

201 3297 296 3332 novem
309 3293 483 3345 permenses,
501 3277 645 3328 interiecto
655 3281 742 3342 patre,

200 3367 312 3416 regnum
335 3347 423 3399 tenuit
445 3349 497 3399 555
514 3364 540 3398 a.
561 3347 611 3398 ch.
630 3363 668 3410 n.,
689 3363 743 3412 quo

199 3423 258 3487 ipso
278 3435 349 3471 anno
360 3418 521 3482 Labynetns
531 3433 554 3469 s.
565 3417 742 3468 Nabonadins

200 3491 321 3556 suscepit
338 3503 466 3553 regnum,
486 3503 565 3553 quem
577 3488 664 3552 ipsum
676 3486 742 3552 quid

198 3561 345 3627 impediat,
363 3573 415 3624 quo
428 3557 516 3608 minus
529 3559 553 3608 N
556 3557 742 3607 ehucadnenu·

198 3632 236 3682 ris
259 3631 343 3681 lilium
372 3643 487 3692 eumque
514 3627 645 3677 minorem
673 3631 741 3676 natu

197 3701 347 3752 habeamus
382 3697 498 3762 indeque
522 3695 741 3747 Erilmerodechi

198 3773 309 3822 fratrem
319 3768 527 3830 constituamus,
541 3766 608 3816 nihil
617 3766 740 3826 inveni03

198 3857 286 3906 neque
304 3840 348 3890 bic
362 3837 520 3901 Labynetus
535 3835 639 3886 differet
650 3836 686 3886 cb
698 3851 739 3899 eo,

198 3927 278 3977 quem
287 3909 479 3960 Balthasarum
487 3911 570 3956 vocat
584 3920 663 3956 sacra
676 3906 740 3956 scri-

172 4024 174 4028 .
197 3986 289 4046 ptura.
324 3980 423 4041 Itaque
440 3975 580 4027 Herodoto
602 3991 653 4025 sua
676 3991 739 4025 con·

198 4049 284 4100 stabit
307 4045 470 4108 auctoritas,
501 4046 547 4111 qui
571 4044 644 4111 quod
668 4046 740 4096 hunc

198 4119 369 4184 Labynetum
382 4115 555 4180 Assyriorum
572 4129 680 4180 quoque
692 4115 741 4164 im-

198 4189 302 4254 perium
321 4186 443 4239 tenuisse
461 4185 541 4248 dicit,
560 4191 664 4250 perlem
681 4189 741 4235 tan·

199 4263 256 4308 tum
274 4257 352 4324 regni
364 4255 505 4321 Assyriaci
515 4255 681 4306 intellexisse
693 4271 740 4320 pu-

199 4329 299 4380 tandus
318 4327 382 4388 erit,
401 4325 478 4376 cuius
496 4325 610 4377 alteram
628 4340 740 4390 eamque

200 4397 328 4452 maium
346 4399 453 4466 partem
470 4396 560 4463 Medi,
585 4399 740 4466 expugnata

797 903 877 964 Nino,
889 902 1074 956 obtinuerant:
1093 904 1148 955 vid.
1161 904 1183 966 1,
1200 905 1259 958 106.
1295 906 1338 958 De

796 971 928 1023 Nabouido
937 971 972 1039 (s.
986 971 1129 1037 Imdpneto)
1143 974 1197 1025 vid.
1210 975 1242 1027 L.
1256 975 1338 1028 Geor·

796 1043 835 1107 gii
853 1043 882 1092 ln
899 1041 1000 1107 Pauly:
1022 1043 1231 1109 Reslsncyelop.
1255 1046 1288 1096 V.
1308 1061 1336 1111 p.

796 1111 847 1163 385
866 1127 924 1177 seq.
947 1111 1009 1162 coll.
1032 1114 1093 1164 514.
1116 1119 1144 1164 et
1161 1115 1234 1166 conf.
1258 1115 1338 1166 Vaux

795 1181 916 1234 Nineveh
935 1181 990 1232 and
1004 1182 1142 1248 Persepol.
1155 1199 1182 1248 p.
1194 1181 1237 1234 36.
1258 1183 1338 1236 Gum-

794 1251 865 1317 pech
882 1251 901 1303 l.
915 1251 933 1302 l.
954 1267 980 1316 p.
994 1252 1045 1304 120
1059 1268 1117 1318 seq.
1136 1253 1195 1304 162.
1231 1253 1271 1303 Ac
1290 1269 1338 1305 nu·

796 1337 843 1387 per
866 1322 909 1372 vir
930 1321 1027 1372 doctus
1057 1337 1090 1373 cx
1116 1322 1338 1387 inscriptionibus

796 1393 919 1443 cuneolis
947 1391 1057 1442 nomina
1083 1396 1112 1443 et
1147 1391 1284 1443 Nabonidi
1312 1398 1339 1444 et

795 1460 984 1512 Belshar-ezer
1001 1459 1058 1527 (qui
1075 1466 1117 1513 est
1135 1461 1281 1513 Baithasar
1297 1478 1339 1513 sa·

796 1547 858 1584 crae
867 1532 1025 1596 scripturae,
1038 1537 1065 1583 et
1072 1533 1118 1597 qui
1123 1533 1148 1584 N
1150 1531 1261 1584 abonidi
1267 1532 1338 1584 filius

795 1601 961 1667 perhibetur)
986 1602 1040 1652 sibi
1062 1603 1199 1654 detexisse
1216 1603 1337 1654 videtur:

796 1671 829 1722 ds
848 1687 902 1736 quo
921 1671 957 1722 cl.
976 1673 1103 1738 Literary
1121 1671 1236 1724 Gazette
1259 1673 1337 1726 1854.

797 1757 838 1792 nr.
856 1741 933 1792 1941.
948 1757 975 1806 p.
994 1742 1055 1794 ³0³.

831 1802 1010 1876 στρατεύεται
1036 1804 1068 1860 dt
1096 1800 1133 1875 dri
1164 1802 1294 1877 βασιλεὺς
1321 1803 1336 1862 ὁ

795 1877 881 1946 μέγας
898 1895 923 1930 ιι.
938 1897 961 1930 τ.
979 1879 1016 1948 1.]
1033 1882 1178 1932 Persarum
1195 1896 1287 1946 regem
1304 1883 1336 1948 (1.

797 1967 821 2001 e.
844 1966 957 2015 mapsam
978 1949 1072 2016 repeat)
1092 1951 1202 2016 optimis
1228 1951 1338 2016 quibus-

797 2035 849 2086 que
875 2020 944 2070 cibis
973 2035 1007 2070 ac
1029 2020 1186 2086 potionibus
1209 2036 1243 2070 ex
1265 2022 1339 2070 omni

795 2089 874 2155 regni
896 2090 939 2140 sui
960 2091 1063 2140 ambitu
1089 2091 1250 2156 conquisitus
1274 2091 1337 2153 Irni,

795 2161 830 2210 ab
842 2159 1013 2210 orientalium
1028 2160 1180 2226 principum
1194 2175 1269 2210 mors
1283 2175 1338 2212 nou

795 2229 932 2282 abhorret.
980 2231 1022 2280 De
1051 2231 1196 2280 Persarum
1226 2229 1336 2294 regibus

795 2299 880 2350 multo
899 2302 1008 2350 exstant
1025 2300 1194 2362 testimonia,
1219 2299 1336 2350 collecta

795 2385 812 2420 a
829 2369 970 2420 BrissonIo
993 2369 1026 2420 de
1049 2385 1106 2436 reg.
1132 2371 1240 2420 Pereat.
1264 2370 1336 2435 priu-

795 2439 883 2504 cipi,
897 2438 940 2491 87.
960 2439 1030 2492 Add.
1050 2441 1167 2492 Heeren.
1186 2439 1269 2490 ldeon
1282 2445 1335 2492 etc.

792 2510 816 2573 1,
829 2510 852 2560 1.
864 2525 927 2575 pag.
938 2511 999 2560 474.
1035 2511 1134 2576 ltaque
1147 2525 1208 2560 cum
1220 2515 1334 2562 receutt.

796 2579 857 2632 edd.
875 2595 923 2644 pro
941 2565 972 2628 εὖ
990 2569 1216 2644 ἐσκευασμένοισι
1240 2580 1337 2630 resori-
1403 2587 1409 2598 ·

796 2650 839 2716 psi
868 2637 900 2699 εὖ
929 2638 1142 2714 ἐσκευασμένος,
1171 2649 1243 2715 quod
1272 2649 1336 2700 olim

793 2719 839 2770 hic
868 2719 1024 2786 requirebat
1053 2719 1335 2784 Schweighaeuserus,

795 2805 856 2840 cum
879 2789 1035 2840 Herodotus
1057 2788 1183 2854 loquatur
1206 2789 1239 2838 de
1261 2804 1334 2854 rege,

795 2860 841 2925 qni
858 2875 906 2924 pro
919 2873 992 2910 more
1015 2859 1043 2908 in
1068 2857 1167 2908 ballum
1186 2857 1335 2920 proficisci-

795 2935 851 2992 tur,
869 2930 936 2979 bene
954 2929 1103 2978 instructus
1119 2927 1243 2976 omuibus
1254 2927 1335 2978 rebus

795 2999 830 3049 ad
854 2999 956 3048 victum
979 2995 1155 3058 necessariis,
1179 2995 1249 3046 cibis
1272 2995 1335 3046 lari-
1361 2991 1385 3038 τ’

794 3069 887 3120 naccis
911 3083 934 3118 s.
959 3082 1029 3131 pane
1046 3063 1187 3130 (σιτίοισι)
1205 3069 1233 3116 et
1253 3079 1335 3130 poeu-
1430 3061 1439 3078 ⁸

793 3139 872 3188 dibus
892 3127 1095 3203 (προβάτοισι).
1135 3129 1263 3202 πρόβατα
1281 3150 1334 3201 quo

794 3223 877 3258 sensu
894 3206 968 3257 dieat
985 3205 1098 3269 Noster,
1122 3204 1238 3257 vidimus
1257 3204 1293 3256 ad
1311 3205 1333 3270 1,

794 3277 853 3330 133.
876 3307 912 3316 -
934 3276 966 3326 In
989 3276 1037 3338 iis,
1060 3289 1130 3340 quae
1152 3275 1186 3327 ds
1212 3275 1335 3339 choaspis

793 3363 864 3414 aqua
893 3343 988 3397 retulit
1017 3346 1132 3405 Noster,
1160 3345 1335 3397 consentiunt

792 3418 853 3480 alii,
872 3416 995 3482 inprimis
1013 3413 1135 3477 Ctesias,
1152 3415 1200 3466 ubi
1220 3414 1334 3477 consul„

791 3503 860 3554 quae
879 3486 974 3537 notari
998 3501 1061 3551 pag.
1084 3483 1135 3536 286
1160 3499 1217 3550 seq.
1253 3484 1335 3536 Nam-

792 3575 844 3625 que
856 3558 1018 3608 Hammerns
1036 3554 1131 3606 scribit
1144 3555 1189 3606 vel
1200 3553 1333 3618 hodieque

791 3629 981 3678 intemeratam
1009 3623 1173 3676 remansisse
1184 3623 1333 3689 egregiam

791 3698 871 3749 huius
889 3712 979 3763 equae
998 3695 1066 3757 vim,
1087 3709 1157 3759 quae
1180 3691 1333 3758 subfrIgidc

791 3766 912 3834 quidem,
941 3763 1022 3816 lacile
1043 3769 1135 3814 tamen
1158 3764 1234 3815 cibos
1258 3778 1333 3828 prae·

791 3843 845 3888 stet
872 3841 965 3886 coetos
991 3851 1042 3885 nec
1069 3833 1153 3884 ullum
1181 3832 1333 3884 fruentibus

791 3907 877 3958 faciat
893 3905 1054 3967 molestiam,
1074 3919 1134 3954 cum
1152 3904 1187 3954 ad
1204 3903 1278 3970 ipsos
1296 3901 1334 3952 ci-

790 3977 840 4027 hos
859 3973 1066 4040 consequendos
1088 3989 1217 4040 perquem
1235 3974 1271 4024 sit
1288 3987 1333 4022 ec-

791 4046 973 4097 commodata.
1011 4044 1064 4106 Qui
1086 4045 1158 4095 idem
1182 4043 1333 4108 choaspem

791 4115 932 4168 contendit
944 4113 1058 4165 eundern
1067 4129 1127 4165 esse
1138 4119 1222 4180 atque
1227 4113 1334 4164 Elaeam

791 4187 849 4237 slve
867 4183 988 4236 Ετιίατιοα
1011 4184 1135 4247 flurium,
1161 4185 1238 4235 cuins
1259 4182 1333 4249 apud
1398 4227 1414 4242 ,.

790 4256 922 4317 Plinium,
938 4253 1082 4305 Arriannm
1099 4254 1138 4318 (in
1154 4253 1260 4320 Exped.
1271 4253 1332 4305 Ale·
1402 4255 1405 4264 '

790 4326 887 4376 xandr.
904 4325 968 4388 VII,
988 4323 1026 4390 7.)
1044 4324 1093 4376 fiat
1105 4325 1215 4388 mentio,
1234 4323 1333 4389 cuique

790 4411 862 4449 nuuc
886 4409 985 4448 nomen
1003 4394 1102 4448 Ιίιταίι.
1139 4396 1182 4448 Tu
1206 4394 1262 4446 vid.
1285 4409 1333 4461 po·
