3032 4916
249 297 312 362 662
682 295 951 358 HERODO'I'I

250 477 392 546 λέσαντα
406 475 462 543 καὶ
477 471 561 563 πρὸς
574 469 666 567 αύτῷ
683 468 761 552 τούς
775 477 906 556 παῖδας,
921 474 1098 560 περινῆσαι
1114 471 1244 550 ἔξωθεν
1258 463 1319 555 τῆν
1332 473 1382 536 cl-

250 586 328 667 κίην
347 575 430 669 ὕλῃ,
458 575 683 668 περινήσαντα
710 576 747 646 δὲ
768 571 971 666 ὑποπρῆσαι.
1025 569 1084 642 τὸν
1110 571 1165 654 bl,
1193 567 1238 651 ὦς
1259 581 1384 660 μαθεῖν
1487 657 1488 660 ¹

251 687 364 768 τούτο,
391 679 511 751 αὐτίκα
533 679 828 770 συμβουλεύεσθαι
848 685 889 770 τῆ
906 684 1058 768 γυναικί·
1113 676 1168 744 καί
1184 673 1249 764 γὰρ
1264 673 1306 763 δὴ
1327 677 1383 744 καὶ

251 784 314 876 τῆν
334 801 480 874 γυναῖκα
501 781 606 855 αὐτὸν
632 781 699 874 ἅμα
720 782 873 872 ἄγεσθαι.
925 780 989 871 τῆν
1007 782 1047 850 δέ
1068 784 1102 849 οί
1120 784 1382 868 συμβουλεῦσαι,

251 896 319 974 τῶν
333 895 466 959 παίδων
477 887 602 959 ἐόντων
616 891 648 972 ἓξ
661 885 739 969 τούς
753 885 815 957 δύο
829 889 884 956 ἐπὶ
898 884 960 975 τῆν
974 881 1087 975 πυρὴν
1101 885 1309 964 ἐκτείναντα,
1324 911 1380 970 γε·

180 997 190 1018 ’
253 998 409 1083 φυρωσαι
432 990 469 1062 τὸ
490 991 684 1082 καιόμενον,
710 988 833 1071 αύτούς
854 987 885 1060 d’
909 987 963 1059 ἐπ’
990 991 1130 1058 ἐκείνων
1149 991 1382 1074 ἐπιβαίνοντας

253 1095 466 1180 ἐκσώζεσθαι.
520 1103 624 1165 ταυτα
644 1101 779 1186 ποιῆσαι
804 1091 864 1164 τὸν
885 1095 1095 1182 Σέσωστριν·
1149 1091 1204 1160 καὶ
1231 1088 1294 1159 δύο
1319 1091 1382 1179 μέν

253 1205 321 1270 τῶν
334 1206 467 1270 παίδων
482 1204 686 1288 κατακαῆναι
700 1199 813 1292 τρόπῳ
827 1197 984 1290 τοιούτῳ,
1007 1193 1086 1275 τούς
1099 1193 1136 1264 δὲ
1151 1192 1288 1275 λοιπούς
1298 1191 1379 1264 ἀπο-

189 1305 246 1369 ¹08
254 1307 406 1396 σωθῆναι
420 1299 487 1392 ἅμα
500 1308 547 1398 τῷ
561 1311 672 1393 πατρί.
714 1300 890 1392 Νοστῆσας
910 1301 947 1372 dl
961 1295 979 1371 ὁ
994 1301 1184 1388 Σέσωστρις
1197 1301 1230 1379 ές
1244 1295 1306 1388 τῆν
1320 1307 1378 1367 Αί-

252 1433 382 1496 γυπτον
398 1409 454 1476 καί
467 1408 642 1496 τισάμενος
660 1405 720 1477 τὸν
732 1401 918 1495 ἀδελφεὸν,
940 1408 986 1500 τῷ
999 1404 1061 1492 μὲν
1077 1397 1199 1496 ὁμίλῳ,
1221 1399 1281 1472 τὸν
1300 1405 1377 1490 ἐπη-

252 1510 389 1600 γάγετο,
409 1509 553 1593 τῶντὰς
572 1509 681 1600 χώρας
698 1511 957 1598 κατεστρέψατο,
979 1506 1086 1601 τούτῳ
1107 1507 1169 1596 μὲν
1186 1505 1266 1577 τάδε
1284 1505 1377 1596 ἐχρῆ-

251 1635 342 1684 σατο.
393 1613 472 1696 τούς
486 1617 524 1685 τί
537 1620 571 1685 oi
582 1621 721 1699 λίθους,
741 1611 820 1694 τούς
833 1615 888 1683 ἐπὶ
901 1611 1022 1682 τούτου
1039 1615 1100 1681 τοῦ
1118 1613 1272 1700 βασιλέος
1286 1637 1378 1700 κομι-

251 1802 300 1839 νια
324 1787 407 1854 vulgc
431 1793 495 1840 sunt
516 1788 695 1854 hospitalitatis
716 1788 791 1851 dena,
843 1784 924 1836 medii
962 1785 1038 1837 verbi
1076 1777 1380 1853 συμβουλεύεσθαι

251 1873 371 1920 munere,
389 1873 459 1924 quae
474 1859 627 1926 hospitibus
646 1859 794 1910 offeruntur
843 1853 962 1920 (concilia
995 1858 1108 1921 opilare,
1146 1857 1316 1919 deliberare),
1353 1861 1383 1907 st

252 1941 285 1979 sc
303 1929 477 1994 praebentur.
513 1929 592 1980 Ocni.
612 1923 681 1996 qu'sc
701 1928 792 1978 monui
843 1926 928 1976 activi
958 1919 1208 1994 συμβουλεύειν
1240 1927 1383 1991 (sensilium

252 1997 287 2048 sd
305 1997 443 2050 Plutarch.
466 1997 602 2050 Alcibiad.
626 2015 653 2065 p.
673 1999 740 2060 216,
765 2003 793 2048 et
843 1997 921 2059 dare,
947 1997 1098 2060 ιοιιιιιλενε).
1143 1995 1221 2048 Cous.
1249 1995 1382 2058 Herodol.

252 2061 314 2124 edd.
333 2067 435 2119 Herod.
461 2069 516 2132 lv,
539 2070 598 2121 154.
615 2069 655 2134 V,
676 2069 708 2119 18
725 2068 791 2134 ibiq.
843 2065 865 2130 1,
883 2063 923 2116 19.
943 2065 1009 2128 VII,
1027 2065 1088 2118 2³5.

251 2137 343 2188 lundd.
362 2137 460 2188 Ieecbs
479 2138 513 2188 ed
523 2138 629 2189 Aelian.
639 2139 674 2190 N.
685 2138 718 2188 A.
731 2137 753 2198 Ι,
765 2139 792 2188 2.
877 2127 945 2192 τούς
962 2127 1015 2185 δύο
1042 2126 1088 2185 ἐπί
1106 2127 1159 2201 τῆν
1178 2127 1274 2200 πυρῆν
1297 2125 1384 2185 ἐκτεί-

252 2207 388 2257 lnvitarat
414 2207 519 2258 scilicet
544 2207 629 2258 frater
654 2207 791 2258 Sesostrin
842 2203 939 2271 ναντα]
958 2206 976 2256 i.
990 2221 1013 2256 e.
1030 2205 1126 2256 duobus
1141 2221 1218 2269 super
1233 2221 1323 2272 pyram
1336 2223 1386 2256 ex-

251 2275 287 2326 ed
305 2277 404 2326 testum
417 2277 556 2327 redeuntis
571 2277 599 2326 in
611 2277 740 2326 honorem
752 2276 791 2325 in-
841 2277 918 2325 tensis
947 2283 1046 2338 pontem
1077 2277 1150 2341 quasi
1178 2283 1278 2326 rtrum
1304 2293 1387 2340 super

251 2345 389 2406 stitutum,
413 2347 492 2410 qussi
515 2345 650 2411 hospitale
672 2345 790 2410 epulum,
841 2347 970 2395 materiam
993 2346 1130 2399 ardentem.
1173 2345 1215 2395 De
1236 2361 1289 2410 quo
1308 2351 1387 2396 tacet

251 2429 304 2480 quo
328 2413 451 2478 hospites
474 2414 556 2480 vulgo
579 2415 666 2481 excipi
691 2415 789 2466 solent.
840 2413 991 2478 Diodorus,
1022 2415 1069 2481 qui
1092 2429 1184 2480 regem
1212 2420 1305 2466 namet
1334 2432 1385 2480 pro

250 2483 323 2533 Hinc
354 2484 491 2534 Diodorus
520 2483 539 2534 l.
571 2483 590 2535 l.
618 2484 788 2551 simpliciter:
841 2483 928 2534 salute
952 2486 1043 2535 uxoris
1067 2491 1094 2535 ct
1113 2484 1228 2535 filiorum
1246 2491 1311 2535 vols
1329 2487 1386 2536 diis

250 2545 350 2602 ἕστιιόν
371 2543 462 2602 αύιὸν
485 2544 501 2602 ὁ
521 2544 644 2617 ἀδελφὸς
667 2569 692 2604 ιι.
720 2570 744 2604 τ.
763 2553 787 2606 λ.
840 2555 1031 2620 suscipientem
1051 2555 1091 2605 ita
1108 2555 1244 2618 evasisse,
1267 2556 1388 2622 indeque

249 2621 291 2672 Ad
309 2626 474 2672 structuram
491 2623 575 2672 totius
591 2623 791 2690 lociprcnomi·
842 2625 924 2675 etiam
952 2629 1050 2690 postea
1074 2625 1139 2676 deos
1168 2629 1226 2674 turn
1253 2625 1385 2691 reliquos,

250 2692 789 2829 23:³33?,tilelftirftltttlt
840 2693 1386 2830 ittlltrlhrlhtlistritt

249 2831 328 2882 initio
348 2831 447 2897 cepitis
470 2831 610 2898 leguntur,
634 2849 694 2886 esse
717 2835 790 2885 obie·
841 2835 951 2898 fuisset,
971 2833 1090 2886 donariis
1107 2834 1266 2887 honorasse.

250 2901 288 2952 cti
299 2903 494 2966 accusativum,
508 2903 554 2968 qui
565 2902 692 2970 pendete
705 2905 788 2956 verbo

249 2963 406 3021 καλέσαντα
424 2977 451 3023 et
465 2973 597 3037 repetitur
609 2987 677 3025 voce
690 2965 788 3038 αύτόν,
1015 2969 1076 3059 cn'
1101 3007 1195 3058 cvm

249 3041 322 3107 qued
333 3057 464 3108 aequeac
480 3057 594 3108 sequens
608 3034 686 3112 αύτῷ
697 3045 731 3094 ad
744 3045 790 3096 Se·
982 3101 989 3120 ,
1070 3043 1082 3120 Ι·
1197 3043 1204 3058 ’
1284 3101 1291 3118 Ι

249 3109 392 3162 sostridem
415 3113 549 3178 pertinere
570 3127 648 3163 nemo
670 3129 725 3165 non
750 3115 789 3164 vi-
874 3106 931 3159 τῶν
960 3125 1010 3167 ται
1037 3125 1130 3175 zecue
1157 3111 1386 3178 κατεστοενατο]

249 3181 308 3240 det;
332 3178 437 3231 τοῦτον
458 3173 516 3246 (ἐπί
540 3178 630 3244 ξείνια
651 3197 677 3232 κ.
701 3197 724 3232 r.
749 3181 787 3245 λ.)
838 3181 915 3231 Haec
932 3179 1015 3230 verbe
1028 3179 1209 3245 Wesselingio
1228 3181 1389 3232 etVelclre-

248 3265 312 3300 vero
332 3255 455 3316 spectsre
472 3252 507 3303 ed
524 3245 575 3300 τὸν
591 3242 732 3316 ἀδελφεὸν
748 3253 789 3303 id·
839 3250 915 3301 nerio
942 3265 975 3300 ex
1004 3265 1064 3316 cap.
1088 3250 1274 3300 antecedentis
1300 3251 1387 3304 initio

248 3333 301 3385 que
324 3319 358 3370 cb
380 3321 464 3372 verbe
489 3322 634 3372 interiecta
657 3327 788 3388 repetere,
839 3318 1160 3384 bucalectorerepetits
1171 3319 1306 3372 videntur.
1326 3323 1388 3374 Sed

247 3393 376 3455 tanquam
394 3391 511 3442 subiecti
528 3391 730 3454 accusativum,
754 3393 789 3443 ad
838 3393 1026 3455 praeterquam
1038 3389 1299 3455 quodcodd.omnes
1312 3391 1388 3444 haec

248 3472 327 3525 quern
344 3459 374 3510 in
391 3475 466 3528 seqq.
484 3460 654 3512 referendum
673 3453 788 3526 περινῆ-
838 3459 922 3509 verbe
932 3458 1052 3509 hocloco
1062 3459 1198 3522 exhibent,
1211 3459 1303 3510 obstet
1314 3477 1387 3526 quo-

248 3542 345 3579 σαντα.
839 3543 891 3594 qne
901 3527 1034 3580 Herodoti
1052 3529 1140 3580 oratio
1151 3531 1287 3596 eopiosior
1298 3537 1386 3597 atque

284 3596 436 3665 περινῆσαι
466 3592 576 3659 ἔξωθεν
608 3589 661 3662 τῆν
692 3592 788 3662 οίκίῆν
838 3597 955 3649 uberior.

245 3656 311 3736 ύλῃ]
335 3669 436 3734 Scripsi
459 3665 610 3732 περινῆσαι
634 3665 693 3733 (pre
711 3681 788 3731 περι·
872 3659 962 3734 τούτῳ
975 3660 1027 3732 μὲν
1042 3657 1284 3733 τύδεέχρῆσατο]
1299 3669 1386 3722 (lons.

247 3737 361 3804 νηῆσαι)
386 3743 413 3788 et
439 3753 500 3788 mcx
522 3728 714 3802 περινήσαντα
737 3753 786 3802 pro
838 3737 880 3801 11,
899 3739 933 3788 ild
952 3737 1017 3802 ibiq.
1036 3742 1107 3788 nott.
1121 3767 1156 3776 —
1176 3737 1219 3788 Ad
1239 3753 1387 3804 argumen-

247 3799 472 3872 nsprqu'coevrc3
492 3807 547 3858 vid.
566 3811 636 3858 nott.
655 3807 690 3857 ad
704 3807 726 3868 1,
742 3808 786 3859 50.
837 3813 894 3858 tum
911 3808 982 3858 conf.
1002 3807 1115 3858 Diodor.
1134 3808 1163 3870 1,
1181 3807 1227 3871 56,
1246 3808 1387 3874 simulque

246 3877 288 3927 Ad
306 3881 469 3928 structuram
488 3876 560 3928 coni.
578 3876 787 3940 HerchLSO
837 3876 1004 3928 consulenda
1026 3891 1071 3939 ea,
1097 3877 1214 3942 quaein
1238 3878 1305 3943 ipsIs
1324 3895 1387 3931 mo·

247 3945 308 4012 (ubi
327 3939 468 4010 περινέειν
485 3936 565 4014 sitq),
580 3948 630 4081 ῆιιί
648 3946 719 3996 idem
739 3947 786 4011 IV,
838 3947 973 3996 sumentis
991 3963 1008 3996 a
1019 3947 1172 3997 Sesostride
1189 3948 1287 3998 erectis
1306 3949 1386 4000 exhi-

247 4014 298 4065 164
320 4013 389 4065 dixit
406 4005 479 4080 ύλῆν
495 4031 579 4078 περιν
600 4031 659 4074 σας.
837 4015 948 4078 ουσιαι,
973 4016 1001 4065 in
1025 4017 1123 4081 quibus
1146 4015 1268 4068 videmus
1292 4021 1385 4084 capti-

280 4075 331 4132 rdv
343 4077 375 4133 cl
393 4076 431 4142 ὥς
447 4084 565 4150 μαθεῖν]
585 4078 636 4136 τὸν
646 4079 678 4135 di
692 4085 727 4136 ad
739 4084 786 4136 Se·
837 4100 886 4134 vos
904 4085 1025 4135 homines
1042 4101 1057 4136 e
1076 4087 1161 4138 variis
1179 4087 1259 4137 terris
1278 4103 1295 4138 a
1314 4105 1385 4156 rege

245 4153 339 4202 roseria
361 4154 446 4216 refer,
470 4156 529 4220 qui,
555 4171 616 4206 cum
638 4155 753 4205 insidias
770 4169 787 4204 a
837 4153 941 4204 victore
956 4154 1089 4206 adductos
1107 4162 1134 4207 et
1149 4157 1183 4207 ad
1203 4158 1280 4208 varie
1297 4173 1384 4223 nego-

246 4221 332 4271 iretre
360 4227 478 4273 structus
503 4223 697 4286 intellexisset,
724 4239 787 4274 erun
836 4224 876 4272 tie
892 4223 1045 4275 adhibitos:
1064 4225 1119 4277 vid.
1139 4241 1208 4291 quse
1225 4228 1382 4281 inExcurs.

246 4289 347 4340 femine
366 4291 399 4341 de
417 4291 569 4358 effugiendo
586 4293 706 4358 periculo
723 4309 786 4344 con·
837 4292 871 4344 ed
896 4309 956 4359 cep.
982 4295 1032 4346 102
1056 4295 1226 4347 laudavimus
1252 4301 1280 4348 et
1302 4299 1382 4350 cont.

244 4358 307 4414 eilia
325 4360 447 4428 agitarit.
478 4363 510 4414 In
529 4377 584 4433 quc
600 4362 713 4416 adverte
731 4362 784 4414 vim
836 4362 917 4418 Birch
943 4365 971 4415 in
993 4365 1151 4420 Transsett.
1178 4366 1208 4420 ct
1232 4366 1279 4419 the
1301 4369 1384 4438 revel

286 4588 323 4597 „—
