<?xml version="1.0" encoding="UTF-8"?>
<!DOCTYPE html PUBLIC "-//W3C//DTD XHTML 1.0 Transitional//EN"
    "http://www.w3.org/TR/xhtml1/DTD/xhtml1-transitional.dtd">
<html xmlns="http://www.w3.org/1999/xhtml" xml:lang="en" lang="en">
 <head>
  <title>
</title>
<meta http-equiv="Content-Type" content="text/html;charset=utf-8" />
  <meta name='ocr-system' content='tesseract 3.04.00' />
  <meta name='ocr-capabilities' content='ocr_page ocr_carea ocr_par ocr_line ocrx_word'/>
</head>
<body>
  <div class='ocr_page' id='page_1' title='image "./herodotihalicar00bhgoog_0734.png"; bbox 0 0 3032 4916; ppageno 0'>
   <div class='ocr_carea' id='block_1_1' title="bbox 531 267 1301 334">
    <p class='ocr_par' dir='ltr' id='par_1_1' title="bbox 531 267 1301 334">
     <span class='ocr_line' id='line_1_1' title="bbox 531 267 1301 334; baseline 0.009 -8"><span class='ocrx_word' id='word_1_1' title='bbox 531 267 778 330; x_wconf 83' lang='lat' dir='ltr'><strong>EUTERPE.</strong></span> <span class='ocrx_word' id='word_1_2' title='bbox 805 269 847 328; x_wconf 89' lang='lat' dir='ltr'><strong>II.</strong></span> <span class='ocrx_word' id='word_1_3' title='bbox 871 277 931 330; x_wconf 77' lang='grc'><strong>121.</strong></span> <span class='ocrx_word' id='word_1_4' title='bbox 1240 273 1301 334; x_wconf 88' lang='grc'><strong>707</strong></span> 
     </span>
    </p>
   </div>
   <div class='ocr_carea' id='block_1_2' title="bbox 165 436 1382 843">
    <p class='ocr_par' dir='ltr' id='par_1_2' title="bbox 165 436 1382 843">
     <span class='ocr_line' id='line_1_2' title="bbox 168 436 1301 530; baseline 0.004 -22"><span class='ocrx_word' id='word_1_5' title='bbox 168 437 299 510; x_wconf 75' lang='grc' dir='ltr'><strong><em>ἐλάσαι·</em></strong></span> <span class='ocrx_word' id='word_1_6' title='bbox 316 445 583 526; x_wconf 82' lang='grc' dir='ltr'><strong><em>κατακληΐσαντα</em></strong></span> <span class='ocrx_word' id='word_1_7' title='bbox 596 438 661 529; x_wconf 79' lang='grc' dir='ltr'><strong>γάρ</strong></span> <span class='ocrx_word' id='word_1_8' title='bbox 674 469 733 529; x_wconf 90' lang='grc' dir='ltr'><strong>μιν</strong></span> <span class='ocrx_word' id='word_1_9' title='bbox 746 440 855 510; x_wconf 75' lang='grc' dir='ltr'><strong><em>πάντα</em></strong></span> <span class='ocrx_word' id='word_1_10' title='bbox 869 438 909 510; x_wconf 77' lang='grc' dir='ltr'><strong>τὰ</strong></span> <span class='ocrx_word' id='word_1_11' title='bbox 917 436 983 530; x_wconf 76' lang='lat' dir='ltr'><strong>Ioci,</strong></span> <span class='ocrx_word' id='word_1_12' title='bbox 994 443 1110 530; x_wconf 72' lang='grc' dir='ltr'><strong><em>πρῶτα</em></strong></span> <span class='ocrx_word' id='word_1_13' title='bbox 1122 443 1185 528; x_wconf 78' lang='grc' dir='ltr'><strong>μέν</strong></span> <span class='ocrx_word' id='word_1_14' title='bbox 1196 463 1301 530; x_wconf 85' lang='grc' dir='ltr'><strong><em>σφεας</em></strong></span> 
     </span>
     <span class='ocr_line' id='line_1_3' title="bbox 166 539 1300 638; baseline 0.004 -27"><span class='ocrx_word' id='word_1_15' title='bbox 166 545 318 613; x_wconf 75' lang='grc' dir='ltr'><strong><em>θυσιέων</em></strong></span> <span class='ocrx_word' id='word_1_16' title='bbox 332 539 486 634; x_wconf 74' lang='grc' dir='ltr'><strong><em>ἀπέρξαι,</em></strong></span> <span class='ocrx_word' id='word_1_17' title='bbox 514 541 596 631; x_wconf 79' lang='grc' dir='ltr'><strong><em>μετὰ</em></strong></span> <span class='ocrx_word' id='word_1_18' title='bbox 610 542 648 612; x_wconf 74' lang='lat' dir='ltr'><strong>dt</strong></span> <span class='ocrx_word' id='word_1_19' title='bbox 664 543 861 632; x_wconf 78' lang='grc' dir='ltr'><strong><em>ἐργάζεσθαι</em></strong></span> <span class='ocrx_word' id='word_1_20' title='bbox 877 546 992 638; x_wconf 73' lang='grc' dir='ltr'><strong><em>ἑωυτῷ</em></strong></span> <span class='ocrx_word' id='word_1_21' title='bbox 1007 543 1160 614; x_wconf 79' lang='grc' dir='ltr'><strong><em>κελεύειν</em></strong></span> <span class='ocrx_word' id='word_1_22' title='bbox 1174 545 1300 628; x_wconf 79' lang='grc' dir='ltr'><strong><em>πάντας</em></strong></span> 
     </span>
     <span class='ocr_line' id='line_1_4' title="bbox 167 644 1300 738; baseline 0.005 -24"><span class='ocrx_word' id='word_1_23' title='bbox 167 652 385 734; x_wconf 76' lang='grc' dir='ltr'><strong><em>Αἰγυπτίους.</em></strong></span> <span class='ocrx_word' id='word_1_24' title='bbox 421 661 505 716; x_wconf 83' lang='grc' dir='ltr'><strong><em>τοῖσι</em></strong></span> <span class='ocrx_word' id='word_1_25' title='bbox 528 645 591 734; x_wconf 73' lang='grc' dir='ltr'><strong>μὲν</strong></span> <span class='ocrx_word' id='word_1_26' title='bbox 606 644 648 736; x_wconf 77' lang='grc' dir='ltr'><strong>δὴ</strong></span> <span class='ocrx_word' id='word_1_27' title='bbox 661 644 907 734; x_wconf 76' lang='grc' dir='ltr'><strong><em>ἀποδεδέχθαι,</em></strong></span> <span class='ocrx_word' id='word_1_28' title='bbox 929 651 966 716; x_wconf 77' lang='grc' dir='ltr'><strong>ἐκ</strong></span> <span class='ocrx_word' id='word_1_29' title='bbox 986 653 1055 718; x_wconf 75' lang='grc' dir='ltr'><strong>τῶν</strong></span> <span class='ocrx_word' id='word_1_30' title='bbox 1079 653 1300 738; x_wconf 72' lang='grc' dir='ltr'><strong><em>λιθοτομιέων</em></strong></span> 
     </span>
     <span class='ocr_line' id='line_1_5' title="bbox 165 745 1382 843; baseline 0.004 -25"><span class='ocrx_word' id='word_1_31' title='bbox 165 755 234 818; x_wconf 77' lang='grc' dir='ltr'><strong>τῶν</strong></span> <span class='ocrx_word' id='word_1_32' title='bbox 248 753 285 819; x_wconf 79' lang='grc' dir='ltr'><strong>ἐν</strong></span> <span class='ocrx_word' id='word_1_33' title='bbox 299 755 347 843; x_wconf 76' lang='grc' dir='ltr'><strong>τῷ</strong></span> <span class='ocrx_word' id='word_1_34' title='bbox 361 747 504 843; x_wconf 79' lang='grc' dir='ltr'><strong><em>Ἀραβίῳ</em></strong></span> <span class='ocrx_word' id='word_1_35' title='bbox 519 745 633 838; x_wconf 75' lang='grc' dir='ltr'><strong><em>οὔρεϊ,</em></strong></span> <span class='ocrx_word' id='word_1_36' title='bbox 655 753 692 819; x_wconf 78' lang='grc' dir='ltr'><strong>ἐκ</strong></span> <span class='ocrx_word' id='word_1_37' title='bbox 705 753 853 822; x_wconf 82' lang='grc' dir='ltr'><strong><em>τουτέων</em></strong></span> <span class='ocrx_word' id='word_1_38' title='bbox 866 754 978 821; x_wconf 79' lang='grc' dir='ltr'><strong><em>ἕλκειν</em></strong></span> <span class='ocrx_word' id='word_1_39' title='bbox 994 759 1113 831; x_wconf 81' lang='grc' dir='ltr'><strong><em>λίθους</em></strong></span> <span class='ocrx_word' id='word_1_40' title='bbox 1126 755 1220 842; x_wconf 80' lang='grc' dir='ltr'><strong><em>μέχρι</em></strong></span> <span class='ocrx_word' id='word_1_41' title='bbox 1237 758 1298 822; x_wconf 84' lang='grc' dir='ltr'><strong>τοῦ</strong></span> <span class='ocrx_word' id='word_1_42' title='bbox 1381 795 1382 798; x_wconf 33' lang='lat'>¹</span> 
     </span>
    </p>
   </div>
   <div class='ocr_carea' id='block_1_3' title="bbox 164 914 706 1330">
    <p class='ocr_par' dir='ltr' id='par_1_3' title="bbox 164 914 706 1330">
     <span class='ocr_line' id='line_1_6' title="bbox 164 914 706 981; baseline 0.004 -18"><span class='ocrx_word' id='word_1_43' title='bbox 164 915 331 980; x_wconf 81' lang='lat' dir='ltr'><strong>pyramidem</strong></span> <span class='ocrx_word' id='word_1_44' title='bbox 349 916 516 966; x_wconf 79' lang='lat' dir='ltr'><strong>sacerdotem</strong></span> <span class='ocrx_word' id='word_1_45' title='bbox 538 914 660 981; x_wconf 88' lang='lat' dir='ltr'><strong>adeoque</strong></span> <span class='ocrx_word' id='word_1_46' title='bbox 677 915 706 965; x_wconf 89' lang='lat' dir='ltr'><strong>ii·</strong></span> 
     </span>
     <span class='ocr_line' id='line_1_7' title="bbox 166 984 705 1036; baseline 0.004 -4"><span class='ocrx_word' id='word_1_47' title='bbox 166 984 230 1033; x_wconf 87' lang='lat' dir='ltr'><strong>lium</strong></span> <span class='ocrx_word' id='word_1_48' title='bbox 249 985 329 1034; x_wconf 85' lang='lat' dir='ltr'><strong>huius</strong></span> <span class='ocrx_word' id='word_1_49' title='bbox 347 985 435 1036; x_wconf 85' lang='lat' dir='ltr'><strong>Chnfn</strong></span> <span class='ocrx_word' id='word_1_50' title='bbox 449 986 502 1036; x_wconf 85' lang='lat' dir='ltr'><strong>sibi</strong></span> <span class='ocrx_word' id='word_1_51' title='bbox 520 985 655 1036; x_wconf 85' lang='lat' dir='ltr'><strong>detexisse</strong></span> <span class='ocrx_word' id='word_1_52' title='bbox 666 986 705 1034; x_wconf 84' lang='lat' dir='ltr'><strong>vi-</strong></span> 
     </span>
     <span class='ocr_line' id='line_1_8' title="bbox 166 1054 704 1122; baseline 0.004 -19"><span class='ocrx_word' id='word_1_53' title='bbox 166 1055 244 1103; x_wconf 87' lang='lat' dir='ltr'><strong>detur</strong></span> <span class='ocrx_word' id='word_1_54' title='bbox 261 1054 391 1120; x_wconf 87' lang='lat' dir='ltr'><strong>Lepsius:</strong></span> <span class='ocrx_word' id='word_1_55' title='bbox 415 1055 506 1106; x_wconf 84' lang='lat' dir='ltr'><strong>Brieie</strong></span> <span class='ocrx_word' id='word_1_56' title='bbox 531 1056 554 1105; x_wconf 90' lang='grc' dir='ltr'><strong>Ι.</strong></span> <span class='ocrx_word' id='word_1_57' title='bbox 573 1071 636 1122; x_wconf 81' lang='lat' dir='ltr'><strong>pag.</strong></span> <span class='ocrx_word' id='word_1_58' title='bbox 657 1055 704 1116; x_wconf 71' lang='lat'><strong>373</strong></span> 
     </span>
     <span class='ocr_line' id='line_1_9' title="bbox 165 1123 704 1187; baseline 0.006 -16"><span class='ocrx_word' id='word_1_59' title='bbox 165 1123 236 1174; x_wconf 90' lang='lat' dir='ltr'><strong>hunc</strong></span> <span class='ocrx_word' id='word_1_60' title='bbox 258 1125 316 1173; x_wconf 83' lang='lat' dir='ltr'><strong>eive</strong></span> <span class='ocrx_word' id='word_1_61' title='bbox 338 1125 506 1176; x_wconf 88' lang='lat' dir='ltr'><strong>sacerdotem</strong></span> <span class='ocrx_word' id='word_1_62' title='bbox 528 1126 587 1176; x_wconf 83' lang='lat' dir='ltr'><strong>sive</strong></span> <span class='ocrx_word' id='word_1_63' title='bbox 610 1123 704 1187; x_wconf 85' lang='lat' dir='ltr'><strong>fliium,</strong></span> 
     </span>
     <span class='ocr_line' id='line_1_10' title="bbox 165 1192 706 1260; baseline 0.004 -18"><span class='ocrx_word' id='word_1_64' title='bbox 165 1194 272 1244; x_wconf 89' lang='lat' dir='ltr'><strong>nomine</strong></span> <span class='ocrx_word' id='word_1_65' title='bbox 282 1192 400 1258; x_wconf 86' lang='lat' dir='ltr'><strong>Merhet,</strong></span> <span class='ocrx_word' id='word_1_66' title='bbox 419 1195 473 1260; x_wconf 92' lang='lat' dir='ltr'><strong>ipsi</strong></span> <span class='ocrx_word' id='word_1_67' title='bbox 483 1195 617 1260; x_wconf 76' lang='lat' dir='ltr'><strong>pyramidi</strong></span> <span class='ocrx_word' id='word_1_68' title='bbox 635 1202 706 1244; x_wconf 87' lang='lat' dir='ltr'><strong>stru·</strong></span> 
     </span>
     <span class='ocr_line' id='line_1_11' title="bbox 165 1261 706 1330; baseline 0.002 -18"><span class='ocrx_word' id='word_1_69' title='bbox 165 1261 251 1312; x_wconf 89' lang='lat' dir='ltr'><strong>endas</strong></span> <span class='ocrx_word' id='word_1_70' title='bbox 276 1263 429 1328; x_wconf 76' lang='lat' dir='ltr'><strong>praefuisse</strong></span> <span class='ocrx_word' id='word_1_71' title='bbox 455 1265 596 1330; x_wconf 82' lang='lat' dir='ltr'><strong>operisque</strong></span> <span class='ocrx_word' id='word_1_72' title='bbox 620 1264 706 1314; x_wconf 87' lang='lat' dir='ltr'><strong>arehi-</strong></span> 
     </span>
    </p>
   </div>
   <div class='ocr_carea' id='block_1_4' title="bbox 63 1330 704 1399">
    <p class='ocr_par' dir='ltr' id='par_1_4' title="bbox 63 1330 704 1399">
     <span class='ocr_line' id='line_1_12' title="bbox 63 1330 704 1399; baseline 0.005 -18"><span class='ocrx_word' id='word_1_73' title='bbox 63 1330 67 1340; x_wconf 87' lang='lat'>&#39;</span> <span class='ocrx_word' id='word_1_74' title='bbox 165 1337 265 1384; x_wconf 85' lang='lat' dir='ltr'><strong>tectum</strong></span> <span class='ocrx_word' id='word_1_75' title='bbox 288 1334 345 1384; x_wconf 81' lang='lat' dir='ltr'><strong>sive</strong></span> <span class='ocrx_word' id='word_1_76' title='bbox 371 1335 537 1399; x_wconf 88' lang='lat' dir='ltr'><strong>praefectum</strong></span> <span class='ocrx_word' id='word_1_77' title='bbox 567 1334 704 1385; x_wconf 75' lang='lat' dir='ltr'><strong>exstitisse</strong></span> 
     </span>
    </p>
   </div>
   <div class='ocr_carea' id='block_1_5' title="bbox 96 1402 705 3418">
    <p class='ocr_par' dir='ltr' id='par_1_5' title="bbox 96 1402 705 3334">
     <span class='ocr_line' id='line_1_13' title="bbox 164 1402 705 1478; baseline 0.002 -27"><span class='ocrx_word' id='word_1_78' title='bbox 164 1402 236 1452; x_wconf 88' lang='lat' dir='ltr'><strong>idem</strong></span> <span class='ocrx_word' id='word_1_79' title='bbox 250 1403 385 1467; x_wconf 88' lang='lat' dir='ltr'><strong>opinatur.</strong></span> <span class='ocrx_word' id='word_1_80' title='bbox 422 1405 493 1454; x_wconf 82' lang='lat' dir='ltr'><strong>Huic</strong></span> <span class='ocrx_word' id='word_1_81' title='bbox 506 1405 590 1478; x_wconf 78' lang='lat' dir='ltr'><strong>igitur</strong></span> <span class='ocrx_word' id='word_1_82' title='bbox 602 1404 705 1468; x_wconf 84' lang='lat' dir='ltr'><strong>Cheopi</strong></span> 
     </span>
     <span class='ocr_line' id='line_1_14' title="bbox 164 1473 704 1538; baseline 0 -16"><span class='ocrx_word' id='word_1_83' title='bbox 164 1488 187 1523; x_wconf 89' lang='lat' dir='ltr'><strong>s.</strong></span> <span class='ocrx_word' id='word_1_84' title='bbox 212 1473 301 1524; x_wconf 85' lang='lat' dir='ltr'><strong>Chniu</strong></span> <span class='ocrx_word' id='word_1_85' title='bbox 322 1488 393 1538; x_wconf 85' lang='lat' dir='ltr'><strong>qnae</strong></span> <span class='ocrx_word' id='word_1_86' title='bbox 418 1473 573 1524; x_wconf 88' lang='lat' dir='ltr'><strong>Herodotus</strong></span> <span class='ocrx_word' id='word_1_87' title='bbox 599 1474 704 1538; x_wconf 87' lang='lat' dir='ltr'><strong>tribuit,</strong></span> 
     </span>
     <span class='ocr_line' id='line_1_15' title="bbox 165 1542 704 1610; baseline 0.002 -18"><span class='ocrx_word' id='word_1_88' title='bbox 165 1557 198 1592; x_wconf 91' lang='lat' dir='ltr'><strong>ea</strong></span> <span class='ocrx_word' id='word_1_89' title='bbox 216 1558 268 1593; x_wconf 89' lang='lat' dir='ltr'><strong>non</strong></span> <span class='ocrx_word' id='word_1_90' title='bbox 286 1542 413 1594; x_wconf 80' lang='lat' dir='ltr'><strong>differunt</strong></span> <span class='ocrx_word' id='word_1_91' title='bbox 432 1543 465 1594; x_wconf 84' lang='lat' dir='ltr'><strong>ab</strong></span> <span class='ocrx_word' id='word_1_92' title='bbox 484 1544 533 1606; x_wconf 89' lang='lat' dir='ltr'><strong>iis,</strong></span> <span class='ocrx_word' id='word_1_93' title='bbox 552 1559 621 1610; x_wconf 85' lang='lat' dir='ltr'><strong>quae</strong></span> <span class='ocrx_word' id='word_1_94' title='bbox 639 1544 704 1594; x_wconf 91' lang='lat' dir='ltr'><strong>Dio·</strong></span> 
     </span>
     <span class='ocr_line' id='line_1_16' title="bbox 164 1611 704 1678; baseline 0 -17"><span class='ocrx_word' id='word_1_95' title='bbox 164 1612 245 1662; x_wconf 89' lang='lat' dir='ltr'><strong>dorus</strong></span> <span class='ocrx_word' id='word_1_96' title='bbox 268 1611 301 1676; x_wconf 86' lang='lat'><strong>(1,</strong></span> <span class='ocrx_word' id='word_1_97' title='bbox 324 1612 372 1674; x_wconf 78' lang='lat'><strong>6³)</strong></span> <span class='ocrx_word' id='word_1_98' title='bbox 397 1613 500 1663; x_wconf 82' lang='lat' dir='ltr'><strong>Oterrnni</strong></span> <span class='ocrx_word' id='word_1_99' title='bbox 526 1613 623 1664; x_wconf 87' lang='lat' dir='ltr'><strong>tribuit</strong></span> <span class='ocrx_word' id='word_1_100' title='bbox 645 1613 704 1678; x_wconf 84' lang='lat' dir='ltr'><strong>regi</strong></span> 
     </span>
     <span class='ocr_line' id='line_1_17' title="bbox 164 1681 704 1748; baseline 0 -16"><span class='ocrx_word' id='word_1_101' title='bbox 164 1686 261 1732; x_wconf 81' lang='lat' dir='ltr'><strong>octavo</strong></span> <span class='ocrx_word' id='word_1_102' title='bbox 276 1681 339 1731; x_wconf 90' lang='lat' dir='ltr'><strong>inde</strong></span> <span class='ocrx_word' id='word_1_103' title='bbox 356 1698 372 1732; x_wconf 87' lang='lat' dir='ltr'><strong>a</strong></span> <span class='ocrx_word' id='word_1_104' title='bbox 389 1681 579 1748; x_wconf 88' lang='lat' dir='ltr'><strong>Rhampsinito</strong></span> <span class='ocrx_word' id='word_1_105' title='bbox 594 1699 616 1733; x_wconf 91' lang='lat' dir='ltr'><strong>s.</strong></span> <span class='ocrx_word' id='word_1_106' title='bbox 627 1684 704 1734; x_wconf 85' lang='lat' dir='ltr'><strong>Rem-</strong></span> 
     </span>
     <span class='ocr_line' id='line_1_18' title="bbox 164 1751 705 1816; baseline 0.007 -17"><span class='ocrx_word' id='word_1_107' title='bbox 164 1751 222 1815; x_wconf 92' lang='lat' dir='ltr'><strong>phi,</strong></span> <span class='ocrx_word' id='word_1_108' title='bbox 246 1766 306 1800; x_wconf 91' lang='lat' dir='ltr'><strong>eum</strong></span> <span class='ocrx_word' id='word_1_109' title='bbox 326 1751 360 1800; x_wconf 90' lang='lat' dir='ltr'><strong>ad</strong></span> <span class='ocrx_word' id='word_1_110' title='bbox 383 1757 485 1816; x_wconf 84' lang='lat' dir='ltr'><strong>septem</strong></span> <span class='ocrx_word' id='word_1_111' title='bbox 505 1752 641 1802; x_wconf 89' lang='lat' dir='ltr'><strong>hominnm</strong></span> <span class='ocrx_word' id='word_1_112' title='bbox 661 1767 705 1804; x_wconf 86' lang='lat' dir='ltr'><strong>ae-</strong></span> 
     </span>
     <span class='ocr_line' id='line_1_19' title="bbox 164 1823 704 1887; baseline 0.002 -18"><span class='ocrx_word' id='word_1_113' title='bbox 164 1825 236 1871; x_wconf 89' lang='lat' dir='ltr'><strong>tates</strong></span> <span class='ocrx_word' id='word_1_114' title='bbox 254 1836 302 1885; x_wconf 85' lang='lat' dir='ltr'><strong>per</strong></span> <span class='ocrx_word' id='word_1_115' title='bbox 320 1823 518 1872; x_wconf 78' lang='lat' dir='ltr'><strong>successionem</strong></span> <span class='ocrx_word' id='word_1_116' title='bbox 531 1823 704 1887; x_wconf 85' lang='lat' dir='ltr'><strong>regnaverint</strong></span> 
     </span>
     <span class='ocr_line' id='line_1_20' title="bbox 164 1891 704 1956; baseline 0.004 -17"><span class='ocrx_word' id='word_1_117' title='bbox 164 1905 242 1955; x_wconf 80' lang='lat' dir='ltr'><strong>reges</strong></span> <span class='ocrx_word' id='word_1_118' title='bbox 260 1905 370 1954; x_wconf 90' lang='lat' dir='ltr'><strong>prorsus</strong></span> <span class='ocrx_word' id='word_1_119' title='bbox 383 1892 492 1956; x_wconf 81' lang='lat' dir='ltr'><strong>ignavi,</strong></span> <span class='ocrx_word' id='word_1_120' title='bbox 510 1893 555 1956; x_wconf 91' lang='lat' dir='ltr'><strong>qui</strong></span> <span class='ocrx_word' id='word_1_121' title='bbox 572 1891 639 1940; x_wconf 87' lang='lat' dir='ltr'><strong>nihil</strong></span> <span class='ocrx_word' id='word_1_122' title='bbox 651 1906 704 1942; x_wconf 86' lang='lat' dir='ltr'><strong>nte-</strong></span> 
     </span>
     <span class='ocr_line' id='line_1_21' title="bbox 163 1958 704 2024; baseline 0 -14"><span class='ocrx_word' id='word_1_123' title='bbox 163 1964 268 2010; x_wconf 91' lang='lat' dir='ltr'><strong>moratu</strong></span> <span class='ocrx_word' id='word_1_124' title='bbox 286 1958 395 2024; x_wconf 74' lang='lat' dir='ltr'><strong>dignum</strong></span> <span class='ocrx_word' id='word_1_125' title='bbox 418 1965 446 2010; x_wconf 89' lang='lat' dir='ltr'><strong>et</strong></span> <span class='ocrx_word' id='word_1_126' title='bbox 468 1961 495 2010; x_wconf 91' lang='lat' dir='ltr'><strong>in</strong></span> <span class='ocrx_word' id='word_1_127' title='bbox 517 1961 593 2010; x_wconf 90' lang='lat' dir='ltr'><strong>libris</strong></span> <span class='ocrx_word' id='word_1_128' title='bbox 619 1961 704 2012; x_wconf 88' lang='lat' dir='ltr'><strong>sacris</strong></span> 
     </span>
     <span class='ocr_line' id='line_1_22' title="bbox 164 2030 704 2094; baseline -0.002 -14"><span class='ocrx_word' id='word_1_129' title='bbox 164 2030 324 2080; x_wconf 85' lang='lat' dir='ltr'><strong>adnotatum</strong></span> <span class='ocrx_word' id='word_1_130' title='bbox 350 2031 552 2094; x_wconf 80' lang='lat' dir='ltr'><strong>praestiterint,</strong></span> <span class='ocrx_word' id='word_1_131' title='bbox 582 2045 636 2081; x_wconf 92' lang='lat' dir='ltr'><strong>uno</strong></span> <span class='ocrx_word' id='word_1_132' title='bbox 661 2045 704 2080; x_wconf 90' lang='lat' dir='ltr'><strong>ex-</strong></span> 
     </span>
     <span class='ocr_line' id='line_1_23' title="bbox 163 2098 704 2166; baseline 0.002 -17"><span class='ocrx_word' id='word_1_133' title='bbox 163 2104 242 2165; x_wconf 89' lang='lat' dir='ltr'><strong>cepto</strong></span> <span class='ocrx_word' id='word_1_134' title='bbox 266 2098 359 2162; x_wconf 79' lang='lat' dir='ltr'><strong>niteo,</strong></span> <span class='ocrx_word' id='word_1_135' title='bbox 387 2116 404 2150; x_wconf 86' lang='lat' dir='ltr'><strong>a</strong></span> <span class='ocrx_word' id='word_1_136' title='bbox 428 2115 481 2166; x_wconf 90' lang='lat' dir='ltr'><strong>quo</strong></span> <span class='ocrx_word' id='word_1_137' title='bbox 501 2115 599 2151; x_wconf 90' lang='lat' dir='ltr'><strong>nomen</strong></span> <span class='ocrx_word' id='word_1_138' title='bbox 622 2101 704 2150; x_wconf 82' lang='lat' dir='ltr'><strong>fluvio</strong></span> 
     </span>
     <span class='ocr_line' id='line_1_24' title="bbox 163 2169 704 2235; baseline 0.004 -17"><span class='ocrx_word' id='word_1_139' title='bbox 163 2171 200 2220; x_wconf 91' lang='lat' dir='ltr'><strong>sit</strong></span> <span class='ocrx_word' id='word_1_140' title='bbox 218 2169 342 2219; x_wconf 88' lang='lat' dir='ltr'><strong>iuditnm.</strong></span> <span class='ocrx_word' id='word_1_141' title='bbox 378 2172 419 2220; x_wconf 89' lang='lat' dir='ltr'><strong>De</strong></span> <span class='ocrx_word' id='word_1_142' title='bbox 435 2171 485 2220; x_wconf 91' lang='lat' dir='ltr'><strong>hoe</strong></span> <span class='ocrx_word' id='word_1_143' title='bbox 498 2170 618 2221; x_wconf 82' lang='lat' dir='ltr'><strong>Chemmi</strong></span> <span class='ocrx_word' id='word_1_144' title='bbox 635 2185 704 2235; x_wconf 86' lang='lat' dir='ltr'><strong>quse</strong></span> 
     </span>
     <span class='ocr_line' id='line_1_25' title="bbox 96 2239 705 2304; baseline 0.002 -15"><span class='ocrx_word' id='word_1_145' title='bbox 96 2293 98 2298; x_wconf 67' lang='grc'><strong><em>,</em></strong></span> <span class='ocrx_word' id='word_1_146' title='bbox 163 2239 290 2304; x_wconf 84' lang='lat' dir='ltr'><strong>deinceps</strong></span> <span class='ocrx_word' id='word_1_147' title='bbox 307 2244 460 2304; x_wconf 88' lang='lat' dir='ltr'><strong>narrantur,</strong></span> <span class='ocrx_word' id='word_1_148' title='bbox 474 2241 627 2304; x_wconf 75' lang='lat' dir='ltr'><strong>pyramides</strong></span> <span class='ocrx_word' id='word_1_149' title='bbox 640 2239 705 2290; x_wconf 87' lang='lat' dir='ltr'><strong>atia-</strong></span> 
     </span>
     <span class='ocr_line' id='line_1_26' title="bbox 162 2309 704 2375; baseline 0.002 -16"><span class='ocrx_word' id='word_1_150' title='bbox 162 2325 213 2375; x_wconf 86' lang='lat' dir='ltr'><strong>que</strong></span> <span class='ocrx_word' id='word_1_151' title='bbox 232 2323 314 2374; x_wconf 83' lang='lat' dir='ltr'><strong>opera</strong></span> <span class='ocrx_word' id='word_1_152' title='bbox 328 2309 450 2374; x_wconf 84' lang='lat' dir='ltr'><strong>ingentis</strong></span> <span class='ocrx_word' id='word_1_153' title='bbox 474 2315 645 2373; x_wconf 80' lang='lat' dir='ltr'><strong>exstruente,</strong></span> <span class='ocrx_word' id='word_1_154' title='bbox 671 2324 704 2360; x_wconf 88' lang='lat' dir='ltr'><strong>ea</strong></span> 
     </span>
     <span class='ocr_line' id='line_1_27' title="bbox 161 2379 703 2446; baseline -0.002 -17"><span class='ocrx_word' id='word_1_155' title='bbox 161 2395 222 2430; x_wconf 88' lang='lat' dir='ltr'><strong>eum</strong></span> <span class='ocrx_word' id='word_1_156' title='bbox 242 2379 376 2430; x_wconf 89' lang='lat' dir='ltr'><strong>Herodoti</strong></span> <span class='ocrx_word' id='word_1_157' title='bbox 394 2379 501 2446; x_wconf 87' lang='lat' dir='ltr'><strong>Cheope</strong></span> <span class='ocrx_word' id='word_1_158' title='bbox 512 2395 622 2445; x_wconf 88' lang='lat' dir='ltr'><strong>prorsus</strong></span> <span class='ocrx_word' id='word_1_159' title='bbox 642 2395 703 2430; x_wconf 88' lang='lat' dir='ltr'><strong>con-</strong></span> 
     </span>
     <span class='ocr_line' id='line_1_28' title="bbox 163 2449 701 2512; baseline 0 -14"><span class='ocrx_word' id='word_1_160' title='bbox 163 2451 284 2512; x_wconf 83' lang='lat' dir='ltr'><strong>veniunt,</strong></span> <span class='ocrx_word' id='word_1_161' title='bbox 304 2449 399 2499; x_wconf 81' lang='lat' dir='ltr'><strong>utrix</strong></span> <span class='ocrx_word' id='word_1_162' title='bbox 425 2449 535 2500; x_wconf 88' lang='lat' dir='ltr'><strong>dubium</strong></span> <span class='ocrx_word' id='word_1_163' title='bbox 560 2450 596 2500; x_wconf 90' lang='lat' dir='ltr'><strong>sit</strong></span> <span class='ocrx_word' id='word_1_164' title='bbox 618 2465 701 2499; x_wconf 89' lang='lat' dir='ltr'><strong>unum</strong></span> 
     </span>
     <span class='ocr_line' id='line_1_29' title="bbox 161 2519 701 2586; baseline 0.002 -17"><span class='ocrx_word' id='word_1_165' title='bbox 161 2520 329 2585; x_wconf 89' lang='lat' dir='ltr'><strong>eundemque</strong></span> <span class='ocrx_word' id='word_1_166' title='bbox 347 2519 496 2586; x_wconf 84' lang='lat' dir='ltr'><strong>significari</strong></span> <span class='ocrx_word' id='word_1_167' title='bbox 515 2535 619 2586; x_wconf 82' lang='lat' dir='ltr'><strong>regem,</strong></span> <span class='ocrx_word' id='word_1_168' title='bbox 643 2520 701 2570; x_wconf 82' lang='lat' dir='ltr'><strong>sive</strong></span> 
     </span>
     <span class='ocr_line' id='line_1_30' title="bbox 160 2585 701 2656; baseline 0 -18"><span class='ocrx_word' id='word_1_169' title='bbox 160 2585 274 2656; x_wconf 79' lang='grc' dir='ltr'><strong><em>Χεμβης</em></strong></span> <span class='ocrx_word' id='word_1_170' title='bbox 291 2590 431 2654; x_wconf 82' lang='lat' dir='ltr'><strong>scripseris</strong></span> <span class='ocrx_word' id='word_1_171' title='bbox 458 2591 484 2640; x_wconf 92' lang='lat' dir='ltr'><strong>in</strong></span> <span class='ocrx_word' id='word_1_172' title='bbox 503 2591 616 2641; x_wconf 90' lang='lat' dir='ltr'><strong>Diodori</strong></span> <span class='ocrx_word' id='word_1_173' title='bbox 633 2589 652 2639; x_wconf 94' lang='grc'><strong>1.</strong></span> <span class='ocrx_word' id='word_1_174' title='bbox 672 2589 701 2652; x_wconf 89' lang='grc'><strong>1.,</strong></span> 
     </span>
     <span class='ocr_line' id='line_1_31' title="bbox 161 2653 701 2726; baseline -0.002 -17"><span class='ocrx_word' id='word_1_175' title='bbox 161 2663 192 2709; x_wconf 90' lang='lat' dir='ltr'><strong>nt</strong></span> <span class='ocrx_word' id='word_1_176' title='bbox 203 2659 384 2724; x_wconf 86' lang='lat' dir='ltr'><strong>Wesselingio</strong></span> <span class='ocrx_word' id='word_1_177' title='bbox 400 2659 498 2724; x_wconf 88' lang='lat' dir='ltr'><strong>placet,</strong></span> <span class='ocrx_word' id='word_1_178' title='bbox 515 2661 571 2711; x_wconf 82' lang='lat' dir='ltr'><strong>sive</strong></span> <span class='ocrx_word' id='word_1_179' title='bbox 586 2653 701 2726; x_wconf 76' lang='grc' dir='ltr'><strong><em>Χὲμβις,</em></strong></span> 
     </span>
     <span class='ocr_line' id='line_1_32' title="bbox 161 2725 703 2795; baseline 0 -17"><span class='ocrx_word' id='word_1_180' title='bbox 161 2730 219 2779; x_wconf 83' lang='lat' dir='ltr'><strong>sive</strong></span> <span class='ocrx_word' id='word_1_181' title='bbox 234 2725 351 2794; x_wconf 80' lang='grc' dir='ltr'><strong><em>Χέμμις,</em></strong></span> <span class='ocrx_word' id='word_1_182' title='bbox 370 2730 441 2794; x_wconf 91' lang='lat' dir='ltr'><strong>quod</strong></span> <span class='ocrx_word' id='word_1_183' title='bbox 451 2745 536 2795; x_wconf 87' lang='lat' dir='ltr'><strong>nuper</strong></span> <span class='ocrx_word' id='word_1_184' title='bbox 546 2729 620 2780; x_wconf 88' lang='lat' dir='ltr'><strong>dedit</strong></span> <span class='ocrx_word' id='word_1_185' title='bbox 632 2729 703 2780; x_wconf 89' lang='lat' dir='ltr'><strong>Bek-</strong></span> 
     </span>
     <span class='ocr_line' id='line_1_33' title="bbox 162 2797 699 2864; baseline -0.004 -16"><span class='ocrx_word' id='word_1_186' title='bbox 162 2798 220 2848; x_wconf 87' lang='lat' dir='ltr'><strong>her.</strong></span> <span class='ocrx_word' id='word_1_187' title='bbox 238 2799 408 2863; x_wconf 75' lang='lat' dir='ltr'><strong>improbante</strong></span> <span class='ocrx_word' id='word_1_188' title='bbox 427 2801 548 2864; x_wconf 83' lang='lat' dir='ltr'><strong>quamvis</strong></span> <span class='ocrx_word' id='word_1_189' title='bbox 565 2799 665 2864; x_wconf 87' lang='lat' dir='ltr'><strong>Lepsio</strong></span> <span class='ocrx_word' id='word_1_190' title='bbox 681 2797 699 2846; x_wconf 91' lang='lat'><strong>1.</strong></span> 
     </span>
     <span class='ocr_line' id='line_1_34' title="bbox 160 2867 702 2918; baseline 0 -2"><span class='ocrx_word' id='word_1_191' title='bbox 160 2867 179 2917; x_wconf 94' lang='grc'><strong>1.</strong></span> <span class='ocrx_word' id='word_1_192' title='bbox 208 2868 245 2917; x_wconf 76' lang='lat' dir='ltr'><strong>nt</strong></span> <span class='ocrx_word' id='word_1_193' title='bbox 261 2867 492 2918; x_wconf 86' lang='lat' dir='ltr'><strong>muitodiificilius</strong></span> <span class='ocrx_word' id='word_1_194' title='bbox 505 2873 548 2918; x_wconf 87' lang='lat' dir='ltr'><strong>eet</strong></span> <span class='ocrx_word' id='word_1_195' title='bbox 562 2869 596 2917; x_wconf 93' lang='lat' dir='ltr'><strong>de</strong></span> <span class='ocrx_word' id='word_1_196' title='bbox 611 2869 702 2917; x_wconf 90' lang='lat' dir='ltr'><strong>aetate</strong></span> 
     </span>
     <span class='ocr_line' id='line_1_35' title="bbox 162 2935 700 3000; baseline 0 -16"><span class='ocrx_word' id='word_1_197' title='bbox 162 2936 240 2985; x_wconf 87' lang='lat' dir='ltr'><strong>huius</strong></span> <span class='ocrx_word' id='word_1_198' title='bbox 265 2937 337 3000; x_wconf 81' lang='lat' dir='ltr'><strong>regis</strong></span> <span class='ocrx_word' id='word_1_199' title='bbox 360 2935 409 2999; x_wconf 86' lang='lat' dir='ltr'><strong>(ci.</strong></span> <span class='ocrx_word' id='word_1_200' title='bbox 434 2938 514 2986; x_wconf 83' lang='lat' dir='ltr'><strong>etiam</strong></span> <span class='ocrx_word' id='word_1_201' title='bbox 537 2935 638 2988; x_wconf 86' lang='lat' dir='ltr'><strong>Herod.</strong></span> <span class='ocrx_word' id='word_1_202' title='bbox 662 2935 700 2997; x_wconf 92' lang='lat' dir='ltr'><strong>II,</strong></span> 
     </span>
     <span class='ocr_line' id='line_1_36' title="bbox 164 3005 701 3070; baseline 0.002 -16"><span class='ocrx_word' id='word_1_203' title='bbox 164 3006 212 3055; x_wconf 84' lang='grc'><strong>127</strong></span> <span class='ocrx_word' id='word_1_204' title='bbox 224 3005 316 3069; x_wconf 86' lang='lat' dir='ltr'><strong>ibique</strong></span> <span class='ocrx_word' id='word_1_205' title='bbox 334 3005 416 3069; x_wconf 92' lang='lat' dir='ltr'><strong>nott.)</strong></span> <span class='ocrx_word' id='word_1_206' title='bbox 427 3006 495 3055; x_wconf 89' lang='lat' dir='ltr'><strong>certi</strong></span> <span class='ocrx_word' id='word_1_207' title='bbox 504 3006 568 3070; x_wconf 88' lang='lat' dir='ltr'><strong>qnid</strong></span> <span class='ocrx_word' id='word_1_208' title='bbox 581 3010 701 3056; x_wconf 78' lang='lat' dir='ltr'><strong>statuere</strong></span> 
     </span>
     <span class='ocr_line' id='line_1_37' title="bbox 161 3073 704 3140; baseline -0.002 -17"><span class='ocrx_word' id='word_1_209' title='bbox 161 3073 244 3135; x_wconf 69' lang='lat' dir='ltr'><strong>velle,</strong></span> <span class='ocrx_word' id='word_1_210' title='bbox 263 3075 291 3123; x_wconf 91' lang='lat' dir='ltr'><strong>in</strong></span> <span class='ocrx_word' id='word_1_211' title='bbox 310 3074 473 3124; x_wconf 88' lang='lat' dir='ltr'><strong>exstruenda</strong></span> <span class='ocrx_word' id='word_1_212' title='bbox 490 3074 629 3140; x_wconf 79' lang='lat' dir='ltr'><strong>pyramide</strong></span> <span class='ocrx_word' id='word_1_213' title='bbox 644 3089 704 3123; x_wconf 82' lang='lat' dir='ltr'><strong>ver-</strong></span> 
     </span>
     <span class='ocr_line' id='line_1_38' title="bbox 161 3142 700 3195; baseline 0 -2"><span class='ocrx_word' id='word_1_214' title='bbox 161 3148 249 3193; x_wconf 88' lang='lat' dir='ltr'><strong>satum</strong></span> <span class='ocrx_word' id='word_1_215' title='bbox 274 3145 347 3193; x_wconf 90' lang='lat' dir='ltr'><strong>eirea</strong></span> <span class='ocrx_word' id='word_1_216' title='bbox 370 3159 433 3193; x_wconf 88' lang='lat' dir='ltr'><strong>ann.</strong></span> <span class='ocrx_word' id='word_1_217' title='bbox 458 3146 527 3195; x_wconf 80' lang='lat'>2120</span> <span class='ocrx_word' id='word_1_218' title='bbox 551 3149 615 3194; x_wconf 86' lang='lat' dir='ltr'><strong>ante</strong></span> <span class='ocrx_word' id='word_1_219' title='bbox 637 3142 700 3194; x_wconf 85' lang='lat' dir='ltr'><strong>Chr.</strong></span> 
     </span>
     <span class='ocr_line' id='line_1_39' title="bbox 160 3211 702 3278; baseline 0 -16"><span class='ocrx_word' id='word_1_220' title='bbox 160 3228 189 3264; x_wconf 90' lang='lat' dir='ltr'><strong>n.</strong></span> <span class='ocrx_word' id='word_1_221' title='bbox 209 3213 285 3278; x_wconf 88' lang='lat' dir='ltr'><strong>ponit</strong></span> <span class='ocrx_word' id='word_1_222' title='bbox 301 3211 465 3264; x_wconf 82' lang='lat' dir='ltr'><strong>Wilkinson.</strong></span> <span class='ocrx_word' id='word_1_223' title='bbox 482 3213 500 3263; x_wconf 94' lang='grc'><strong>1.</strong></span> <span class='ocrx_word' id='word_1_224' title='bbox 517 3213 546 3276; x_wconf 89' lang='grc'><strong>1.,</strong></span> <span class='ocrx_word' id='word_1_225' title='bbox 566 3212 635 3263; x_wconf 86' lang='lat' dir='ltr'><strong>alias</strong></span> <span class='ocrx_word' id='word_1_226' title='bbox 654 3212 702 3262; x_wconf 85' lang='lat' dir='ltr'><strong>ali-</strong></span> 
     </span>
     <span class='ocr_line' id='line_1_40' title="bbox 161 3284 585 3334; baseline -0.002 -1"><span class='ocrx_word' id='word_1_227' title='bbox 161 3299 236 3333; x_wconf 86' lang='lat' dir='ltr'><strong>orum</strong></span> <span class='ocrx_word' id='word_1_228' title='bbox 256 3284 406 3332; x_wconf 83' lang='lat' dir='ltr'><strong>sententies</strong></span> <span class='ocrx_word' id='word_1_229' title='bbox 422 3287 453 3332; x_wconf 90' lang='lat' dir='ltr'><strong>ut</strong></span> <span class='ocrx_word' id='word_1_230' title='bbox 471 3287 585 3334; x_wconf 85' lang='lat' dir='ltr'><strong>taceam.</strong></span> 
     </span>
    </p>

    <p class='ocr_par' dir='ltr' id='par_1_6' title="bbox 195 3351 701 3418">
     <span class='ocr_line' id='line_1_41' title="bbox 195 3351 701 3418; baseline 0.004 -16"><span class='ocrx_word' id='word_1_231' title='bbox 195 3355 217 3402; x_wconf 83' lang='grc' dir='ltr'>Ε</span> <span class='ocrx_word' id='word_1_232' title='bbox 237 3351 365 3402; x_wconf 90' lang='lat' dir='ltr'><strong>Lareheri</strong></span> <span class='ocrx_word' id='word_1_233' title='bbox 395 3353 506 3403; x_wconf 82' lang='lat' dir='ltr'><strong>calculis</strong></span> <span class='ocrx_word' id='word_1_234' title='bbox 528 3351 701 3418; x_wconf 77' lang='lat' dir='ltr'><strong>(Chronolog.</strong></span> 
     </span>
    </p>
   </div>
   <div class='ocr_carea' id='block_1_6' title="bbox 753 917 1299 2236">
    <p class='ocr_par' dir='ltr' id='par_1_7' title="bbox 753 917 1299 2236">
     <span class='ocr_line' id='line_1_42' title="bbox 756 917 1299 972; baseline 0.013 -7"><span class='ocrx_word' id='word_1_235' title='bbox 756 931 814 966; x_wconf 90' lang='lat' dir='ltr'><strong>rum</strong></span> <span class='ocrx_word' id='word_1_236' title='bbox 832 917 964 967; x_wconf 88' lang='lat' dir='ltr'><strong>rationem</strong></span> <span class='ocrx_word' id='word_1_237' title='bbox 989 917 1024 967; x_wconf 88' lang='lat' dir='ltr'><strong>sb</strong></span> <span class='ocrx_word' id='word_1_238' title='bbox 1046 919 1187 970; x_wconf 86' lang='lat' dir='ltr'><strong>Herodoto</strong></span> <span class='ocrx_word' id='word_1_239' title='bbox 1211 921 1299 972; x_wconf 90' lang='lat' dir='ltr'><strong>minus</strong></span> 
     </span>
     <span class='ocr_line' id='line_1_43' title="bbox 757 989 1299 1054; baseline 0.009 -18"><span class='ocrx_word' id='word_1_240' title='bbox 757 993 885 1036; x_wconf 89' lang='lat' dir='ltr'><strong>accurate</strong></span> <span class='ocrx_word' id='word_1_241' title='bbox 902 993 1039 1038; x_wconf 83' lang='lat' dir='ltr'><strong>serratam</strong></span> <span class='ocrx_word' id='word_1_242' title='bbox 1064 989 1184 1054; x_wconf 86' lang='lat' dir='ltr'><strong>adeoque</strong></span> <span class='ocrx_word' id='word_1_243' title='bbox 1207 992 1299 1042; x_wconf 87' lang='lat' dir='ltr'><strong>turha·</strong></span> 
     </span>
     <span class='ocr_line' id='line_1_44' title="bbox 757 1058 1298 1121; baseline 0.013 -17"><span class='ocrx_word' id='word_1_244' title='bbox 757 1061 812 1105; x_wconf 89' lang='lat' dir='ltr'><strong>tam</strong></span> <span class='ocrx_word' id='word_1_245' title='bbox 831 1058 854 1106; x_wconf 91' lang='lat' dir='ltr'><strong>si</strong></span> <span class='ocrx_word' id='word_1_246' title='bbox 867 1063 1028 1121; x_wconf 85' lang='lat' dir='ltr'><strong>spectemus.</strong></span> <span class='ocrx_word' id='word_1_247' title='bbox 1064 1059 1117 1120; x_wconf 81' lang='lat' dir='ltr'><strong>Qui</strong></span> <span class='ocrx_word' id='word_1_248' title='bbox 1131 1073 1197 1109; x_wconf 91' lang='lat' dir='ltr'><strong>sane</strong></span> <span class='ocrx_word' id='word_1_249' title='bbox 1209 1076 1298 1111; x_wconf 87' lang='lat' dir='ltr'><strong>errare</strong></span> 
     </span>
     <span class='ocr_line' id='line_1_45' title="bbox 755 1125 1298 1195; baseline 0.009 -20"><span class='ocrx_word' id='word_1_250' title='bbox 755 1127 845 1190; x_wconf 92' lang='lat' dir='ltr'><strong>potuit</strong></span> <span class='ocrx_word' id='word_1_251' title='bbox 858 1127 946 1176; x_wconf 90' lang='lat' dir='ltr'><strong>minus</strong></span> <span class='ocrx_word' id='word_1_252' title='bbox 960 1132 1033 1177; x_wconf 87' lang='lat' dir='ltr'><strong>reete</strong></span> <span class='ocrx_word' id='word_1_253' title='bbox 1044 1125 1210 1193; x_wconf 80' lang='lat' dir='ltr'><strong>intelligens,</strong></span> <span class='ocrx_word' id='word_1_254' title='bbox 1228 1145 1298 1195; x_wconf 90' lang='lat' dir='ltr'><strong>quae</strong></span> 
     </span>
     <span class='ocr_line' id='line_1_46' title="bbox 756 1195 1297 1260; baseline 0.011 -16"><span class='ocrx_word' id='word_1_255' title='bbox 756 1195 926 1246; x_wconf 88' lang='lat' dir='ltr'><strong>secerdotum</strong></span> <span class='ocrx_word' id='word_1_256' title='bbox 941 1201 1003 1258; x_wconf 88' lang='lat' dir='ltr'><strong>aut,</strong></span> <span class='ocrx_word' id='word_1_257' title='bbox 1023 1197 1046 1244; x_wconf 90' lang='lat' dir='ltr'><strong>si</strong></span> <span class='ocrx_word' id='word_1_258' title='bbox 1064 1198 1164 1260; x_wconf 84' lang='lat' dir='ltr'><strong>mavis,</strong></span> <span class='ocrx_word' id='word_1_259' title='bbox 1183 1198 1297 1250; x_wconf 88' lang='lat' dir='ltr'><strong>aliorum</strong></span> 
     </span>
     <span class='ocr_line' id='line_1_47' title="bbox 755 1265 1298 1330; baseline 0.011 -17"><span class='ocrx_word' id='word_1_260' title='bbox 755 1265 948 1330; x_wconf 85' lang='lat' dir='ltr'><strong>interpretum,</strong></span> <span class='ocrx_word' id='word_1_261' title='bbox 978 1267 1066 1316; x_wconf 89' lang='lat' dir='ltr'><strong>minus</strong></span> <span class='ocrx_word' id='word_1_262' title='bbox 1093 1266 1232 1318; x_wconf 88' lang='lat' dir='ltr'><strong>doctorum</strong></span> <span class='ocrx_word' id='word_1_263' title='bbox 1264 1285 1298 1318; x_wconf 86' lang='lat' dir='ltr'><strong>ex</strong></span> 
     </span>
     <span class='ocr_line' id='line_1_48' title="bbox 756 1336 1296 1400; baseline 0.007 -16"><span class='ocrx_word' id='word_1_264' title='bbox 756 1349 802 1384; x_wconf 91' lang='lat' dir='ltr'><strong>ore</strong></span> <span class='ocrx_word' id='word_1_265' title='bbox 820 1336 942 1399; x_wconf 87' lang='lat' dir='ltr'><strong>accepit,</strong></span> <span class='ocrx_word' id='word_1_266' title='bbox 970 1341 1017 1386; x_wconf 86' lang='lat' dir='ltr'><strong>aut</strong></span> <span class='ocrx_word' id='word_1_267' title='bbox 1040 1336 1098 1400; x_wconf 88' lang='lat' dir='ltr'><strong>ipse</strong></span> <span class='ocrx_word' id='word_1_268' title='bbox 1122 1336 1203 1388; x_wconf 86' lang='lat' dir='ltr'><strong>etiarn</strong></span> <span class='ocrx_word' id='word_1_269' title='bbox 1226 1337 1296 1388; x_wconf 80' lang='lat' dir='ltr'><strong>falso</strong></span> 
     </span>
     <span class='ocr_line' id='line_1_49' title="bbox 755 1404 1294 1473; baseline 0.006 -19"><span class='ocrx_word' id='word_1_270' title='bbox 755 1404 866 1454; x_wconf 85' lang='lat' dir='ltr'><strong>edoctus</strong></span> <span class='ocrx_word' id='word_1_271' title='bbox 884 1405 918 1456; x_wconf 92' lang='lat' dir='ltr'><strong>ab</strong></span> <span class='ocrx_word' id='word_1_272' title='bbox 936 1405 998 1454; x_wconf 87' lang='lat' dir='ltr'><strong>istis</strong></span> <span class='ocrx_word' id='word_1_273' title='bbox 1021 1405 1220 1470; x_wconf 88' lang='lat' dir='ltr'><strong>sacerdotibus,</strong></span> <span class='ocrx_word' id='word_1_274' title='bbox 1249 1409 1294 1473; x_wconf 92' lang='lat' dir='ltr'><strong>qui</strong></span> 
     </span>
     <span class='ocr_line' id='line_1_50' title="bbox 754 1473 1296 1540; baseline 0.004 -16"><span class='ocrx_word' id='word_1_275' title='bbox 754 1473 880 1524; x_wconf 83' lang='lat' dir='ltr'><strong>consulto</strong></span> <span class='ocrx_word' id='word_1_276' title='bbox 907 1489 961 1524; x_wconf 90' lang='lat' dir='ltr'><strong>non</strong></span> <span class='ocrx_word' id='word_1_277' title='bbox 986 1488 1072 1538; x_wconf 87' lang='lat' dir='ltr'><strong>usqne</strong></span> <span class='ocrx_word' id='word_1_278' title='bbox 1099 1490 1207 1540; x_wconf 90' lang='lat' dir='ltr'><strong>quaque</strong></span> <span class='ocrx_word' id='word_1_279' title='bbox 1231 1492 1296 1526; x_wconf 84' lang='lat' dir='ltr'><strong>vera</strong></span> 
     </span>
     <span class='ocr_line' id='line_1_51' title="bbox 753 1542 1296 1610; baseline 0.006 -18"><span class='ocrx_word' id='word_1_280' title='bbox 753 1542 794 1592; x_wconf 86' lang='lat' dir='ltr'><strong>ilii</strong></span> <span class='ocrx_word' id='word_1_281' title='bbox 820 1543 992 1596; x_wconf 74' lang='lat' dir='ltr'><strong>tradiderint.</strong></span> <span class='ocrx_word' id='word_1_282' title='bbox 1033 1545 1123 1608; x_wconf 77' lang='lat' dir='ltr'><strong>Atque</strong></span> <span class='ocrx_word' id='word_1_283' title='bbox 1143 1545 1188 1594; x_wconf 85' lang='lat' dir='ltr'><strong>vel</strong></span> <span class='ocrx_word' id='word_1_284' title='bbox 1211 1547 1296 1610; x_wconf 90' lang='lat' dir='ltr'><strong>ipsius</strong></span> 
     </span>
     <span class='ocr_line' id='line_1_52' title="bbox 753 1613 1296 1678; baseline 0.006 -15"><span class='ocrx_word' id='word_1_285' title='bbox 753 1613 887 1664; x_wconf 84' lang='lat' dir='ltr'><strong>Herodoti</strong></span> <span class='ocrx_word' id='word_1_286' title='bbox 904 1615 991 1666; x_wconf 91' lang='lat' dir='ltr'><strong>minor</strong></span> <span class='ocrx_word' id='word_1_287' title='bbox 1009 1614 1104 1678; x_wconf 86' lang='lat' dir='ltr'><strong>utique</strong></span> <span class='ocrx_word' id='word_1_288' title='bbox 1122 1629 1188 1664; x_wconf 85' lang='lat' dir='ltr'><strong>curs</strong></span> <span class='ocrx_word' id='word_1_289' title='bbox 1211 1616 1296 1666; x_wconf 88' lang='lat' dir='ltr'><strong>inisse</strong></span> 
     </span>
     <span class='ocr_line' id='line_1_53' title="bbox 754 1681 1296 1748; baseline 0.007 -16"><span class='ocrx_word' id='word_1_290' title='bbox 754 1681 861 1733; x_wconf 84' lang='lat' dir='ltr'><strong>ridetur</strong></span> <span class='ocrx_word' id='word_1_291' title='bbox 879 1685 908 1734; x_wconf 92' lang='lat' dir='ltr'><strong>in</strong></span> <span class='ocrx_word' id='word_1_292' title='bbox 928 1682 1095 1748; x_wconf 83' lang='lat' dir='ltr'><strong>singulorum</strong></span> <span class='ocrx_word' id='word_1_293' title='bbox 1119 1699 1212 1748; x_wconf 80' lang='lat' dir='ltr'><strong>regum</strong></span> <span class='ocrx_word' id='word_1_294' title='bbox 1237 1701 1296 1736; x_wconf 90' lang='lat' dir='ltr'><strong>suc-</strong></span> 
     </span>
     <span class='ocr_line' id='line_1_54' title="bbox 755 1752 1295 1817; baseline 0.002 -14"><span class='ocrx_word' id='word_1_295' title='bbox 755 1753 877 1804; x_wconf 85' lang='lat' dir='ltr'><strong>cessione</strong></span> <span class='ocrx_word' id='word_1_296' title='bbox 906 1757 1033 1803; x_wconf 91' lang='lat' dir='ltr'><strong>aecurate</strong></span> <span class='ocrx_word' id='word_1_297' title='bbox 1060 1752 1220 1817; x_wconf 84' lang='lat' dir='ltr'><strong>indicanda,</strong></span> <span class='ocrx_word' id='word_1_298' title='bbox 1248 1754 1295 1806; x_wconf 87' lang='lat' dir='ltr'><strong>sed</strong></span> 
     </span>
     <span class='ocr_line' id='line_1_55' title="bbox 755 1822 1294 1888; baseline 0.004 -16"><span class='ocrx_word' id='word_1_299' title='bbox 755 1822 835 1888; x_wconf 83' lang='lat' dir='ltr'><strong>longe</strong></span> <span class='ocrx_word' id='word_1_300' title='bbox 853 1823 938 1873; x_wconf 88' lang='lat' dir='ltr'><strong>maier</strong></span> <span class='ocrx_word' id='word_1_301' title='bbox 956 1822 1078 1886; x_wconf 86' lang='lat' dir='ltr'><strong>adeoque</strong></span> <span class='ocrx_word' id='word_1_302' title='bbox 1090 1824 1245 1888; x_wconf 88' lang='lat' dir='ltr'><strong>praecipua,</strong></span> <span class='ocrx_word' id='word_1_303' title='bbox 1263 1829 1294 1874; x_wconf 90' lang='lat' dir='ltr'><strong>ut</strong></span> 
     </span>
     <span class='ocr_line' id='line_1_56' title="bbox 755 1891 1296 1958; baseline 0.004 -16"><span class='ocrx_word' id='word_1_304' title='bbox 755 1891 881 1955; x_wconf 82' lang='lat' dir='ltr'><strong>Graecis,</strong></span> <span class='ocrx_word' id='word_1_305' title='bbox 900 1892 996 1958; x_wconf 87' lang='lat' dir='ltr'><strong>quibus</strong></span> <span class='ocrx_word' id='word_1_306' title='bbox 1009 1907 1086 1942; x_wconf 88' lang='lat' dir='ltr'><strong>suam</strong></span> <span class='ocrx_word' id='word_1_307' title='bbox 1100 1891 1240 1942; x_wconf 88' lang='lat' dir='ltr'><strong>historiam</strong></span> <span class='ocrx_word' id='word_1_308' title='bbox 1251 1894 1296 1944; x_wconf 90' lang='lat' dir='ltr'><strong>de·</strong></span> 
     </span>
     <span class='ocr_line' id='line_1_57' title="bbox 754 1960 1296 2027; baseline 0.004 -17"><span class='ocrx_word' id='word_1_309' title='bbox 754 1962 884 2026; x_wconf 77' lang='lat' dir='ltr'><strong>stiparet,</strong></span> <span class='ocrx_word' id='word_1_310' title='bbox 909 1960 1059 2012; x_wconf 78' lang='lat' dir='ltr'><strong>mitandum</strong></span> <span class='ocrx_word' id='word_1_311' title='bbox 1087 1976 1152 2012; x_wconf 86' lang='lat' dir='ltr'><strong>sane</strong></span> <span class='ocrx_word' id='word_1_312' title='bbox 1179 1964 1296 2027; x_wconf 88' lang='lat' dir='ltr'><strong>pyrami-</strong></span> 
     </span>
     <span class='ocr_line' id='line_1_58' title="bbox 755 2031 1295 2098; baseline 0.007 -18"><span class='ocrx_word' id='word_1_313' title='bbox 755 2031 817 2080; x_wconf 89' lang='lat' dir='ltr'><strong>dum</strong></span> <span class='ocrx_word' id='word_1_314' title='bbox 840 2047 907 2096; x_wconf 89' lang='lat' dir='ltr'><strong>opus</strong></span> <span class='ocrx_word' id='word_1_315' title='bbox 932 2035 1071 2088; x_wconf 87' lang='lat' dir='ltr'><strong>enarraret</strong></span> <span class='ocrx_word' id='word_1_316' title='bbox 1097 2032 1295 2098; x_wconf 89' lang='lat' dir='ltr'><strong>eamndemque</strong></span> 
     </span>
     <span class='ocr_line' id='line_1_59' title="bbox 753 2100 1296 2168; baseline 0.004 -16"><span class='ocrx_word' id='word_1_317' title='bbox 753 2105 917 2152; x_wconf 87' lang='lat' dir='ltr'><strong>structuram</strong></span> <span class='ocrx_word' id='word_1_318' title='bbox 942 2100 1101 2165; x_wconf 86' lang='lat' dir='ltr'><strong>explicaret,</strong></span> <span class='ocrx_word' id='word_1_319' title='bbox 1126 2117 1212 2167; x_wconf 86' lang='lat' dir='ltr'><strong>esque</strong></span> <span class='ocrx_word' id='word_1_320' title='bbox 1234 2103 1296 2168; x_wconf 87' lang='lat' dir='ltr'><strong>ipsa</strong></span> 
     </span>
     <span class='ocr_line' id='line_1_60' title="bbox 754 2170 1294 2236; baseline 0.002 -15"><span class='ocrx_word' id='word_1_321' title='bbox 754 2170 867 2222; x_wconf 82' lang='lat' dir='ltr'><strong>adderet</strong></span> <span class='ocrx_word' id='word_1_322' title='bbox 885 2170 1010 2236; x_wconf 88' lang='lat' dir='ltr'><strong>reliquis,</strong></span> <span class='ocrx_word' id='word_1_323' title='bbox 1033 2185 1103 2236; x_wconf 88' lang='lat' dir='ltr'><strong>quae</strong></span> <span class='ocrx_word' id='word_1_324' title='bbox 1123 2171 1156 2221; x_wconf 92' lang='lat' dir='ltr'><strong>de</strong></span> <span class='ocrx_word' id='word_1_325' title='bbox 1173 2171 1294 2236; x_wconf 86' lang='lat' dir='ltr'><strong>praeela-</strong></span> 
     </span>
    </p>
   </div>
   <div class='ocr_carea' id='block_1_7' title="bbox 753 2241 1377 2307">
    <p class='ocr_par' dir='ltr' id='par_1_8' title="bbox 753 2241 1377 2307">
     <span class='ocr_line' id='line_1_61' title="bbox 753 2241 1377 2307; baseline 0.006 -18"><span class='ocrx_word' id='word_1_326' title='bbox 753 2241 791 2290; x_wconf 85' lang='lat' dir='ltr'><strong>ris</strong></span> <span class='ocrx_word' id='word_1_327' title='bbox 810 2241 1004 2306; x_wconf 80' lang='lat' dir='ltr'><strong>Aegyptiorum</strong></span> <span class='ocrx_word' id='word_1_328' title='bbox 1023 2241 1148 2305; x_wconf 84' lang='lat' dir='ltr'><strong>operibus</strong></span> <span class='ocrx_word' id='word_1_329' title='bbox 1160 2241 1293 2307; x_wconf 87' lang='lat' dir='ltr'><strong>rebusque</strong></span> <span class='ocrx_word' id='word_1_330' title='bbox 1373 2255 1377 2264; x_wconf 82' lang='lat'>¹</span> 
     </span>
    </p>
   </div>
   <div class='ocr_carea' id='block_1_8' title="bbox 751 2311 1295 3416">
    <p class='ocr_par' dir='ltr' id='par_1_9' title="bbox 751 2311 1295 3141">
     <span class='ocr_line' id='line_1_62' title="bbox 753 2311 1295 2375; baseline 0.004 -15"><span class='ocrx_word' id='word_1_331' title='bbox 753 2312 839 2375; x_wconf 80' lang='lat' dir='ltr'><strong>gestis</strong></span> <span class='ocrx_word' id='word_1_332' title='bbox 857 2313 910 2362; x_wconf 86' lang='lat' dir='ltr'><strong>ianr</strong></span> <span class='ocrx_word' id='word_1_333' title='bbox 929 2311 957 2360; x_wconf 92' lang='lat' dir='ltr'><strong>in</strong></span> <span class='ocrx_word' id='word_1_334' title='bbox 975 2311 1198 2362; x_wconf 79' lang='lat' dir='ltr'><strong>antecedentibus</strong></span> <span class='ocrx_word' id='word_1_335' title='bbox 1217 2327 1295 2362; x_wconf 84' lang='lat' dir='ltr'><strong>ener-</strong></span> 
     </span>
     <span class='ocr_line' id='line_1_63' title="bbox 753 2381 1293 2446; baseline 0.006 -18"><span class='ocrx_word' id='word_1_336' title='bbox 753 2385 872 2432; x_wconf 81' lang='lat' dir='ltr'><strong>raverst.</strong></span> <span class='ocrx_word' id='word_1_337' title='bbox 908 2381 1003 2445; x_wconf 89' lang='lat' dir='ltr'><strong>Neque</strong></span> <span class='ocrx_word' id='word_1_338' title='bbox 1016 2381 1086 2431; x_wconf 88' lang='lat' dir='ltr'><strong>enirn</strong></span> <span class='ocrx_word' id='word_1_339' title='bbox 1099 2381 1293 2446; x_wconf 82' lang='lat' dir='ltr'><strong>Aegyptiorum</strong></span> 
     </span>
     <span class='ocr_line' id='line_1_64' title="bbox 752 2449 1294 2514; baseline 0 -14"><span class='ocrx_word' id='word_1_340' title='bbox 752 2449 893 2502; x_wconf 82' lang='lat' dir='ltr'><strong>historiam</strong></span> <span class='ocrx_word' id='word_1_341' title='bbox 912 2451 1031 2500; x_wconf 88' lang='lat' dir='ltr'><strong>scribere</strong></span> <span class='ocrx_word' id='word_1_342' title='bbox 1048 2451 1147 2502; x_wconf 84' lang='lat' dir='ltr'><strong>Noster</strong></span> <span class='ocrx_word' id='word_1_343' title='bbox 1165 2452 1294 2514; x_wconf 88' lang='lat' dir='ltr'><strong>instituit,</strong></span> 
     </span>
     <span class='ocr_line' id='line_1_65' title="bbox 752 2520 1294 2586; baseline -0.004 -14"><span class='ocrx_word' id='word_1_344' title='bbox 752 2521 800 2572; x_wconf 87' lang='lat' dir='ltr'><strong>sed</strong></span> <span class='ocrx_word' id='word_1_345' title='bbox 809 2521 1003 2586; x_wconf 78' lang='lat' dir='ltr'><strong>Aegyptiorum</strong></span> <span class='ocrx_word' id='word_1_346' title='bbox 1012 2535 1055 2570; x_wconf 91' lang='lat' dir='ltr'><strong>res</strong></span> <span class='ocrx_word' id='word_1_347' title='bbox 1064 2520 1210 2585; x_wconf 86' lang='lat' dir='ltr'><strong>mirabiles,</strong></span> <span class='ocrx_word' id='word_1_348' title='bbox 1225 2535 1294 2586; x_wconf 83' lang='lat' dir='ltr'><strong>quae</strong></span> 
     </span>
     <span class='ocr_line' id='line_1_66' title="bbox 753 2590 1294 2642; baseline -0.004 0"><span class='ocrx_word' id='word_1_349' title='bbox 753 2592 917 2642; x_wconf 85' lang='lat' dir='ltr'><strong>Graecorum</strong></span> <span class='ocrx_word' id='word_1_350' title='bbox 936 2591 1039 2640; x_wconf 84' lang='lat' dir='ltr'><strong>animos</strong></span> <span class='ocrx_word' id='word_1_351' title='bbox 1062 2590 1176 2641; x_wconf 87' lang='lat' dir='ltr'><strong>maxime</strong></span> <span class='ocrx_word' id='word_1_352' title='bbox 1200 2592 1294 2641; x_wconf 84' lang='lat' dir='ltr'><strong>adver-</strong></span> 
     </span>
     <span class='ocr_line' id='line_1_67' title="bbox 752 2659 1293 2724; baseline -0.004 -13"><span class='ocrx_word' id='word_1_353' title='bbox 752 2666 856 2724; x_wconf 85' lang='lat' dir='ltr'><strong>terent,</strong></span> <span class='ocrx_word' id='word_1_354' title='bbox 880 2675 1012 2724; x_wconf 84' lang='lat' dir='ltr'><strong>exponere</strong></span> <span class='ocrx_word' id='word_1_355' title='bbox 1031 2659 1059 2708; x_wconf 91' lang='lat' dir='ltr'><strong>in</strong></span> <span class='ocrx_word' id='word_1_356' title='bbox 1081 2660 1170 2710; x_wconf 87' lang='lat' dir='ltr'><strong>animo</strong></span> <span class='ocrx_word' id='word_1_357' title='bbox 1189 2661 1293 2722; x_wconf 87' lang='lat' dir='ltr'><strong>habuit,</strong></span> 
     </span>
     <span class='ocr_line' id='line_1_68' title="bbox 752 2728 1293 2795; baseline -0.007 -14"><span class='ocrx_word' id='word_1_358' title='bbox 752 2745 836 2795; x_wconf 84' lang='lat' dir='ltr'><strong>coque</strong></span> <span class='ocrx_word' id='word_1_359' title='bbox 858 2743 967 2780; x_wconf 88' lang='lat' dir='ltr'><strong>renuere</strong></span> <span class='ocrx_word' id='word_1_360' title='bbox 990 2729 1031 2778; x_wconf 87' lang='lat' dir='ltr'><strong>ita</strong></span> <span class='ocrx_word' id='word_1_361' title='bbox 1053 2728 1213 2792; x_wconf 82' lang='lat' dir='ltr'><strong>perfunctus</strong></span> <span class='ocrx_word' id='word_1_362' title='bbox 1242 2733 1293 2790; x_wconf 91' lang='lat' dir='ltr'><strong>est,</strong></span> 
     </span>
     <span class='ocr_line' id='line_1_69' title="bbox 752 2797 1294 2866; baseline -0.007 -16"><span class='ocrx_word' id='word_1_363' title='bbox 752 2805 782 2850; x_wconf 93' lang='lat' dir='ltr'><strong>nt</strong></span> <span class='ocrx_word' id='word_1_364' title='bbox 792 2800 827 2866; x_wconf 86' lang='lat' dir='ltr'><strong>ad</strong></span> <span class='ocrx_word' id='word_1_365' title='bbox 841 2814 884 2850; x_wconf 90' lang='lat' dir='ltr'><strong>res</strong></span> <span class='ocrx_word' id='word_1_366' title='bbox 897 2799 971 2863; x_wconf 87' lang='lat' dir='ltr'><strong>ipsas</strong></span> <span class='ocrx_word' id='word_1_367' title='bbox 983 2797 1070 2860; x_wconf 80' lang='lat' dir='ltr'><strong>magis</strong></span> <span class='ocrx_word' id='word_1_368' title='bbox 1086 2811 1166 2861; x_wconf 88' lang='lat' dir='ltr'><strong>quam</strong></span> <span class='ocrx_word' id='word_1_369' title='bbox 1181 2799 1216 2848; x_wconf 85' lang='lat' dir='ltr'><strong>ed</strong></span> <span class='ocrx_word' id='word_1_370' title='bbox 1228 2804 1294 2847; x_wconf 85' lang='lat' dir='ltr'><strong>tenr-</strong></span> 
     </span>
     <span class='ocr_line' id='line_1_70' title="bbox 751 2867 1294 2933; baseline -0.006 -14"><span class='ocrx_word' id='word_1_371' title='bbox 751 2883 845 2933; x_wconf 88' lang='lat' dir='ltr'><strong>pornm</strong></span> <span class='ocrx_word' id='word_1_372' title='bbox 864 2867 1063 2918; x_wconf 89' lang='lat' dir='ltr'><strong>successionem</strong></span> <span class='ocrx_word' id='word_1_373' title='bbox 1086 2867 1237 2916; x_wconf 87' lang='lat' dir='ltr'><strong>attendisse</strong></span> <span class='ocrx_word' id='word_1_374' title='bbox 1254 2867 1294 2916; x_wconf 85' lang='lat' dir='ltr'><strong>vi·</strong></span> 
     </span>
     <span class='ocr_line' id='line_1_71' title="bbox 752 2934 1292 2988; baseline -0.009 0"><span class='ocrx_word' id='word_1_375' title='bbox 752 2939 857 2988; x_wconf 80' lang='lat' dir='ltr'><strong>deahrr.</strong></span> <span class='ocrx_word' id='word_1_376' title='bbox 907 2936 1049 2986; x_wconf 83' lang='lat' dir='ltr'><strong>Caeterum</strong></span> <span class='ocrx_word' id='word_1_377' title='bbox 1079 2935 1153 2984; x_wconf 83' lang='lat' dir='ltr'><strong>coni.</strong></span> <span class='ocrx_word' id='word_1_378' title='bbox 1187 2934 1220 2984; x_wconf 93' lang='lat' dir='ltr'><strong>de</strong></span> <span class='ocrx_word' id='word_1_379' title='bbox 1250 2935 1292 2984; x_wconf 85' lang='lat' dir='ltr'><strong>his</strong></span> 
     </span>
     <span class='ocr_line' id='line_1_72' title="bbox 753 3003 1291 3072; baseline -0.006 -16"><span class='ocrx_word' id='word_1_380' title='bbox 753 3007 850 3068; x_wconf 89' lang='lat' dir='ltr'><strong>etism,</strong></span> <span class='ocrx_word' id='word_1_381' title='bbox 875 3021 944 3072; x_wconf 89' lang='lat' dir='ltr'><strong>quas</strong></span> <span class='ocrx_word' id='word_1_382' title='bbox 962 3004 1084 3068; x_wconf 86' lang='lat' dir='ltr'><strong>disputat</strong></span> <span class='ocrx_word' id='word_1_383' title='bbox 1105 3005 1215 3054; x_wconf 89' lang='lat' dir='ltr'><strong>Bunsen</strong></span> <span class='ocrx_word' id='word_1_384' title='bbox 1233 3005 1252 3054; x_wconf 93' lang='lat' dir='ltr'><strong>l.</strong></span> <span class='ocrx_word' id='word_1_385' title='bbox 1272 3003 1291 3054; x_wconf 92' lang='grc'><strong>1.</strong></span> 
     </span>
     <span class='ocr_line' id='line_1_73' title="bbox 752 3071 1223 3141; baseline -0.008 -15"><span class='ocrx_word' id='word_1_386' title='bbox 752 3077 790 3126; x_wconf 92' lang='lat'><strong>11.</strong></span> <span class='ocrx_word' id='word_1_387' title='bbox 809 3091 872 3141; x_wconf 79' lang='lat' dir='ltr'><strong>pag.</strong></span> <span class='ocrx_word' id='word_1_388' title='bbox 892 3071 1020 3126; x_wconf 73' lang='lat'>1400011.</span> <span class='ocrx_word' id='word_1_389' title='bbox 1038 3073 1062 3123; x_wconf 94' lang='lat' dir='ltr'><strong>I.</strong></span> <span class='ocrx_word' id='word_1_390' title='bbox 1080 3087 1115 3136; x_wconf 87' lang='lat' dir='ltr'><strong>pa</strong></span> <span class='ocrx_word' id='word_1_391' title='bbox 1137 3109 1143 3124; x_wconf 90' lang='lat'><em>.</em></span> <span class='ocrx_word' id='word_1_392' title='bbox 1164 3072 1223 3124; x_wconf 79' lang='lat'>186.</span> 
     </span>
    </p>

    <p class='ocr_par' dir='ltr' id='par_1_10' title="bbox 752 3087 1293 3416">
     <span class='ocr_line' id='line_1_74' title="bbox 788 3087 1293 3209; baseline 0 -16"><span class='ocrx_word' id='word_1_393' title='bbox 788 3136 816 3202; x_wconf 67' lang='lat' dir='ltr'><strong>te</strong></span> <span class='ocrx_word' id='word_1_394' title='bbox 832 3142 928 3193; x_wconf 73' lang='lat' dir='ltr'><strong>redeas</strong></span> <span class='ocrx_word' id='word_1_395' title='bbox 950 3134 1091 3205; x_wconf 77' lang='grc' dir='ltr'><strong><em>κακότητα</em></strong></span> <span class='ocrx_word' id='word_1_396' title='bbox 1116 3087 1220 3209; x_wconf 67' lang='lat' dir='ltr'><strong>Iterat]</strong></span> <span class='ocrx_word' id='word_1_397' title='bbox 1241 3143 1293 3193; x_wconf 91' lang='lat' dir='ltr'><strong>Po·</strong></span> 
     </span>
     <span class='ocr_line' id='line_1_75' title="bbox 752 3209 1291 3277; baseline -0.004 -13"><span class='ocrx_word' id='word_1_398' title='bbox 752 3216 829 3276; x_wconf 90' lang='lat' dir='ltr'><strong>terit,</strong></span> <span class='ocrx_word' id='word_1_399' title='bbox 865 3217 990 3263; x_wconf 87' lang='lat' dir='ltr'><strong>monente</strong></span> <span class='ocrx_word' id='word_1_400' title='bbox 1026 3209 1291 3277; x_wconf 81' lang='lat' dir='ltr'><strong>Schweighaeusero,</strong></span> 
     </span>
     <span class='ocr_line' id='line_1_76' title="bbox 752 3273 1291 3346; baseline -0.009 -11"><span class='ocrx_word' id='word_1_401' title='bbox 752 3284 863 3335; x_wconf 84' lang='lat' dir='ltr'><strong>verbum</strong></span> <span class='ocrx_word' id='word_1_402' title='bbox 883 3273 978 3332; x_wconf 77' lang='grc' dir='ltr'><strong><em>ἐλάσαι</em></strong></span> <span class='ocrx_word' id='word_1_403' title='bbox 997 3281 1170 3332; x_wconf 83' lang='lat' dir='ltr'><strong>intransitive</strong></span> <span class='ocrx_word' id='word_1_404' title='bbox 1193 3282 1291 3346; x_wconf 85' lang='lat' dir='ltr'><strong>accipi,</strong></span> 
     </span>
     <span class='ocr_line' id='line_1_77' title="bbox 752 3343 1293 3416; baseline -0.007 -12"><span class='ocrx_word' id='word_1_405' title='bbox 752 3352 890 3404; x_wconf 86' lang='lat' dir='ltr'><strong>intellecto</strong></span> <span class='ocrx_word' id='word_1_406' title='bbox 902 3351 945 3402; x_wconf 87' lang='lat' dir='ltr'><strong>vel</strong></span> <span class='ocrx_word' id='word_1_407' title='bbox 958 3351 1116 3416; x_wconf 88' lang='lat' dir='ltr'><strong>pronomine</strong></span> <span class='ocrx_word' id='word_1_408' title='bbox 1127 3343 1241 3414; x_wconf 76' lang='grc' dir='ltr'><strong><em>ἑωυτὸν,</em></strong></span> <span class='ocrx_word' id='word_1_409' title='bbox 1262 3357 1293 3401; x_wconf 88' lang='lat' dir='ltr'><strong>nt</strong></span> 
     </span>
    </p>
   </div>
   <div class='ocr_carea' id='block_1_9' title="bbox 109 3420 1293 4393">
    <p class='ocr_par' dir='ltr' id='par_1_11' title="bbox 109 3420 1293 4393">
     <span class='ocr_line' id='line_1_78' title="bbox 162 3420 1292 3488; baseline 0 -18"><span class='ocrx_word' id='word_1_410' title='bbox 162 3420 320 3472; x_wconf 83' lang='lat' dir='ltr'><strong>d&#39;Herodot.</strong></span> <span class='ocrx_word' id='word_1_411' title='bbox 340 3422 417 3472; x_wconf 88' lang='lat' dir='ltr'>VIII.</span> <span class='ocrx_word' id='word_1_412' title='bbox 437 3438 499 3488; x_wconf 80' lang='lat' dir='ltr'><strong>pag.</strong></span> <span class='ocrx_word' id='word_1_413' title='bbox 525 3421 571 3486; x_wconf 75' lang='lat'><strong>90)</strong></span> <span class='ocrx_word' id='word_1_414' title='bbox 596 3422 701 3486; x_wconf 81' lang='lat' dir='ltr'><strong>cneops</strong></span> <span class='ocrx_word' id='word_1_415' title='bbox 753 3439 848 3476; x_wconf 86' lang='lat' dir='ltr'><strong>sensus</strong></span> <span class='ocrx_word' id='word_1_416' title='bbox 867 3422 917 3472; x_wconf 86' lang='lat' dir='ltr'><strong>sit:</strong></span> <span class='ocrx_word' id='word_1_417' title='bbox 936 3425 1000 3472; x_wconf 84' lang='lat' dir='ltr'><strong>omni</strong></span> <span class='ocrx_word' id='word_1_418' title='bbox 1017 3423 1146 3485; x_wconf 80' lang='lat' dir='ltr'><strong>neqnititie</strong></span> <span class='ocrx_word' id='word_1_419' title='bbox 1166 3437 1189 3470; x_wconf 91' lang='lat' dir='ltr'><strong>s.</strong></span> <span class='ocrx_word' id='word_1_420' title='bbox 1205 3424 1292 3484; x_wconf 85' lang='lat' dir='ltr'><strong>pruni·</strong></span> 
     </span>
     <span class='ocr_line' id='line_1_79' title="bbox 160 3488 1293 3558; baseline -0.004 -16"><span class='ocrx_word' id='word_1_421' title='bbox 160 3506 274 3558; x_wconf 78' lang='lat' dir='ltr'><strong>regnare</strong></span> <span class='ocrx_word' id='word_1_422' title='bbox 293 3493 382 3557; x_wconf 88' lang='lat' dir='ltr'><strong>coepit</strong></span> <span class='ocrx_word' id='word_1_423' title='bbox 394 3507 465 3542; x_wconf 85' lang='lat' dir='ltr'><strong>enno</strong></span> <span class='ocrx_word' id='word_1_424' title='bbox 480 3493 547 3544; x_wconf 92' lang='grc'><strong>1178</strong></span> <span class='ocrx_word' id='word_1_425' title='bbox 559 3496 622 3542; x_wconf 87' lang='lat' dir='ltr'><strong>ente</strong></span> <span class='ocrx_word' id='word_1_426' title='bbox 638 3492 699 3543; x_wconf 82' lang='lat' dir='ltr'><strong>Chr.</strong></span> <span class='ocrx_word' id='word_1_427' title='bbox 752 3500 1020 3558; x_wconf 78' lang='lat' dir='ltr'><strong>toteprnsaoternesse</strong></span> <span class='ocrx_word' id='word_1_428' title='bbox 1037 3506 1133 3556; x_wconf 75' lang='lat' dir='ltr'><strong>repen,</strong></span> <span class='ocrx_word' id='word_1_429' title='bbox 1151 3490 1194 3540; x_wconf 82' lang='lat' dir='ltr'><strong>rel</strong></span> <span class='ocrx_word' id='word_1_430' title='bbox 1205 3488 1293 3554; x_wconf 81' lang='grc' dir='ltr'><strong><em>σφέας</em></strong></span> 
     </span>
     <span class='ocr_line' id='line_1_80' title="bbox 109 3555 1291 3628; baseline -0.003 -17"><span class='ocrx_word' id='word_1_431' title='bbox 109 3555 113 3564; x_wconf 84' lang='grc'><strong><em>’</em></strong></span> <span class='ocrx_word' id='word_1_432' title='bbox 160 3577 187 3612; x_wconf 91' lang='lat' dir='ltr'><strong>n.</strong></span> <span class='ocrx_word' id='word_1_433' title='bbox 207 3561 508 3627; x_wconf 84' lang='lat' dir='ltr'><strong>postRharnpsinitnm,</strong></span> <span class='ocrx_word' id='word_1_434' title='bbox 528 3577 699 3628; x_wconf 82' lang='lat' dir='ltr'><strong>qnemregno</strong></span> <span class='ocrx_word' id='word_1_435' title='bbox 752 3565 810 3614; x_wconf 86' lang='lat' dir='ltr'><strong>sive</strong></span> <span class='ocrx_word' id='word_1_436' title='bbox 834 3555 887 3627; x_wconf 85' lang='grc' dir='ltr'><strong>τὴν</strong></span> <span class='ocrx_word' id='word_1_437' title='bbox 904 3559 1058 3625; x_wconf 61' lang='grc' dir='ltr'><strong><em>Αἴγυπτους</em></strong></span> <span class='ocrx_word' id='word_1_438' title='bbox 1081 3565 1107 3612; x_wconf 83' lang='lat' dir='ltr'><strong>r&#39;n</strong></span> <span class='ocrx_word' id='word_1_439' title='bbox 1132 3575 1223 3610; x_wconf 84' lang='lat' dir='ltr'><strong>omnem</strong></span> <span class='ocrx_word' id='word_1_440' title='bbox 1247 3575 1291 3608; x_wconf 83' lang='lat' dir='ltr'><strong>ro·</strong></span> 
     </span>
     <span class='ocr_line' id='line_1_81' title="bbox 161 3629 1292 3698; baseline -0.005 -16"><span class='ocrx_word' id='word_1_441' title='bbox 161 3632 281 3697; x_wconf 86' lang='lat' dir='ltr'><strong>excepit,</strong></span> <span class='ocrx_word' id='word_1_442' title='bbox 306 3636 335 3682; x_wconf 91' lang='lat' dir='ltr'><strong>ut</strong></span> <span class='ocrx_word' id='word_1_443' title='bbox 354 3631 380 3682; x_wconf 91' lang='lat' dir='ltr'><strong>h.</strong></span> <span class='ocrx_word' id='word_1_444' title='bbox 399 3632 417 3681; x_wconf 92' lang='grc'><strong>1.</strong></span> <span class='ocrx_word' id='word_1_445' title='bbox 438 3632 560 3682; x_wconf 85' lang='lat' dir='ltr'><strong>enuntiat</strong></span> <span class='ocrx_word' id='word_1_446' title='bbox 578 3631 702 3682; x_wconf 86' lang='lat' dir='ltr'><strong>Herode·</strong></span> <span class='ocrx_word' id='word_1_447' title='bbox 751 3636 881 3686; x_wconf 71' lang='lat' dir='ltr'><strong>tonderem</strong></span> <span class='ocrx_word' id='word_1_448' title='bbox 896 3647 977 3698; x_wconf 79' lang='lat' dir='ltr'><strong>nepem</strong></span> <span class='ocrx_word' id='word_1_449' title='bbox 988 3629 1292 3694; x_wconf 75' lang='grc' dir='ltr'><strong><em>μτοιιτωίτεεΑεμμμιιινι</em></strong></span> 
     </span>
     <span class='ocr_line' id='line_1_82' title="bbox 160 3698 1292 3767; baseline -0.004 -15"><span class='ocrx_word' id='word_1_450' title='bbox 160 3706 219 3752; x_wconf 88' lang='lat' dir='ltr'><strong>tus:</strong></span> <span class='ocrx_word' id='word_1_451' title='bbox 243 3701 315 3766; x_wconf 92' lang='lat' dir='ltr'><strong>quod</strong></span> <span class='ocrx_word' id='word_1_452' title='bbox 336 3699 444 3767; x_wconf 86' lang='lat' dir='ltr'><strong>quidem</strong></span> <span class='ocrx_word' id='word_1_453' title='bbox 467 3717 558 3752; x_wconf 83' lang='lat' dir='ltr'><strong>verum</strong></span> <span class='ocrx_word' id='word_1_454' title='bbox 578 3702 700 3752; x_wconf 63' lang='lat' dir='ltr'><strong>essexia</strong></span> <span class='ocrx_word' id='word_1_455' title='bbox 751 3704 809 3753; x_wconf 85' lang='lat' dir='ltr'><strong>sive</strong></span> <span class='ocrx_word' id='word_1_456' title='bbox 831 3703 896 3753; x_wconf 87' lang='lat' dir='ltr'><strong>orani</strong></span> <span class='ocrx_word' id='word_1_457' title='bbox 918 3701 1062 3750; x_wconf 82' lang='lat' dir='ltr'><strong>calamitate</strong></span> <span class='ocrx_word' id='word_1_458' title='bbox 1083 3717 1100 3750; x_wconf 90' lang='lat' dir='ltr'><strong>u</strong></span> <span class='ocrx_word' id='word_1_459' title='bbox 1124 3714 1184 3764; x_wconf 72' lang='lat' dir='ltr'><strong>repe</strong></span> <span class='ocrx_word' id='word_1_460' title='bbox 1205 3698 1292 3763; x_wconf 73' lang='lat' dir='ltr'><strong>Aepy·</strong></span> 
     </span>
     <span class='ocr_line' id='line_1_83' title="bbox 160 3769 1292 3837; baseline -0.005 -15"><span class='ocrx_word' id='word_1_461' title='bbox 160 3771 496 3837; x_wconf 89' lang='lat' dir='ltr'><strong>poterit,qnandoquidem</strong></span> <span class='ocrx_word' id='word_1_462' title='bbox 508 3771 701 3835; x_wconf 84' lang='lat' dir='ltr'><strong>Gheops,Ohe·</strong></span> <span class='ocrx_word' id='word_1_463' title='bbox 748 3770 1039 3836; x_wconf 77' lang='lat' dir='ltr'><strong>ptnmpressnrnsaisse.</strong></span> <span class='ocrx_word' id='word_1_464' title='bbox 1077 3769 1143 3820; x_wconf 85' lang='lat' dir='ltr'><strong>Mihi</strong></span> <span class='ocrx_word' id='word_1_465' title='bbox 1153 3770 1221 3820; x_wconf 85' lang='lat' dir='ltr'><strong>haee</strong></span> <span class='ocrx_word' id='word_1_466' title='bbox 1236 3781 1292 3816; x_wconf 85' lang='lat' dir='ltr'><strong>ms·</strong></span> 
     </span>
     <span class='ocr_line' id='line_1_84' title="bbox 159 3838 1292 3908; baseline -0.005 -18"><span class='ocrx_word' id='word_1_467' title='bbox 159 3842 258 3906; x_wconf 89' lang='lat' dir='ltr'><strong>phren,</strong></span> <span class='ocrx_word' id='word_1_468' title='bbox 276 3841 430 3906; x_wconf 83' lang='lat' dir='ltr'><strong>Mycerinns</strong></span> <span class='ocrx_word' id='word_1_469' title='bbox 448 3841 484 3890; x_wconf 88' lang='lat' dir='ltr'><strong>ad</strong></span> <span class='ocrx_word' id='word_1_470' title='bbox 502 3846 625 3906; x_wconf 85' lang='lat' dir='ltr'><strong>quartam</strong></span> <span class='ocrx_word' id='word_1_471' title='bbox 644 3857 702 3906; x_wconf 88' lang='lat' dir='ltr'><strong>per·</strong></span> <span class='ocrx_word' id='word_1_472' title='bbox 751 3843 794 3908; x_wconf 82' lang='lat' dir='ltr'><strong>gis</strong></span> <span class='ocrx_word' id='word_1_473' title='bbox 814 3843 917 3892; x_wconf 87' lang='lat' dir='ltr'><strong>arridet</strong></span> <span class='ocrx_word' id='word_1_474' title='bbox 946 3839 1034 3899; x_wconf 89' lang='lat' dir='ltr'><strong>ratio,</strong></span> <span class='ocrx_word' id='word_1_475' title='bbox 1063 3843 1093 3888; x_wconf 92' lang='lat' dir='ltr'><strong>ut</strong></span> <span class='ocrx_word' id='word_1_476' title='bbox 1116 3839 1150 3899; x_wconf 90' lang='lat' dir='ltr'><strong>V,</strong></span> <span class='ocrx_word' id='word_1_477' title='bbox 1173 3839 1215 3888; x_wconf 74' lang='lat'><strong>50,</strong></span> <span class='ocrx_word' id='word_1_478' title='bbox 1256 3838 1292 3886; x_wconf 83' lang='lat' dir='ltr'><strong>Et</strong></span> 
     </span>
     <span class='ocr_line' id='line_1_85' title="bbox 159 3899 1291 3976; baseline -0.004 -17"><span class='ocrx_word' id='word_1_479' title='bbox 159 3912 245 3962; x_wconf 87' lang='lat' dir='ltr'><strong>tinere</strong></span> <span class='ocrx_word' id='word_1_480' title='bbox 270 3911 396 3962; x_wconf 87' lang='lat' dir='ltr'><strong>dicuntur</strong></span> <span class='ocrx_word' id='word_1_481' title='bbox 419 3911 592 3962; x_wconf 87' lang='lat' dir='ltr'><strong>Manethonis</strong></span> <span class='ocrx_word' id='word_1_482' title='bbox 618 3909 701 3976; x_wconf 86' lang='lat' dir='ltr'><strong>dyne·</strong></span> <span class='ocrx_word' id='word_1_483' title='bbox 752 3912 845 3963; x_wconf 87' lang='lat' dir='ltr'><strong>eonier</strong></span> <span class='ocrx_word' id='word_1_484' title='bbox 862 3909 934 3960; x_wconf 87' lang='lat' dir='ltr'><strong>inira</strong></span> <span class='ocrx_word' id='word_1_485' title='bbox 955 3908 992 3970; x_wconf 92' lang='lat'><strong>11,</strong></span> <span class='ocrx_word' id='word_1_486' title='bbox 1013 3907 1075 3958; x_wconf 76' lang='lat'>126:</span> <span class='ocrx_word' id='word_1_487' title='bbox 1102 3900 1130 3964; x_wconf 75' lang='grc' dir='ltr'><strong>ἐς</strong></span> <span class='ocrx_word' id='word_1_488' title='bbox 1152 3904 1236 3956; x_wconf 75' lang='grc' dir='ltr'><strong><em>τοῦτο</em></strong></span> <span class='ocrx_word' id='word_1_489' title='bbox 1259 3899 1291 3954; x_wconf 73' lang='grc' dir='ltr'><strong>δὲ</strong></span> 
     </span>
     <span class='ocr_line' id='line_1_86' title="bbox 160 3969 1148 4056; baseline -0.006 -26"><span class='ocrx_word' id='word_1_490' title='bbox 160 3982 254 4042; x_wconf 80' lang='lat' dir='ltr'><strong>stiam,</strong></span> <span class='ocrx_word' id='word_1_491' title='bbox 278 3981 396 4046; x_wconf 91' lang='lat' dir='ltr'><strong>indeque</strong></span> <span class='ocrx_word' id='word_1_492' title='bbox 419 3981 500 4046; x_wconf 82' lang='lat' dir='ltr'><strong>longe</strong></span> <span class='ocrx_word' id='word_1_493' title='bbox 521 3985 584 4030; x_wconf 87' lang='lat' dir='ltr'><strong>ante</strong></span> <span class='ocrx_word' id='word_1_494' title='bbox 604 3980 701 4031; x_wconf 85' lang='lat' dir='ltr'><strong>Rham·</strong></span> <span class='ocrx_word' id='word_1_495' title='bbox 753 3973 849 4030; x_wconf 76' lang='grc' dir='ltr'><strong><em>ἐλθεῖν</em></strong></span> <span class='ocrx_word' id='word_1_496' title='bbox 866 3976 966 4028; x_wconf 77' lang='grc' dir='ltr'><strong><em>Χέοπα</em></strong></span> <span class='ocrx_word' id='word_1_497' title='bbox 982 3969 1148 4056; x_wconf 74' lang='grc' dir='ltr'><strong><em>κακότητος.</em></strong></span> 
     </span>
     <span class='ocr_line' id='line_1_87' title="bbox 159 4042 1289 4117; baseline -0.005 -19"><span class='ocrx_word' id='word_1_498' title='bbox 159 4045 297 4114; x_wconf 87' lang='lat' dir='ltr'><strong>psinitn&#39;m,</strong></span> <span class='ocrx_word' id='word_1_499' title='bbox 317 4051 447 4101; x_wconf 91' lang='lat' dir='ltr'><strong>Proteum</strong></span> <span class='ocrx_word' id='word_1_500' title='bbox 464 4051 604 4117; x_wconf 89' lang='lat' dir='ltr'><strong>ipsumque</strong></span> <span class='ocrx_word' id='word_1_501' title='bbox 622 4050 701 4102; x_wconf 78' lang='lat' dir='ltr'><strong>Seso—</strong></span> <span class='ocrx_word' id='word_1_502' title='bbox 785 4051 859 4098; x_wconf 80' lang='grc' dir='ltr'><strong><em>τοῖσι</em></strong></span> <span class='ocrx_word' id='word_1_503' title='bbox 878 4042 930 4112; x_wconf 68' lang='grc' dir='ltr'><strong>μὲν</strong></span> <span class='ocrx_word' id='word_1_504' title='bbox 947 4043 984 4110; x_wconf 80' lang='grc' dir='ltr'><strong>δὴ</strong></span> <span class='ocrx_word' id='word_1_505' title='bbox 1001 4043 1208 4110; x_wconf 74' lang='grc' dir='ltr'><strong><em>αποδεδὲχθαι]</em></strong></span> <span class='ocrx_word' id='word_1_506' title='bbox 1226 4045 1245 4093; x_wconf 91' lang='lat' dir='ltr'><strong>i.</strong></span> <span class='ocrx_word' id='word_1_507' title='bbox 1265 4059 1289 4093; x_wconf 88' lang='lat' dir='ltr'><strong>e.</strong></span> 
     </span>
     <span class='ocr_line' id='line_1_88' title="bbox 159 4116 1290 4185; baseline -0.004 -18"><span class='ocrx_word' id='word_1_508' title='bbox 159 4119 269 4169; x_wconf 81' lang='lat' dir='ltr'><strong>atridem</strong></span> <span class='ocrx_word' id='word_1_509' title='bbox 293 4121 395 4171; x_wconf 81' lang='lat' dir='ltr'><strong>vixisse</strong></span> <span class='ocrx_word' id='word_1_510' title='bbox 418 4121 532 4185; x_wconf 87' lang='lat' dir='ltr'><strong>putandi</strong></span> <span class='ocrx_word' id='word_1_511' title='bbox 554 4124 628 4172; x_wconf 89' lang='lat' dir='ltr'><strong>sunt.</strong></span> <span class='ocrx_word' id='word_1_512' title='bbox 662 4119 700 4170; x_wconf 85' lang='lat' dir='ltr'><strong>Ut</strong></span> <span class='ocrx_word' id='word_1_513' title='bbox 750 4118 789 4170; x_wconf 78' lang='lat' dir='ltr'><strong>Iris</strong></span> <span class='ocrx_word' id='word_1_514' title='bbox 812 4121 980 4174; x_wconf 65' lang='lat' dir='ltr'><strong>consererem,</strong></span> <span class='ocrx_word' id='word_1_515' title='bbox 1004 4116 1158 4173; x_wconf 77' lang='lat' dir='ltr'><strong>manderem,</strong></span> <span class='ocrx_word' id='word_1_516' title='bbox 1182 4117 1290 4176; x_wconf 63' lang='lat' dir='ltr'><strong>irrepsera-</strong></span> 
     </span>
     <span class='ocr_line' id='line_1_89' title="bbox 159 4175 1290 4254; baseline -0.003 -18"><span class='ocrx_word' id='word_1_517' title='bbox 159 4187 243 4252; x_wconf 79' lang='lat' dir='ltr'><strong>igitnr</strong></span> <span class='ocrx_word' id='word_1_518' title='bbox 261 4189 288 4237; x_wconf 90' lang='lat' dir='ltr'><strong>in</strong></span> <span class='ocrx_word' id='word_1_519' title='bbox 305 4190 372 4254; x_wconf 90' lang='lat' dir='ltr'><strong>ipsis</strong></span> <span class='ocrx_word' id='word_1_520' title='bbox 390 4205 482 4254; x_wconf 78' lang='lat' dir='ltr'><strong>regum</strong></span> <span class='ocrx_word' id='word_1_521' title='bbox 496 4189 602 4241; x_wconf 86' lang='lat' dir='ltr'><strong>illorum</strong></span> <span class='ocrx_word' id='word_1_522' title='bbox 615 4189 700 4240; x_wconf 87' lang='lat' dir='ltr'><strong>nomi·</strong></span> <span class='ocrx_word' id='word_1_523' title='bbox 751 4197 799 4238; x_wconf 83' lang='lat' dir='ltr'><strong>tam</strong></span> <span class='ocrx_word' id='word_1_524' title='bbox 813 4189 901 4251; x_wconf 72' lang='lat' dir='ltr'><strong>fecisse.</strong></span> <span class='ocrx_word' id='word_1_525' title='bbox 938 4185 1007 4236; x_wconf 86' lang='lat' dir='ltr'><strong>Nam</strong></span> <span class='ocrx_word' id='word_1_526' title='bbox 1025 4175 1232 4233; x_wconf 64' lang='lat' dir='ltr'><strong>duodetriciens</strong></span> <span class='ocrx_word' id='word_1_527' title='bbox 1246 4183 1290 4233; x_wconf 90' lang='lat' dir='ltr'><strong>hic</strong></span> 
     </span>
     <span class='ocr_line' id='line_1_90' title="bbox 159 4254 1255 4324; baseline -0.004 -16"><span class='ocrx_word' id='word_1_528' title='bbox 159 4257 239 4308; x_wconf 87' lang='lat' dir='ltr'><strong>nibus</strong></span> <span class='ocrx_word' id='word_1_529' title='bbox 257 4258 390 4310; x_wconf 89' lang='lat' dir='ltr'><strong>Herodoti</strong></span> <span class='ocrx_word' id='word_1_530' title='bbox 407 4259 474 4310; x_wconf 86' lang='lat' dir='ltr'><strong>fides</strong></span> <span class='ocrx_word' id='word_1_531' title='bbox 493 4259 590 4310; x_wconf 86' lang='lat' dir='ltr'><strong>eximie</strong></span> <span class='ocrx_word' id='word_1_532' title='bbox 603 4257 701 4324; x_wconf 89' lang='lat' dir='ltr'><strong>proba·</strong></span> <span class='ocrx_word' id='word_1_533' title='bbox 751 4263 793 4308; x_wconf 87' lang='lat' dir='ltr'><strong>est</strong></span> <span class='ocrx_word' id='word_1_534' title='bbox 809 4260 971 4317; x_wconf 80' lang='lat' dir='ltr'><strong>constituere,</strong></span> <span class='ocrx_word' id='word_1_535' title='bbox 989 4257 1020 4304; x_wconf 91' lang='lat' dir='ltr'><strong>ut</strong></span> <span class='ocrx_word' id='word_1_536' title='bbox 1037 4255 1074 4317; x_wconf 93' lang='lat'><strong>11,</strong></span> <span class='ocrx_word' id='word_1_537' title='bbox 1092 4254 1135 4306; x_wconf 81' lang='lat'><strong>65.</strong></span> <span class='ocrx_word' id='word_1_538' title='bbox 1153 4254 1185 4302; x_wconf 89' lang='grc'><strong>77</strong></span> <span class='ocrx_word' id='word_1_539' title='bbox 1201 4257 1255 4304; x_wconf 85' lang='lat' dir='ltr'><strong>ete.</strong></span> 
     </span>
     <span class='ocr_line' id='line_1_91' title="bbox 157 4313 1289 4393; baseline -0.004 -19"><span class='ocrx_word' id='word_1_540' title='bbox 157 4329 215 4390; x_wconf 88' lang='lat' dir='ltr'><strong>tur,</strong></span> <span class='ocrx_word' id='word_1_541' title='bbox 245 4327 285 4378; x_wconf 87' lang='lat' dir='ltr'><strong>ita</strong></span> <span class='ocrx_word' id='word_1_542' title='bbox 314 4326 427 4393; x_wconf 83' lang='lat' dir='ltr'><strong>infringi</strong></span> <span class='ocrx_word' id='word_1_543' title='bbox 451 4328 572 4392; x_wconf 83' lang='lat' dir='ltr'><strong>videtur,</strong></span> <span class='ocrx_word' id='word_1_544' title='bbox 598 4333 700 4392; x_wconf 88' lang='lat' dir='ltr'><strong>tempo·</strong></span> <span class='ocrx_word' id='word_1_545' title='bbox 787 4321 816 4376; x_wconf 79' lang='grc' dir='ltr'><strong>ἐκ</strong></span> <span class='ocrx_word' id='word_1_546' title='bbox 836 4324 895 4376; x_wconf 78' lang='grc' dir='ltr'><strong>τῶν</strong></span> <span class='ocrx_word' id='word_1_547' title='bbox 912 4320 1103 4386; x_wconf 79' lang='grc' dir='ltr'><strong><em>λιθοτομιέων</em></strong></span> <span class='ocrx_word' id='word_1_548' title='bbox 1121 4349 1153 4360; x_wconf 90' lang='lat'>-</span> <span class='ocrx_word' id='word_1_549' title='bbox 1175 4313 1205 4372; x_wconf 77' lang='grc' dir='ltr'><strong>ἐκ</strong></span> <span class='ocrx_word' id='word_1_550' title='bbox 1225 4335 1289 4372; x_wconf 89' lang='grc' dir='ltr'><strong><em>τον-</em></strong></span> 
     </span>
    </p>
   </div>
   <div class='ocr_carea' id='block_1_10' title="bbox 1014 4403 1081 4466">
    <p class='ocr_par' dir='ltr' id='par_1_12' title="bbox 1014 4403 1081 4466">
     <span class='ocr_line' id='line_1_92' title="bbox 1014 4403 1081 4466; baseline 0 0"><span class='ocrx_word' id='word_1_551' title='bbox 1014 4403 1081 4466; x_wconf 75' lang='lat'><strong>45*</strong></span> 
     </span>
    </p>
   </div>
   <div class='ocr_carea' id='block_1_11' title="bbox 0 0 1520 4916">
    <p class='ocr_par' dir='ltr' id='par_1_13' title="bbox 0 0 1520 4916">
     <span class='ocr_line' id='line_1_93' title="bbox 0 0 1520 4916; baseline 0 2"><span class='ocrx_word' id='word_1_552' title='bbox 0 0 1520 4916; x_wconf 95' lang='lat' dir='ltr'><strong> </strong></span> 
     </span>
    </p>
   </div>
  </div>
 </body>
</html>
