3088 4944
636 313 762 377 OLIO.
785 316 811 375 Ι.
835 321 896 378 118.

1271 313 1333 375 349

193 501 311 581 λισμα,
329 495 398 560 τῶν
418 483 513 578 ῆμεῖς
535 495 643 578 ἴδμεν.
677 491 802 580 τάφρος
821 489 884 580 μὲν
900 487 1016 580 πρῶτά
1030 515 1089 577 μιν
1103 492 1214 576 βαθέα
1228 515 1264 557 τε
1279 489 1335 557 καὶ

196 593 296 686 εὐρέα
320 596 375 664 καὶ
396 597 480 682 πλέη
499 589 621 674 ὕδατος
641 597 809 685 περιθέει·
838 591 920 684 μετὰ
939 593 977 662 dl
998 609 1104 682 τεῖχος
1126 591 1334 682 πεντήκοντα

195 699 257 788 μὲν
279 702 413 788 πηχέων
433 705 621 786 βασιλῆϊοιν
642 697 698 768 ἐὸν
718 697 756 768 τὸ
776 688 890 788 εὖρος,
912 695 998 781 ὕψος
1019 698 1056 766 dl
1071 701 1254 786 διηκοσίων
1269 724 1332 784 πη-

194 806 292 893 χέων.
340 798 358 872 d
381 803 418 872 di
438 801 610 892 βασιλήιος
630 807 736 891 πῆχυς
759 807 821 871 τοῦ
841 810 979 894 μετρίου
1000 803 1069 871 ἐστὶ
1089 801 1210 891 πήχεος
1228 804 1337 890 μέζων

230 964 339 1036 τάφρος
358 1001 393 1012 -
412 967 515 1038 βαθέα
533 984 562 1019 τε
580 964 627 1019 aul
646 960 741 1036 εὐρέα

196 1057 221 1092 ιι.
244 1057 268 1090 s.
291 1039 326 1107 1.]
358 1043 401 1092 De
423 1041 466 1091 his
489 1041 687 1091 adiectirorum
712 1041 741 1091 in

196 1112 344 1162 foeminino
358 1111 451 1161 formis
468 1111 501 1163 {a
520 1127 569 1176 pro
586 1111 639 1162 s-ca·
655 1127 688 1162 ex
698 1111 742 1162 Io·

195 1197 260 1231 num
279 1197 352 1232 more
371 1183 462 1231 omnia
481 1182 558 1232 dabit
574 1181 692 1232 Bredov.
712 1197 739 1247 p.

197 1253 257 1302 157.
293 1251 337 1301 Ad
354 1257 543 1317 argumentum
565 1253 612 1301 vix
631 1265 741 1302 mouere

196 1337 278 1386 opus,
309 1337 396 1387 neque
424 1323 514 1372 lossae
545 1337 633 1388 neque
661 1322 740 1385 muri,

195 1392 274 1441 cuius
293 1407 433 1441 mensuras
453 1393 553 1443 Noster
570 1393 615 1443 hic
627 1392 741 1454 iudicet,

196 1462 345 1527 quidquam
357 1461 446 1512 adhuc
458 1477 612 1527 superesse:
629 1461 657 1511 id
669 1461 742 1526 quod

195 1547 275 1581 nemo
293 1531 451 1596 mirabitur,
477 1533 523 1598 qui
548 1536 666 1598 quantes
685 1547 742 1581 mu-

197 1603 317 1652 tationes
335 1607 398 1668 post
411 1603 546 1652 Herodoti
561 1607 679 1653 aetatem
698 1603 742 1651 hic

194 1671 272 1722 locus
296 1687 394 1738 passus
423 1673 474 1736 sit,
498 1672 662 1737 cogitaverit
686 1671 742 1722 ani-

196 1757 294 1808 moque
312 1741 392 1792 simul
409 1743 592 1807 reputaverit,
617 1743 667 1792 hos
685 1757 742 1792 mu-

195 1828 241 1862 ros
261 1827 295 1863 cx
313 1827 393 1878 opere
410 1811 534 1864 latericio
549 1827 636 1878 eoque
651 1812 742 1862 admo-

197 1882 261 1932 dum
279 1882 341 1932 rudi
357 1882 444 1932 fuisse
462 1887 625 1934 exstructos.
661 1881 740 1932 (loni.

197 1953 289 2003 Ritter
311 1951 329 2003 l.
348 1952 366 2003 l.
390 1969 417 2018 p.
441 1952 503 2004 904.
544 1951 657 2003 Frcsnel
680 1951 698 2002 l.
722 1951 741 2003 l.

197 2023 238 2073 11.
258 2039 284 2088 p.
304 2023 395 2088 bseq.
413 2023 446 2074 73
464 2037 522 2089 seq.
559 2022 743 2088 LayardDis-

198 2093 319 2142 coveries
346 2093 679 2158 1111491528..-
708 2093 742 2141 ln

197 2162 265 2227 ipsis
287 2164 356 2212 muri
373 2163 507 2212 mensuris
525 2163 679 2213 indicandis
697 2177 743 2211 va

197 2232 271 2281 riant
289 2233 436 2314 scriptores
453 2233 537 2283 iidem
554 2234 653 2296 ferme,
673 2247 741 2297 quos

198 2301 312 2352 modo'
305 2318 333 2351 ιιι
363 2303 551 2367 magnitudine
576 2303 651 2353 urbis
680 2301 743 2352 deli·

197 2371 297 2421 nienda
308 2371 498 2422 dissentientes
508 2374 666 2439 reperimus.
678 2371 741 2422 Vid.

197 2441 332 2506 tabulam,
352 2457 433 2508 quum
448 2448 511 2508 post
522 2444 687 2494 Lurcberum
702 2443 742 2504 (in

198 2516 322 2562 annotat.
352 2514 388 2562 ad
416 2511 442 2562 h.
470 2513 502 2577 l.)
529 2514 589 2578 ipse
618 2513 680 2563 dedi
713 2513 741 2561 iu

198 2583 325 2648 fregmm.
349 2583 489 2634 Ctesiann.
512 2598 576 2648 pag.
600 2583 652 2635 403
674 2581 741 2647 ibiq.

197 2652 271 2702 laud.
292 2652 377 2702 Orelli
400 2652 435 2703 ad
454 2651 561 2705 Philon.
580 2655 647 2718 Byr.
671 2651 695 2714 ἐ.
716 2655 741 2702 5.

197 2737 262 2788 pag.
290 2723 349 2774 114.
375 2722 436 2774 1111.
458 2723 517 2774 112.
563 2723 741 2774 altitudinem

199 2793 335 2842 moenium
354 2792 498 2843 Ctesiasl.
516 2793 535 2843 l.
543 2795 616 2859 ,qui
634 2796 742 2858 praeter

199 2861 268 2912 alios
290 2861 334 2912 hic
359 2862 539 2914 consulendus
563 2869 670 2914 etcum
688 2863 742 2912 No-

198 2938 256 2982 stro
275 2932 473 2997 comparandus
492 2937 549 2993 111,
573 2933 658 2983 luisse
680 2947 742 2997 per-

197 3003 274 3052 hibet
304 3003 503 3069 quinquaginta
531 2995 677 3067 ὀργυιὰς,
694 3001 740 3067 qui

197 3087 325 3123 numerus
353 3074 474 3138 apprime
498 3073 656 3123 conveniret
679 3087 740 3121 curu

197 3142 334 3194 Herodoti
351 3157 492 3206 mensura,
518 3143 542 3192 si
561 3141 653 3207 πῆχυς
671 3157 741 3192 com-

198 3212 477 3347 lsr'lr'ltllu
490 3211 742 3362 {statillus

197 3351 294 3402 ficiunt
311 3353 393 3417 pedes
416 3357 566 3416 trecentos,
592 3357 620 3403 ct
642 3346 741 3434 πήχεις

198 3421 310 3472 ducenti
328 3422 409 3486 pedes
420 3422 548 3486 totidem,
568 3438 628 3472 eum
642 3411 743 3502 ὀργυιά

197 3491 282 3556 vulgo
300 3505 349 3540 sex
366 3491 464 3556 pedum
482 3493 531 3555 sit,
551 3489 644 3556 πῆχυς
661 3489 741 3540 unius

199 3567 227 3612 11
250 3559 363 3611 alterius
390 3561 532 3612 dimidiati.
576 3561 618 3611 01.
644 3561 740 3612 Ukcrt.

199 3630 353 3696 (deograph.
374 3631 406 3699 11..
414 3631 522 3683 Griech.
541 3631 596 3680 und
609 3633 703 3682 Roem.
717 3631 740 3692 l,

198 3703 225 3752 2.
250 3716 314 3766 pag.
339 3701 382 3752 75.
427 3702 504 3764 Quae
527 3717 588 3752 cum
614 3701 654 3750 111
676 3701 740 3762 sint,

199 3770 320 3820 Ctesiam
345 3771 441 3820 volunt
466 3787 515 3821 sua
542 3772 576 3822 ab
600 3771 741 3820 Herodoto

199 3839 379 3903 desumsisse,
397 3840 437 3890 ita
453 3845 558 3905 tamen,
583 3845 614 3890 ut
634 3841 741 3890 cubitos

198 3909 333 3960 Herodoti
351 3911 441 3976 regios
459 3927 513 3961 non
533 3912 600 3961 satis
620 3911 743 3960 attende·

200 3979 252 4042 rit,
276 3979 324 4030 sed
347 3980 457 4030 eosdem
475 3996 629 4032 communes
647 3981 683 4030 ad
702 3995 743 4030 or-

200 4049 326 4114 gyiarum
343 4065 496 4101 mensurum
519 4051 665 4102 revocarit.
700 4051 743 4100 Dc

201 4133 253 4183 quo
294 4119 419 4202 squidem
461 4120 545 4170 nolim
581 4120 743 4183 discernere,

202 4201 365 4254 quamquam
387 4190 434 4239 vix
456 4189 586 4240 credibile
609 4195 651 4240 est
674 4205 743 4250 eum,

203 4272 248 4322 qur
239 4257 427 4309 Herodotum
446 4259 624 4310 refellendum
643 4263 670 4309 et
689 4275 746 4309 cor-

201 4327 345 4392 rigentium
379 4328 432 4378 sibi
465 4333 612 4393 sumserat,
648 4329 747 4393 quique

792 975 934 1037 potuerat,
953 987 986 1020 ex
997 970 1048 1020 hoc
1061 971 1194 1036 scriptore
1207 986 1258 1020 sua
1271 969 1336 1020 hau-

793 1042 863 1092 sisse
880 1041 925 1092 vel
942 1040 1112 1106 negligenter
1124 1041 1192 1091 adeo
1206 1041 1279 1090 hunc
1294 1041 1337 1090 de·

793 1113 945 1177 scripsisse.
969 1111 1088 1160 Ctesiam
1107 1111 1190 1176 igitur
1209 1113 1232 1159 si
1249 1111 1338 1176 sequi-

793 1197 866 1246 mur,
885 1182 1021 1230 moeuium
1040 1180 1157 1230 altitudo
1174 1181 1287 1230 accedet
1302 1179 1337 1230 sd

794 1259 918 1303 trecentos
945 1251 1032 1302 ,ferme
1065 1251 1147 1314 pedes
1177 1249 1337 1300 Rhenanos:

792 1322 965 1372 Herodotum
988 1335 1043 1370 nou
1067 1321 1175 1386 vulgari
1193 1320 1242 1370 sed
1260 1320 1336 1385 regio

794 1392 887 1442 cubito
899 1395 1021 1440 utentem
1033 1392 1057 1440 si
1074 1392 1151 1456 sequi
1170 1389 1269 1456 placet,
1289 1389 1339 1439 ali-

794 1463 860 1528 quid
879 1461 1061 1512 adiiciendum
1083 1463 1149 1524 erit,
1172 1462 1212 1510 ita
1236 1465 1266 1510 ut
1287 1468 1338 1510 tre·

793 1536 860 1583 crati
877 1533 980 1596 11191111
995 1531 1039 1580 vel
1056 1535 1148 1596 potius
1168 1532 1338 1597 quadruplata

793 1603 876 1667 pedes
890 1601 1015 1652 Rhenuni
1032 1602 1174 1665 prodeant.
1204 1601 1338 1666 Aquibus

793 1672 938 1723 admodum
967 1686 1034 1721 saus
1066 1671 1197 1722 recedunt
1226 1672 1260 1734 ii,
1292 1671 1338 1736 qui

793 1747 865 1792 teste
875 1741 995 1792 Diodoro
1009 1745 1036 1790 11
1048 1741 1183 1792 Strabone
1199 1741 1217 1792 l.
1231 1741 1250 1791 l.
1268 1755 1339 1791 moe-

792 1813 867 1862 nium
886 1811 1058 1861 altitudinem
1084 1815 1262 1878 quinquaqinta
1280 1817 1339 1861 tan·

793 1887 850 1932 tum
883 1882 1036 1932 cubitorum
1072 1897 1133 1932 esse
1166 1881 1339 1932 tradiderunt

793 1953 939 2018 scriptores
952 1953 1125 2015 recentiores,
1143 1953 1241 2018 quibus
1255 1953 1338 2002 etism

794 2023 903 2072 Curtius
916 2023 950 2084 V,
965 2023 988 2072 1.
1001 2021 1026 2084 ἐ.
1042 2023 1073 2072 13
1086 2023 1271 2073 accensendus
1285 2026 1336 2072 est.

794 2092 849 2144 Sed
864 2092 906 2141 his
925 2093 992 2156 ipsis
1011 2093 1204 2158 scriptoribus,
1230 2093 1277 2158 qui
1293 2091 1338 2142 vel

793 2161 941 2212 Alexandri
960 2167 1053 2212 aetate
1071 2163 1113 2212 vel
1131 2164 1275 2229 postmodo
1291 2163 1338 2212 flo-

792 2237 919 2296 ruerunt,
950 2232 985 2282 ab
1002 2233 1136 2283 Herodoti
1160 2239 1267 2298 aetate,
1291 2233 1339 2299 qui

793 2304 852 2386 ipse
870 2304 916 2351 vix
932 2303 1053 2368 integros
1069 2304 1139 2354 vidit
1152 2320 1243 2354 muros
1254 2319 1271 2354 1
1282 2304 1337 2353 Da-

792 2375 833 2422 rio
861 2371 931 2438 (111,
953 2371 1013 2436 159)
1033 2373 1171 2436 sublatos,
1196 2374 1276 2424 valde
1295 2389 1337 2423 re-

793 2444 874 2493 motis
886 2443 1065 2507 praeferende
1081 2445 1189 2494 videtur
1202 2445 1337 2510 antiquio-

791 2529 851 2563 rum
873 2513 1035 2578 scriptorum
1058 2515 1222 2578 auctoritas,
1247 2529 1336 2580 neque

792 2583 863 2633 hanc
879 2583 1090 2648 discrepantiam
1106 2601 1166 2635 eum
1181 2586 1209 2634 iu
1226 2585 1335 2634 modum

792 2654 853 2703 tolli
870 2669 951 2717 posse
964 2659 1065 2718 putem,
1085 2671 1164 2720 quem
1176 2671 1261 2721 nuper
1273 2669 1335 2721 pro—

792 2724 885 2788 posuit
910 2724 943 2774 R.
963 2723 1061 2773 Iacobs
1085 2725 1127 2774 De
1145 2741 1262 2776 mensur.
1282 2727 1336 2775 He-

792 2793 881 2843 rodot.
905 2809 930 2858 p.
958 2792 998 2843 lll.
1024 2795 1071 2856 20,
1096 2795 1264 2844 Herodotum
1292 2810 1335 2844 su-

792 2863 901 2928 spicans
925 2863 958 2912 de
981 2863 1087 2927 antiqui
1111 2866 1239 2928 temporis
1258 2879 1334 2914 muro

793 2937 906 2997 accepta
927 2931 1087 2994 tradidisse,
1111 2935 1277 2982 recentiores
1302 2933 1334 2983 de
1439 2987 1442 2994 ,

791 3003 950 3068 posterioris
967 3003 1066 3052 aetatis
1085 3019 1160 3052 muro
1178 3007 1242 3068 pest
1259 3001 1335 3053 illum

792 3075 910 3122 dirutum
933 3077 1072 3123 exstructo
1101 3073 1203 3124 dixisse
1230 3072 1275 3124 vel
1302 3073 1334 3124 dc

792 3141 914 3192 interiori
951 3142 1068 3207 quodam
1101 3159 1190 3208 muro,
1227 3143 1334 3211 qualem

791 3217 899 3278 praeter
908 3210 981 3261 illum
991 3213 1105 3264 alterum
1116 3215 1253 3266 exstitisse
1263 3215 1334 3266 idem

792 3283 887 3332 sumit:
901 3283 999 3347 quade
1013 3300 1042 3335 re
1055 3284 1175 3336 dicemus
1190 3285 1258 3348 adI,
1274 3285 1333 3337 181.

791 3352 869 3403 Illam
890 3367 969 3414 sero,
994 3369 1074 3419 qnam
1098 3371 1148 3406 noe
1165 3324 1334 3406 Herodotum

792 3423 880 3472 secuti
903 3424 1042 3488 posuimus
1064 3426 1133 3474 muri
1154 3425 1334 3487 altitudinem,

792 3507 880 3558 neque
907 3492 994 3556 ipsam
1021 3493 1109 3543 videri
1139 3493 1334 3555 incredibilem,

792 3564 815 3612 si
840 3561 883 3612 vel
908 3577 968 3612 cum
990 3562 1051 3612 aliis
1076 3564 1195 3628 Aegypti
1218 3563 1334 3613 molibus

791 3633 912 3698 ipsisque
930 3632 1041 3698 reliquis
1056 3633 1242 3698 Babylonicae
1259 3633 1334 3682 urbis

792 3703 972 3752 monumentis
1000 3707 1183 3766 comparetur,
1208 3703 1335 3767 expresse

792 3777 884 3822 mouet
906 3773 1103 3838 Buckingham.
1132 3771 1152 3822 l.
1179 3772 1198 3822 l.
1223 3789 1251 3837 p.
1274 3771 1334 3823 504.

792 3843 826 3892 In
850 3841 997 3892 latitudine
1019 3842 1089 3892 muri
1113 3840 1259 3892 indicenda
1282 3843 1336 3892 He·

793 3911 917 3968 rodotum
935 3911 1005 3961 idem
1028 3915 1108 3976 putat
1129 3927 1282 3962 mensuram
1301 3911 1335 3964 ab

794 3983 846 4031 imo
866 3980 950 4030 fundo
967 3982 1137 4044 aestimasse,
1154 3997 1213 4032 cum
1226 3982 1335 4032 Curtius

794 4057 876 4116 atque
894 4050 1008 4114 Strabo,
1027 4051 1073 4116 qui
1091 4052 1205 4118 triginta
1223 4051 1275 4102 duo
1294 4067 1336 4102 su·

795 4125 871 4170 mant
896 4120 993 4185 pedes,
1021 4121 1138 4171 medium
1169 4137 1272 4172 murum
1300 4121 1338 4170 di·

796 4189 883 4240 mensi
899 4205 958 4240 esse
977 4189 1130 4240 videantur.

832 4249 847 4308 ὁ
872 4251 904 4308 dl
930 4251 1076 4327 βασιλήϊος
1099 4258 1192 4324 πῆχυς
1217 4256 1269 4308 τοῦ
1292 4273 1337 4322 με·

797 4326 921 4392 τρίουιι.
934 4344 958 4378 τ.
977 4326 1013 4394 1.]
1031 4329 1134 4379 Eadem
1154 4329 1209 4378 lere
1224 4329 1338 4378 Lucian.

202 4394 316 4448 meliora
335 4395 369 4448 de
386 4395 429 4448 his
447 4397 568 4464 adque·
560 4411 619 4464 ipse
639 4397 748 4449 edoceri
799 4395 905 4462 Ostapl.
926 4395 967 4449 16.
1003 4397 1117 4448 Praeter
1133 4396 1267 4447 Ukertum
1285 4394 1339 4449 l.l.
