3086 4952
619 239 743 302 OLIO.
767 242 793 300 I.
820 251 878 304 140.

1251 239 1312 302 287

182 419 318 503 σθῆναι.
352 411 478 502 μάγους
497 413 559 502 μὲν
572 411 637 502 γὰρ
652 411 816 503 ἀτρεκέως
830 412 907 483 olda
921 415 1094 494 ποιέοντας
1107 417 1226 482 ταῦτα·
1253 415 1310 500 έμ-

182 521 316 607 φανέοις
336 515 402 605 γὰρ
423 515 465 605 δὴ
490 521 632 586 ποιεῦσι.
675 516 971 607 κατακηρώσαντες
993 514 1035 606 δὴ
1057 507 1105 586 ὧν
1125 514 1186 586 τόν
1206 518 1312 586 νέκυν

182 685 318 736 cadavera
334 683 482 734 secundnm
501 683 621 734 ordinem
635 699 667 733 ec
682 699 722 734 se-

181 757 247 805 riem
267 754 401 820 disposita
415 754 628 818 conspiciantur,
638 757 674 803 nt
686 754 721 802 ab

182 825 279 876 avibus
304 824 367 874 dein
388 823 562 874 dilaniantur.
604 824 665 886 Qua
688 824 722 874 de

182 911 222 1014 1ιῖῐ
231 893 308 960 plura
330 893 457 1025 deigeram
476 909 509 1012 οξ
526 895 633 1012 Ζοξραο
651 891 720 944 libro

182 981 199 1014 a
220 979 333 1014 eremus.
397 979 415 1013 n
473 978 490 1012 a
530 978 564 1013 ve
578 979 649 1013 erem
665 977 721 1012 mo·

182 1049 238 1084 rem
256 1034 368 1096 attinet,
388 1049 443 1084 non
453 1033 543 1098 Magis
557 1038 663 1084 tautum
681 1037 721 1082 at·

182 1103 293 1166 tribuit,
311 1119 405 1154 verum
424 1103 528 1153 eunctis
552 1103 657 1165 Persis,
683 1102 722 1152 id-

127 1177 130 1184 ’
182 1189 235 1239 que
258 1188 273 1222 e
296 1173 381 1224 saeris
403 1173 547 1222 Persarum
568 1171 644 1222 libris
662 1187 722 1236 pro

181 1243 277 1293 batum
294 1243 318 1292 it
334 1241 442 1293 Rhode:
465 1242 555 1292 Ueber
572 1242 649 1292 Alter
666 1239 722 1290 und

182 1311 278 1363 Wertb
293 1313 376 1377 einig.
394 1311 578 1376 morgenlltnd.
596 1309 721 1362 Urlrund.

183 1399 210 1447 p.
231 1383 289 1434 132.
325 1382 378 1431 Die
400 1381 499 1446 heiliga
522 1381 593 1446 Sege
616 1387 668 1431 etc.
693 1396 720 1444 p.

182 1453 235 1504 480
246 1466 322 1516 seqq.
341 1449 403 1500 coll.
418 1450 451 1501 O.
461 1451 570 1501 Franclr
588 1450 641 1502 111.
656 1450 722 1501 Jah-

183 1521 332 1572 resberiebt
356 1520 382 1570 d.
406 1520 492 1571 dead.
516 1535 551 1570 ιιι
573 1520 719 1570 ΙΙΙΙοοΙιοιι.

185 1592 260 1644 1833.
278 1607 307 1655 p.
320 1589 354 1640 34
369 1605 426 1656 seq.
450 1589 593 1640 Cadavera
610 1589 655 1639 bio
667 1594 722 1638 sta-

183 1661 237 1711 tuit
248 1660 284 1710 ab
298 1661 395 1710 avibus
409 1659 559 1710 dilacerata
571 1675 640 1722 esse,
659 1673 724 1709 osse

184 1730 288 1795 reliqna
310 1729 431 1780 bumata.
468 1729 522 1780 Sed
542 1730 669 1795 quoniam
689 1729 722 1778 de

184 1803 328 1852 Persarum
352 1815 427 1850 more
451 1814 506 1849 ιιοιι
528 1800 636 1850 οιιιιιΙιιο
661 1813 723 1849 eon-

184 1871 290 1936 spirant
308 1875 414 1920 veteres
431 1869 592 1934 scriptores,
612 1870 723 1934 ipseque

184 1940 341 1990 Herodotus
370 1939 528 1990 dubitanter
557 1939 638 1990 modo
663 1953 724 2004 pro·

184 2010 334 2072 nuntiavit,
349 2009 474 2060 dissonae
487 2009 658 2059 narrationes
673 2008 723 2058 boc

186 2079 267 2130 modo
276 2079 416 2130 conciliari
425 2094 505 2144 posse
515 2079 618 2130 iudicat
631 2080 724 2142 Zodga

188 2148 222 2199 de
239 2148 362 2200 obelisec.
382 2166 410 2215 p.
429 2149 495 2212 249,
514 2154 545 2199 ut
562 2150 653 2200 Persis
671 2149 724 2198 uti·

189 2232 241 2282 que
262 2219 377 2282 patrium
402 2219 488 2270 fnisse
514 2224 639 2284 putamus
666 2233 723 2268 eor-

187 2303 254 2353 pora
270 2288 391 2352 humare,
409 2293 472 2368 post
487 2295 612 2368 receptos
629 2290 723 2353 Mago·

185 2373 244 2408 rum
256 2359 338 2422 ritus,
356 2359 435 2408 initio
453 2349 535 2416 ὁσίας
550 2352 633 2423 χάριν
651 2359 721 2409 lace·

183 2429 271 2480 rande
293 2430 432 2479 curavisse
453 2429 601 2494 statimque
627 2425 723 2494 sepeli·

182 2499 271 2562 visse,
293 2498 390 2548 deinde
408 2513 472 2548 vero
490 2504 572 2548 sueta
595 2496 723 2563 supersti-

182 2569 257 2619 tione
280 2583 313 2618 ac
334 2573 425 2618 vetere
448 2583 521 2618 more
541 2574 632 2634 spreto
658 2567 722 2617 ieris

183 2639 211 2688 in
240 2637 369 2703 praedam
400 2639 577 2688 concessisse.
620 2635 723 2688 Adiieit

183 2708 255 2758 idem
272 2708 315 2756 τίι
331 2709 520 2772 doctissimus,
544 2723 604 2770 eos,
625 2708 672 2774 qui
689 2707 722 2756 de

182 2779 295 2828 Persica
312 2783 393 2844 gente
411 2777 512 2828 residui
521 2779 576 2828 sint
588 2778 617 2827 in
627 2777 723 2826 Indiae

183 2848 327 2912 provincia
336 2847 474 2898 anurate
491 2847 584 2912 (vulgo
594 2847 674 2898 Parsi
685 2847 721 2896 di·

183 2918 302 2984 cuntur),
314 2917 461 2968 etiamnum
471 2932 579 2968 suornm
590 2917 725 2967 cadavera

185 2987 282 3037 avibus
304 3001 450 3053 exponere,
479 2987 541 3037 inde
564 2987 638 3037 nuda
660 2999 724 3036 osse

183 3061 258 3108 terre
274 3061 375 3123 tegere.
411 3057 532 3122 Itemque
554 3055 626 3122 apud
644 3055 724 3106 'Iibe-

184 3133 265 3178 tenos
292 3133 320 3177 et
346 3127 499 3178 Siameuses
524 3126 724 3178 nobilissimum

184 3197 341 3262 sepulturae
351 3211 436 3263 genus
447 3211 506 3247 esse
517 3196 723 3255 cremationem

184 3266 346 3330 seeundum,
367 3265 521 3317 vulturibus
545 3266 654 3332 proiici3
685 3265 724 3314 in-

185 3336 289 3398 timum,
309 3337 475 3402 aqnamergi
488 3341 535 3386 aut
545 3335 660 3386 humeri.
684 3334 724 3384 Ac

185 3406 302 3471 denique
320 3405 479 3456 Celmuccos
496 3405 532 3456 ad
545 3405 661 3470 Volgam
678 3403 725 3454 ba-

184 3476 304 3526 bitantes
316 3477 526 3541 propinquorum
535 3475 670 3525 cadavere
681 3489 725 3524 ca·

184 3545 380 3596 nibustradere
399 3549 425 3594 et
441 3545 494 3595 sibi
506 3545 602 3596 honori
617 3545 723 3605 ducere,

183 3615 231 3665 nbi
248 3629 265 3664 a
283 3614 375 3664 multis
398 3629 453 3664 una
470 3614 614 3665 lanientur.
647 3615 724 3664 Haec

184 3683 239 3735 ille.
277 3685 335 3734 Iarn
355 3684 427 3748 quod
446 3683 481 3734 ad
495 3685 593 3736 Persae
613 3684 723 3746 attinet,

183 3753 311 3804 videntur
336 3753 377 3802 illi
404 3753 476 3804 baud
498 3755 592 3804 'omnia
617 3753 724 3819 quider'n

183 3823 326 3888 Magorum
348 3823 477 3874 instituta
497 3839 530 3874 ac
547 3837 635 3874 mores
653 3837 726 3874 rece·

183 3893 271 3958 pisse,
296 3891 344 3942 sed
370 3892 514 3944 retinuisse
538 3891 670 3958 quaedam
693 3891 725 3941 de

184 3962 303 4012 moribus
322 3961 378 4012 suis
394 3962 527 4026 pristinis,
547 3961 644 4027 quibus
662 3967 726 4012 ente

185 4030 280 4082 Medos
297 4033 386 4082 victos
409 4033 604 4096 Magonemque
627 4031 727 4082 doctri·

184 4115 247 4149 nam
266 4104 403 4166 receptam
418 4099 503 4150 dediti
521 4101 638 4152 fuerant.
669 4101 727 4150 Μο-

185 4170 245 4220 nuit
260 4170 376 4221 Heeren.
394 4170 519 4232 IdeenI,
540 4169 638 4234 1.me
640 4165 724 4222 meu.

185 4237 305 4290 Adhuc'
297 4255 326 4290 ιιι
341 4239 433 4290 insula
449 4239 572 4304 Bombay
589 4239 635 4303 qni
650 4237 726 4288 habi-

154 4357 159 4366 ,
184 4311 245 4359 tant
262 4308 407 4360 Persarum
427 4307 612 4374 antiquorum,
635 4311 666 4357 ut
688 4305 726 4358 ie·

771 689 846 748 mut,
865 685 976 750 posteri,
994 689 1159 736 mortuorum
1177 685 1315 741 cadavera,

772 756 812 805 sie
832 769 964 820 exponere
986 753 1122 806 dicuntur.
1157 756 1190 805 In
1212 755 1311 806 'Iibeto

770 825 854 876 telem
890 829 1056 876 mortuorum
1090 825 1312 876 dilacerationem

771 895 829 945 fieri
848 895 969 961 adeoque
984 893 1012 944 in
1027 895 1129 946 honore
1147 896 1226 960 poni,
1251 911 1312 945 cnm

771 980 835 1015 oasa
864 965 923 1014 sola
955 969 1109 1028 serventur,
1144 965 1311 1031 accepimus:

771 1035 828 1086 vid.
846 1034 1019 1098 Descriptiou
1042 1036 1078 1086 du
1095 1035 1176 1086 Tibet
1193 1035 1312 1085 tradnite

774 1103 809 1154 du
833 1102 943 1154 CbInoia
969 1119 1018 1168 par
1044 1103 1069 1154 le
1095 1105 1127 1154 P.
1157 1104 1312 1170 Hyacinthe

773 1173 945 1236 Bitchouriu,
965 1174 1008 1224 ed.
1026 1173 1230 1239 perKleproth.
1249 1173 1312 1238 (Pa-

772 1244 809 1294 ria
830 1243 908 1306 1831)
929 1258 956 1308 p.
974 1241 1017 1292 92.

808 1307 959 1369 ποιέοντας
975 1310 1072 1377 ταυτα]
1090 1313 1178 1380 Vulgo
1190 1313 1257 1363 haee
1274 1311 1312 1362 le-

773 1383 898 1450 guntur
891 1397 998 1432 inverso
1021 1383 1125 1435 ordine.
1163 1385 1220 1434 Nos
1235 1383 1313 1434 Gais-

772 1451 889 1503 iordium
913 1453 1001 1502 secuti
1019 1467 1124 1516 sumus,
1154 1453 1200 1520 qui
1218 1469 1233 1503 e
1250 1453 1313 1503 Fle-

772 1523 877 1574 rentino
893 1522 935 1572 ita
953 1522 1047 1573 edidit.

807 1583 1057 1656 κατακηρώσαντες
1080 1583 1116 1672 δὴ
1135 1607 1176 1640 ων
1198 1582 1249 1641 τὸν
1268 1587 1312 1640 νέ-

772 1675 827 1710 κνν
852 1660 959 1724 Πέρσαι
986 1659 1022 1727 γῆ
1044 1654 1210 1726 κροτιτοοσι]
1236 1661 1312 1712 Idem

773 1735 909 1782 testantur
923 1731 1022 1781 Strabo
1041 1733 1099 1782 XV.
1119 1747 1145 1796 p.
1165 1729 1217 1781 735
1237 1729 1311 1796 (pag.

774 1801 867 1866 1888),
891 1800 985 1851 Cicero
1008 1801 1129 1852 Tusculi.
1158 1801 1270 1862 Qnaest
1289 1801 1312 1862 I,

773 1872 808 1922 45
825 1868 957 1933 („Persae
974 1871 1055 1920 etiam
1073 1885 1135 1922 cera
1147 1870 1313 1920 circumlitos

774 1940 908 2002 condunt,
930 1945 1059 2006 utquam
1077 1941 1193 1991 maxime
1209 1955 1313 2006 perme-

774 2014 857 2060 neent
879 2009 1007 2060 diuturna
1032 2009 1189 2076 corpora“),
1214 2011 1312 2062 Sextus

773 2080 927 2145 Empiricus
944 2081 1082 2145 ,Pyrrbom
1100 2081 1240 2146 Hypotyp.
1258 2080 1311 2130 111.

774 2165 833 2214 cap.
842 2151 884 2200 24.
896 2164 960 2214 pag.
972 2149 1029 2213 185,
1049 2151 1094 2216 qui
1110 2166 1220 2201 narrare
1233 2165 1313 2216 quos·

773 2219 835 2269 dam
850 2219 953 2282 scribit,
972 2235 989 2270 a
998 2222 1089 2271 Persis
1103 2221 1231 2286 suspendi
1244 2235 1312 2270 mor-

774 2295 835 2339 tuos
853 2295 880 2339 et
902 2289 974 2339 nitro
993 2290 1097 2341 condiri
1115 2297 1197 2357 atque
1215 2292 1256 2340 ite
1273 2292 1313 2340 sa·

773 2359 838 2409 sciis
858 2359 977 2410 obvolvi.
1006 2359 1173 2412 Herodotum
1192 2361 1236 2412 bic
1254 2375 1312 2411 moa

773 2445 805 2480 eo
827 2430 914 2496 magis
937 2430 1079 2481 advertere
1105 2436 1227 2495 poteret,
1258 2447 1311 2496 quo

772 2498 843 2548 aliae
859 2505 953 2565 gentes
966 2499 1095 2565 plurimae
1107 2505 1227 2552 mortuos
1242 2517 1312 2551 com-

772 2569 868 2619 burere
899 2568 1032 2620 solebant.
1073 2571 1126 2622 Sed
1154 2571 1206 2621 hoc
1234 2571 1312 2620 netas

773 2638 915 2689 videbatur
942 2640 1047 2702 Persis,
1077 2641 1123 2706 qui
1151 2641 1312 2690 cadaverum

773 2708 960 2759 combustione
972 2710 1060 2772 ignem
1073 2711 1252 2760 contaminari
1266 2725 1313 2775 pu-

775 2779 880 2828 tabant.
917 2778 978 2828 vid.
998 2784 1068 2829 nott.
1086 2779 1121 2828 ad
1139 2779 1162 2840 I,
1181 2779 1224 2830 86.
1243 2781 1313 2828 Hee-

775 2861 831 2897 ren.
848 2848 931 2898 Ideen
950 2848 972 2908 1,
986 2847 1010 2898 1.
1024 2863 1086 2912 pag.
1098 2850 1159 2898 25⁴.
1181 2852 1209 2897 et
1225 2847 1314 2897 Roeth

774 2916 793 2966 l.
811 2916 831 2968 1.
856 2931 920 2982 pag.
939 2915 999 2969 428.
1036 2916 1115 2979 Quod
1137 2932 1201 2966 vere
1219 2915 1313 2966 Rhode

775 2986 793 3036 1.
817 2986 836 3036 l.
860 2987 1012 3047 contendit,
1035 3001 1088 3036 non
1110 2991 1169 3036 tote
1191 3001 1313 3052 corpora,

775 3057 838 3106 cord
854 3055 985 3118 obducta,
1009 3055 1093 3106 fuisse
1113 3055 1237 3120 humata,
1266 3056 1312 3108 sed

774 3140 838 3176 ossa
861 3129 967 3175 tantum
991 3141 1076 3191 eaque
1102 3132 1220 3193 purgate
1241 3129 1313 3191 cert,

774 3195 802 3243 id
832 3195 938 3260 quidem
966 3211 1020 3246 non
1048 3211 1158 3280 prorsus
1187 3198 1315 3248 convenit

774 3279 835 3314 cum
854 3263 992 3314 Herodoto
1000 3266 1071 3330 ,qui
1092 3267 1179 3332 ipsum
1198 3267 1314 3318 cadaver

775 3325 836 3398 (τὸν
859 3331 955 3399 νέκυν)
981 3335 1116 3400 sepultum
1139 3336 1225 3386 fuisse
1248 3336 1314 3387 scri-

773 3403 823 3466 bit,
840 3403 895 3452 nisi
906 3404 995 3453 minna
1006 3409 1133 3455 accurate
1144 3404 1177 3454 de
1188 3421 1226 3468 re,
1245 3419 1314 3471 quae

774 3488 840 3524 saue
867 3473 936 3522 mira
958 3473 1109 3536 videretur,
1139 3473 1213 3522 illum
1243 3479 1315 3524 retu

773 3543 837 3593 lisse
860 3543 1006 3594 existimes.
1049 3543 1141 3594 Simile
1162 3542 1227 3608 quid
1248 3545 1315 3593 Lar·

775 3613 871 3664 cherua
886 3613 998 3678 profert,
1016 3613 1098 3679 Angli
1114 3614 1185 3678 regis
1199 3613 1315 3663 cadaver

775 3685 838 3734 cerd
862 3682 1007 3734 obductum
1025 3683 1182 3734 aun0130‘l
1202 3699 1227 3748 ρ.
1250 3682 1312 3734 Cbr.

775 3769 803 3804 n.
828 3757 855 3802 et
877 3753 1011 3820 integrum
1040 3758 1177 3804 servatum
1205 3753 1240 3803 ed
1267 3769 1315 3804 no-

776 3827 859 3873 stram
878 3838 964 3888 usque
982 3829 1110 3876 aetatem.
1147 3823 1225 3874 Ocni.
1241 3825 1315 3874 deni-

777 3908 828 3956 qne
846 3897 915 3944 nott.
935 3894 969 3944 ad
987 3894 1010 3957 I,
1031 3892 1090 3945 198.
1125 3893 1268 3944 Caeterum
1286 3894 1313 3944 b.

776 3961 794 4010 1.
814 3978 868 4012 ιιοιι
890 3967 946 4012 tam
964 3963 998 4014 de
1015 3979 1091 4026 cera,
1114 3979 1194 4030 qnam
1218 3965 1252 4013 de
1271 3979 1315 4030 ge-

776 4045 840 4080 nere
870 4032 986 4096 quodam
1014 4035 1115 4100 gummi
1142 4049 1164 4082 s.
1196 4033 1314 4098 asphalti

776 4101 911 4162 montani,
931 4117 984 4166 quo
1003 4103 1091 4154 adhue
1108 4104 1137 4152 iu
1155 4103 1252 4152 Tibeto
1271 4117 1315 4152 ce-

777 4167 877 4218 davera
902 4169 1022 4232 illinunt,
1052 4171 1226 4236 cogitandum
1255 4186 1315 4220 esse

776 4237 872 4287 scribit
884 4237 987 4288 Bohlen
1005 4239 1065 4291 Iud.
1078 4241 1115 4291 11.
1134 4257 1161 4304 p.
1176 4239 1233 4290 182.
1264 4239 1316 4288 Cui

776 4305 848 4370 apud
881 4308 980 4358 Persas
1015 4323 1112 4359 nomen
1144 4321 1203 4358 esse
1240 4306 1315 4356 addit
