3008 4924
266 283 326 346 784
697 285 963 348 HERODO'I'I

264 454 393 544 χοίρους
419 465 560 544 οἴκησαν
587 458 709 547 χρόνον
737 460 792 528 ἐπὶ
820 461 959 530 πολλόν·
989 461 1053 528 εἰσὶ
1074 459 1111 528 δὲ
1130 448 1222 528 οὗτοι
1243 463 1277 528 οί
1292 465 1381 550 χοῖροι

265 556 347 648 πρός
373 559 562 650 θαλάσσης,
589 558 705 649 ὀλίγον
730 568 850 654 ἔνερθε
875 563 1081 651 Βουβάστιος
1106 561 1237 648 πόλιος,
1270 565 1321 632 ἐπὶ
1342 567 1383 654 τῷ

263 669 445 756 Πηλουσίῳ
473 668 668 759 καλευμένην
693 665 830 755 στόματι
853 673 914 736 τοῦ
933 675 1071 737 Νείλου.
1112 667 1251 746 τούτους
1270 666 1328 756 μὲν
1346 663 1383 754 δὴ

261 767 371 860 χρόνῳ
389 763 531 856 ὕστερον
549 765 707 857 βασιλεὺς
719 767 857 858 Ἄμασις
881 770 1121 859 ἐξαναστήσας,
1149 773 1310 840 ἐνθεῦτεν
1330 796 1383 838 κα-

262 878 387 940 τοίκισε
409 873 442 950 ἐς
457 875 618 962 Μέμφιν,
642 871 800 963 φυλακὴν
821 876 948 946 ἑωυτοῦ
967 873 1167 962 ποιεόμενος
1189 871 1271 963 πρός
1288 879 1385 960 Αἰγυ-

263 982 379 1044 πτίων.
414 974 550 1046 Τούτων
568 978 605 1046 δέ
619 980 842 1047 οἰκισθέντων
857 980 896 1047 έν
915 976 1093 1070 Αἰγύπτῳ,
1115 983 1151 1047 oi
1164 974 1320 1065 Ἕλληνες
1333 971 1385 1044 oi-

261 1106 308 1147 τω
332 1078 581 1170 ἐπιμισγόμενοι
607 1080 754 1150 τούτοισι
781 1079 822 1150 τά
848 1085 925 1170 περὶ
947 1091 1120 1168 Αἴγυπτον
1146 1081 1307 1171 γινόμενα
1328 1077 1387 1150 iri

266 1189 486 1272 Ψαμμητίχου
499 1185 653 1272 βασιλέος
664 1181 841 1274 ἀρξάμενοι
857 1184 965 1254 πάντα
978 1187 1034 1254 καί
1048 1182 1089 1253 τά
1102 1181 1246 1275 ὕστερον
1260 1181 1384 1253 ἐπιστά-

262 1297 351 1375 μεθα
373 1284 546 1376 άτρεκέως.
590 1293 716 1376 πρῶτοι
738 1286 801 1378 γάρ
816 1278 909 1358 οὗτοι
930 1292 968 1358 ἐν
985 1287 1147 1381 Αἰγύπτῳ
1168 1286 1386 1376 ἀλλόγλωσσοι

264 1397 537 1479 κατοικίσθησαν.
566 1393 599 1473 ἐξ
614 1381 662 1460 άν
682 1391 720 1460 δὲ
733 1393 954 1480 ἐξανέστησαν
966 1391 1102 1482 χοίρων,
1123 1393 1161 1460 έν
1175 1393 1320 1462 τούτοισι
1334 1387 1418 1478 diiii

264 1499 346 1562 οἵτε
360 1489 452 1563 ὁλκοὶ
467 1499 535 1564 τῶν
554 1499 642 1564 νεῶν
663 1497 718 1562 καί
740 1493 780 1563 τά
795 1498 924 1585 ἐρείπια
945 1501 1014 1565 των
1031 1494 1225 1584 οἰκημάτων
1245 1493 1281 1564 τό
1301 1496 1386 1582 μέχρι

234 1681 237 1690 .
265 1601 351 1686 ἐμεῦ,
363 1589 458 1687 ἦσαν.
491 1597 705 1688 Ψαμμήτιχος
719 1601 781 1686 μέν
796 1627 862 1668 ννν
876 1595 964 1668 οὕτω
979 1606 1053 1687 ἐσχε
1070 1596 1132 1686 τὴν
1145 1610 1329 1687 Αἴγυπτον.

300 1767 405 1840 χρόνον
418 1765 464 1826 ἐπὶ
474 1767 589 1842 πολλόν]
602 1776 681 1826 Coni.
695 1775 732 1839 ΙΙ,
746 1775 803 1827 119.
855 1776 883 1827 h.
896 1775 915 1826 1.
931 1775 1032 1825 mentio
1048 1773 1105 1838 fiet,
1124 1775 1346 1826 mercenariorum
1358 1771 1387 1820 rb

269 1847 325 1898 1³3.
855 1845 949 1896 Amasi
960 1844 1097 1910 Memphin
1107 1846 1332 1911 transpositorum
1344 1857 1384 1907 pro

298 1909 353 1964 εἰσί
373 1910 404 1963 δὲ
423 1901 503 1963 οὗτοι
521 1907 551 1963 oi
562 1910 649 1978 χῶροι
664 1909 737 1977 πρὸς
749 1912 804 1964 θα-
855 1915 971 1980 poeterie
996 1928 1057 1964 eeee
1079 1914 1230 1967 habendos.
1267 1913 1318 1965 Sed
1338 1909 1387 1960 nui·

263 1977 368 2048 λάσσης
385 1999 411 2032 κ.
424 1999 447 2032 τ.
459 1981 494 2049 1.]
513 1978 586 2048 πρὸς
603 1976 750 2047 θαλάσσης
762 1989 805 2034 eei
855 1985 897 2034 lue
913 1987 1014 2036 Noster
1030 1991 1162 2035 memorat
1176 1986 1325 2036 Phoenicee
1341 1982 1387 2046 'iy-

263 2053 721 2117 moreoereur,ut11,148‚eiibi.
746 2054 804 2104 Me·
854 2056 944 2105 rioeve
964 2055 1159 2118 mercenarios,
1183 2056 1230 2120 qui
1255 2055 1332 2104 Ionee
1353 2055 1386 2100 at·

264 2141 315 2175 neo
326 2125 360 2174 ob
371 2123 574 2189 Kuehner.‚qui
586 2124 614 2172 in
627 2123 745 2174 Gremm.
755 2124 802 2175 Gr.
854 2140 905 2190 que
930 2125 1012 2174 Caree
1037 2129 1143 2174 tentrun
1167 2125 1260 2186 novit,
1287 2135 1386 2188 quorum

265 2199 290 2259 §-
311 2193 362 2245 616
386 2195 614 2258 praepositionem
638 2185 710 2256 πρὸς
730 2193 756 2243 h.
783 2193 802 2244 1.
855 2193 933 2244 aedes
958 2195 987 2242 in
1007 2193 1074 2244 urhe
1092 2195 1214 2259 Memphi
1239 2195 1284 2244 vix
1311 2191 1387 2256 Tyrio·

263 2264 395 2329 expiioat:
431 2264 588 2314 ermitteibor
617 2263 710 2322 dovor,
741 2262 805 2313 καλε
855 2279 907 2313 rom
924 2265 1015 2314 Caetra
1033 2262 1165 2328 appellari
1180 2264 1327 2328 potuerint.

265 2336 361 2394 ιίιιναιις
387 2333 415 2381 in
443 2348 522 2397 quarn
551 2332 714 2382 sententiam
738 2333 805 2382 iacit
891 2325 1021 2412 φυλακὴν
1050 2359 1084 2370 -
1117 2329 1189 2398 πρὸς
1227 2323 1386 2397 Αἰγυπτίων]

264 2403 401 2454 Diodorus
418 2403 554 2465 scrihere,
572 2401 633 2452 iiioe
651 2417 731 2467 egros
750 2417 805 2452 em·
855 2417 928 2466 προς
956 2396 1118 2466 Αἰγυπτίων
1144 2401 1275 2453 reddunt:
1308 2406 1386 2450 ceretro

264 2473 323 2538 pioe
355 2487 414 2521 eeee
441 2471 551 2521 uomitus
578 2465 681 2535 μικρὸν
710 2461 804 2520 ἐπάνω
856 2473 1010 2537 Αεμγμίίοει
1028 2471 1084 2521 vid.
1097 2472 1221 2524 Fischer.
1241 2471 1276 2522 ad
1290 2468 1384 2521 Weiier·

263 2539 315 2591 τοῦ
341 2539 542 2604 Πηλουσιακοῦ
566 2533 711 2604 στόματος.
747 2541 804 2590 Nec
855 2543 907 2604 111,
926 2541 953 2592 b.
971 2558 998 2606 p.
1015 2542 1077 2594 253.
1107 2541 1242 2607 Equidem
1262 2539 1386 2590 melimto

265 2611 344 2661 aliter
354 2609 624 2675 Schweighaeuserue
636 2611 664 2660 in
674 2611 741 2661 Lex.
751 2611 805 2660 He·
853 2619 930 2674 porte
947 2611 1136 2676 Aegyptiorum.
1150 2617 1181 2662 ut
1196 2611 1257 2662 ecii.
1277 2618 1339 2661 ιιααι
1354 2621 1386 2656 er·

265 2680 353 2732 rodet.
371 2679 447 2729 reddi
463 2679 522 2729 vuit
538 2695 628 2745 prope,
647 2685 678 2729 ut
693 2680 721 2743 Ι,
742 2681 804 2731 lte:
855 2689 893 2732 eet
909 2680 941 2729 oh
960 2682 1091 2745 Aepyptr'ie
1108 2697 1176 2732 neve
1194 2681 1261 2747 quid
1278 2679 1338 2730 maii
1357 2673 1386 2724 eb

266 2767 319 2816 quo
338 2754 411 2801 certe
427 2749 487 2800 loco
505 2747 577 2815 πρὸς
595 2746 742 2806 Σικυῶνος
760 2765 806 2799 ve·
856 2752 889 2800 iie
909 2751 1052 2816 occiperet.
1089 2751 1167 2802 Coei.
1192 2750 1326 2802 Matthiae
1347 2746 1386 2796 Gr·

265 2823 316 2872 let:
333 2819 462 2887 Sicyonem
479 2835 581 2880 verrem
604 2819 660 2870 vid.
679 2819 717 2869 ibi
734 2823 805 2871 nott.
856 2821 903 2871 Gr.
922 2836 948 2884 p.
970 2820 1045 2870 11711.

266 2923 301 2932 -
324 2892 366 2941 De
385 2889 494 2940 Boboeti
511 2889 567 2940 rid.
586 2895 644 2940 not.
662 2889 697 2939 ed
715 2889 752 2952 ΙΙ,
771 2888 805 2940 oe
891 2879 1102 2953 ἐπιμισγόμενοι
1119 2878 1257 2956 τούτοισι]
1280 2889 1319 2938 De
1337 2873 1388 2932 ἐπι-

267 2967 294 3012 et
312 2961 345 3010 de
358 2959 413 3010 Nili
428 2961 499 3010 oetio
514 2961 805 3011 Pelusiacoiixcureum
855 2957 1006 3022 μίσγεσθαι
1025 2958 1097 3009 coni.
1117 2957 1154 3019 ΙΙ,
1177 2959 1235 3010 151.
1272 2957 1304 3006 In
1320 2967 1387 3016 eeqq-

266 3031 301 3082 ad
318 3031 360 3094 ΙΙ,
381 3031 422 3082 17.
856 3029 1034 3094 iungendum:
1050 3017 1219 3092 οἰἝλληνες
1230 3027 1286 3092 (nor
1297 3019 1389 3083 Graeci)

301 3099 472 3150 κατοίκισε
508 3087 535 3154 ἐς
568 3095 700 3162 Μέμφιν]
735 3095 808 3148 Male
856 3125 889 3135 -—
914 3089 1100 3163 ἐπιστάμεθα.
1122 3091 1250 3146 τούτοισι
1273 3097 1306 3146 ed
1332 3105 1390 3142 ruer·

268 3171 332 3221 oiim
355 3167 574 3232 κατοίκησιν,
606 3166 677 3232 quod
698 3167 807 3217 minime
857 3167 995 3231 cenarioa,
1014 3169 1060 3234 qui
1077 3165 1195 3232 Memphi
1215 3171 1307 3226 erent,
1330 3161 1390 3212 reio

265 3240 318 3290 hac
336 3239 460 3304 quadrat.
495 3237 651 3302 Requiritur
668 3237 737 3286 enim
750 3252 808 3287 ver·
857 3237 980 3288 rendum.
1013 3237 1145 3288 Herodoti
1167 3237 1237 3286 enim
1263 3231 1390 3286 sententia

266 3310 330 3359 bum
348 3304 530 3367 κατοικίζειν,
550 3306 622 3372 quod
639 3305 672 3356 de
690 3307 723 3356 iic
743 3306 808 3356 dici·
857 3307 925 3357 heeo
945 3311 1000 3357 eet:
1021 3323 1053 3357 ex
1067 3322 1120 3372 quo
1138 3305 1166 3355 hi
1181 3306 1282 3356 milites
1301 3303 1391 3368 (circe

267 3384 324 3440 tur,
344 3379 390 3442 qui
408 3377 462 3427 eiio
482 3377 510 3426 in
527 3376 588 3426 loce
607 3376 685 3426 eedoe
703 3376 809 3426 hehite-
858 3382 885 3426 et
903 3375 999 3439 Ionee)
1016 3377 1044 3426 in
1059 3379 1184 3441 Aegypto
1197 3375 1321 3426 habitare
1338 3383 1391 3422 coe·

267 3454 323 3498 tum
352 3448 395 3498 cui
425 3445 583 3497 concedunt.
621 3445 700 3496 Cous.
727 3445 806 3496 modo
856 3447 960 3512 perint,
987 3446 1105 3498 Graecos
1126 3461 1186 3496 eum
1208 3445 1251 3495 hie
1273 3453 1392 3494 commer-

267 3517 420 3582 Thucydid.
452 3517 497 3578 ΙΙ,
529 3516 579 3566 120
606 3515 697 3580 ibique
726 3516 808 3566 inter·
858 3517 930 3566 oium
946 3521 1059 3582 egentes
1077 3531 1124 3577 ee,
1142 3529 1212 3580 quae
1230 3515 1260 3564 in
1274 3512 1390 3578 Aegypto

267 3592 348 3654 prett.
361 3585 483 3651 Xenoph.
497 3584 585 3636 Anah.
599 3586 632 3647 V,
649 3585 675 3646 6,
698 3586 738 3636 15.
757 3585 807 3647 vl,
858 3591 937 3651 geete
959 3587 1030 3649 sint,
1058 3601 1075 3636 a
1098 3583 1292 3636 Peammiiicho
1320 3577 1390 3630 initio

267 3662 298 3720 2,
317 3660 343 3708 7.
365 3656 482 3707 Bredov.
501 3669 528 3718 p.
546 3654 607 3706 311.
642 3654 726 3704 Recte
742 3656 808 3705 Dio·
857 3655 945 3716 iacto,
969 3656 1073 3716 omnia,
1095 3660 1124 3704 et
1141 3669 1174 3704 ea
1189 3668 1309 3719 quoque,
1328 3659 1391 3714 quw

268 3730 350 3780 derue
368 3727 390 3788 Ι,
410 3727 462 3777 iii:
484 3717 535 3780 οὓς
549 3717 684 3774 ἐντεῦθεν
696 3716 806 3789 Ἀμασις
858 3731 920 3791 port
932 3723 1154 3776 Psammitichum
1170 3729 1249 3789 geete
1267 3723 1335 3784 sint,
1352 3731 1391 3766 ae·

267 3827 302 3836 —
327 3789 460 3859 όνέστησε
486 3789 532 3843 καὶ
559 3785 808 3859 artemetoris
859 3800 953 3846 curare
971 3795 1089 3844 novisse.
1124 3793 1167 3844 Ad
1184 3793 1305 3858 proxime
1321 3801 1390 3852 seqq.

266 3861 396 3931 Μέμφιν.
434 3863 506 3915 Hinc
524 3862 676 3928 Polyaenus
693 3863 764 3926 vn,
791 3863 807 3914 3
859 3863 968 3928 πρῶτοι
986 3851 1390 3928 γάροῦτοικ.τ.λ.νίἁ.ιιοίῑ.

267 3939 294 3990 et
323 3934 452 4000 Stephon.
481 3935 549 3999 Bya.
577 3949 599 3983 e.
626 3947 653 3984 r.
683 3923 809 3996 Καρικόν
859 3934 893 3983 od
922 3933 964 3996 11,
992 3935 1042 3985 152
1065 3937 1092 3983 et
1113 3932 1185 3982 coni.
1210 3934 1344 3983 Letronne
1367 3926 1391 3972 in

267 4006 392 4066 trudunt,
429 4005 512 4054 Cares
541 4007 645 4068 partem
673 4002 806 4068 quandem
857 4001 939 4053 Mem.
966 4001 999 4052 de
1016 4001 1105 4052 i'Aeri.
1135 4002 1181 4052 dee
1204 4001 1342 4064 Inscripti.
1360 3994 1389 4044 Τ·

265 4075 399 4140 Memphis
427 4073 500 4125 urhis
526 4071 671 4123 incoluisse
694 4072 809 4137 indeque
857 4072 947 4123 XVII.
968 4087 995 4136 p.
1015 4073 1031 4122 8
1049 4087 1123 4149 eeqq.

266 4141 488 4206 Καρομεμφίτας
506 4141 656 4208 appellatos
670 4157 739 4194 eeee.
759 4142 807 4192 Su·
893 4139 926 4190 οἱ*
937 4155 964 4190 τε
985 4132 1063 4192 ὁλκοὶ
1080 4155 1138 4188 των
1156 4137 1239 4204 νεών]
1258 4130 1336 4188 dirui
1350 4149 1391 4182 no·

266 4215 387 4278 epioatur
412 4217 501 4260 nutem
520 4211 724 4263 Sebiichthoret.
749 4211 767 4261 1.
787 4211 804 4261 i.
856 4214 1020 4272 irritasunt,
1042 4211 1191 4274 interprete
1208 4203 1391 4270 Weaeeiingio,

266 4297 330 4349 paq.
355 4281 403 4340 113,
426 4295 587 4344 compereor
608 4281 740 4332 Herodot.
767 4281 806 4342 ΙΙ,
857 4281 903 4346 qni
921 4271 1024 4337 όλκοὺς
1047 4279 1074 4328 in
1099 4295 1129 4328 re
1147 4279 1258 4330 neutice
1275 4291 1333 4326 eaeo
1351 4272 1392 4321 de·

266 4353 331 4414 112,
355 4349 504 4400 Phoenices
527 4350 675 4415 Tyrieave‚
693 4365 806 4416 quorum
857 4355 900 4400 eet
917 4349 1034 4400 roderice
1052 4349 1089 4398 αιί
1101 4364 1178 4400 oeoer
1202 4340 1392 4406 rraieaorrqli·
