3088 4944
603 344 778 412 0L10.1.
804 353 864 410 164,
1240 337 1299 403 321

164 535 260 604 νιος·“
279 518 505 610 ἐτυράννευσε
524 519 562 589 δέ
586 511 779 612 Ταρτησσοῦ
797 521 991 612 ὀγδώκοντα
1009 531 1099 610 ἔτεα,
1126 529 1246 614 ἐβίωσε
1264 525 1303 594 δὲ

167 625 276 696 πάντα
295 634 400 693 εἴκοσι
419 624 476 692 καὶ
501 622 630 694 ἑκατόν.
673 626 781 722 τούτῳ
798 630 836 698 δὲ
863 657 908 698 τι
933 625 1032 718 ἀνδρὶ
1051 631 1252 720 προσφιλέες
1270 633 1306 698 οί

167 729 337 806 Φωκαιέες
354 722 448 796 οὕτω
460 725 503 815 δή
520 755 552 796 τι
570 730 741 816 ἐγένοντο,
760 726 804 812 ὡς
821 729 862 800 τὰ
879 732 941 820 μὲν
958 731 1073 822 πρῶτά
1092 753 1198 821 σφεας
1211 735 1300 801 ἐκλι-

170 831 292 911 πόντας
314 827 445 918 Ἰωνίην
471 833 627 900 ἐκέλευσε
656 837 714 921 τῆς
743 836 870 904 ἑωυτοῦ
898 833 1006 924 χώρης
1038 839 1186 926 οἰκῆσαι,
1219 832 1301 905 ὅκου

124 948 159 1004 18
168 934 366 1024 βούλονται·
394 929 476 1021 μετὰ
490 933 544 1021 δε,
566 930 611 1015 ὥς
628 936 726 1006 τοῦτό
748 963 787 1024 γε
807 933 870 1006 οὔκ
889 943 1005 1006 ἔπειθε
1021 935 1099 1018 τοὺς
1116 941 1300 1022 Φωκαιέας,

166 1033 241 1108 ὁδε
268 1034 462 1124 πυθόμενος
486 1035 547 1108 τὸν
563 1043 688 1128 Μῆδον
709 1035 783 1130 παρ’
802 1036 916 1110 αὐτῶν
941 1035 986 1120 ὥς
1009 1035 1159 1128 αὔξοιτο,
1186 1044 1301 1110 ἐδίδου

165 1161 227 1229 σφι
246 1138 396 1230 χρήματα
415 1155 522 1228 τεῖχος
538 1144 782 1230 περιβαλέσθαι
799 1141 861 1232 τῆν
879 1140 988 1213 πόλιν.
1013 1144 1128 1212 ἐδίδου
1147 1143 1184 1213 δὲ
1202 1140 1299 1228 ἀφει-

165 1247 264 1324 δέως·
290 1245 347 1312 καί
368 1239 432 1331 γὰρ
452 1240 547 1332 καλῆ
570 1251 726 1336 περίοδος
742 1251 804 1316 τοῦ
819 1253 944 1334 τείχεος
962 1241 1026 1315 οὔκ
1047 1241 1154 1334 ὀλίγοι
1172 1245 1305 1315 στιίδιοί

166 1353 247 1417 είσι·
280 1345 440 1415 τοῦτοδὲ
465 1351 534 1416 πᾶν
559 1355 670 1419 λίθων
686 1349 844 1438 μεγάλων
860 1351 918 1418 καὶ
942 1340 981 1419 εὔ
1006 1351 1300 1439 συναρμοσμένων.

170 1448 215 1520 Τὸ
229 1451 292 1540 μὲν
310 1446 353 1539 δῆ
369 1465 476 1538 τεῖχος
502 1465 588 1521 τοῖσι
612 1459 805 1523 Φωκαιεῦσι
828 1451 941 1548 τρόπῳ
962 1455 1082 1544 τοιῷδε
1109 1445 1370 1540 ἐξεποιήθη.164

164 1550 183 1624 ὁ
203 1555 240 1623 δὲ
250 1551 436 1641 Ἅρπαγος,
452 1548 496 1632 ele
515 1554 661 1644 ἐπήλασε
677 1555 741 1646 τῆν
755 1554 932 1646 στρατιῆν,
955 1553 1147 1645 ἐπολιόρκεε
1167 1551 1300 1639 αὐτοὺς,

166 1655 404 1747 προισχόμενος
432 1662 530 1744 ἔπεα,
560 1654 604 1740 ὥς
629 1663 664 1728 οί
688 1665 853 1754 καταχρᾷ,
877 1665 908 1729 εί
931 1657 1112 1747 βούλονται
1133 1660 1303 1736 Φωκαιέες

165 1821 293 1884 secedis,
322 1819 395 1886 quod
418 1820 565 1872 orientales
586 1821 708 1873 homines
760 1821 815 1874 δον
829 1855 864 1865 -
878 1814 917 1882 ὡς
932 1815 1066 1888 αὔξοιτο,
1090 1839 1139 1890 pro
1163 1813 1178 1872 ὁ
1198 1819 1304 1888 Μῆδος

165 1891 218 1942 hoe
239 1905 351 1942 numero
375 1891 484 1942 omnino
510 1893 609 1942 mullum
638 1892 709 1956 quid-
761 1899 941 1946 ε1ο.ωοιιοι·ο
959 1895 1007 1944 vix
1025 1907 1102 1960 opus.
1133 1892 1186 1944 Sed
1202 1892 1304 1957 inipso

167 1963 223 2010 elom
240 1959 373 2010 indioonl.
407 1960 516 2012 Monuit
530 1959 647 2012 Bredov.
666 1961 707 2010 in:
761 1979 829 2015 voce
856 1957 908 2013 τὸν
936 1959 1045 2028 Μῆδον
1075 1961 1222 2014 haeserunt
1251 1960 1304 2010 viri

165 2029 329 2082 Untersuoh.
362 2029 430 2080 iiber
458 2030 650 2095 Gegenstilnde
681 2030 707 2080 tl.
761 2033 850 2096 (loeti,
873 2035 914 2084 ile
936 2037 980 2096 ut,
1003 2048 1064 2084 eum
1082 2031 1228 2097 Herpsgus
1246 2030 1304 2080 Me-

167 2099 265 2151 Geseh.
281 2116 309 2151 u.
329 2099 427 2165 Geogr.
445 2099 467 2152 1.
488 2115 551 2166 pag.
567 2100 617 2151 108
632 2115 707 2166 seqq.
761 2104 812 2154 dus
837 2102 954 2168 intelligi
975 2105 1106 2167 nequest,
1133 2092 1184 2150 τὸν
1207 2091 1305 2150 Λυδὸν

170 2170 228 2220 111.
250 2169 298 2220 113
316 2185 374 2234 seq.
403 2169 446 2219 Or.
461 2168 551 2220 addit:
569 2170 708 2220 Mnenter:
761 2171 792 2237 (i.
816 2187 839 2224 e.
862 2171 990 2236 Croeewo)
1015 2171 1059 2221 hie
1082 2171 1213 2220 substitui
1238 2168 1304 2219 mel-

166 2240 222 2289 Der
233 2239 313 2290 Stern
331 2238 378 2288 der
393 2239 512 2302 Weisen,
530 2255 557 2304 p.
570 2241 614 2291 27.
632 2240 710 2290 Haeo
750 2241 827 2298 lent.
870 2243 913 2293 Tu
934 2242 1024 2308 Cyrum
1047 2239 1169 2306 intellige
1191 2239 1303 2303 Μεδωιι,

166 2310 251 2375 igitur
269 2309 292 2358 si
309 2309 471 2373 respexeris,
490 2308 602 2359 vixdum
617 2308 710 2361 heere·
761 2311 789 2361 id
808 2315 850 2362 est
862 2311 995 2362 Medorum
1012 2325 1108 2376 repom,
1127 2325 1188 2360 oum
1204 2309 1303 2359 Persas

165 2379 260 2442 bis-in
283 2383 326 2428 tot
351 2393 484 2428 annorum
507 2393 634 2442 numero,
663 2378 711 2443 qui
760 2375 1020 2432 Medorum'nomine
1034 2379 1107 2446 epod
1119 2379 1238 2430 Grseoos
1252 2379 1304 2428 ire-

166 2447 354 2514 Argonlhonio
380 2448 439 2514 regi
464 2448 632 2500 tribuuntur.
667 2448 710 2498 De
761 2451 938 2516 quenlissime
970 2449 1120 2516 significari
1151 2464 1230 2499 nemo
1258 2463 1304 2498 ne·

64 2532 67 2544 ·
165 2517 354 2584 Arganthonio
379 2517 452 2568 conf.
486 2533 594 2584 quoque
621 2519 710 2568 Bsur:
760 2521 844 2585 seint,
872 2521 917 2572 rel
933 2520 999 2586 Cyri
1016 2519 1126 2581 (lucem,
1146 2518 1302 2582 Ιίοιμαριιω,

165 2587 333 2654 Naturrelig.
353 2585 568 2638 d.A1oerthums.
587 2588 609 2638 1-
625 2603 652 2653 p.
664 2586 708 2638 29.
761 2591 873 2642 notione
896 2589 1006 2641 Medum
1030 2587 1068 2652 (1,
1094 2585 1166 2650 108).
1208 2587 1304 2652 Neque

201 2648 298 2723 ἐβίωσε
317 2650 349 2706 δὲ
370 2648 495 2722 πάντα]
515 2649 618 2722 πάντα,
637 2655 710 2722 quod
761 2658 842 2710 aliter
859 2661 958 2710 saluit
976 2665 1003 2710 et
1020 2658 1118 2724 Negris
1138 2657 1173 2706 od
1192 2656 1220 2707 h.
1238 2655 1257 2706 l.
1276 2659 1304 2706 et

165 2727 259 2792 Viget.
276 2743 304 2792 p.
323 2725 374 2779 135
392 2726 586 2792 interpretetur
604 2729 709 2786 ormino,
761 2729 971 2795 GroteHistory
985 2729 1015 2779 oi
1026 2729 1128 2780 Greeee
1138 2725 1186 2777 1v.
1201 2741 1228 2790 p.
1243 2727 1303 2788 272,

165 2797 323 2848 Hermanno
347 2795 385 2861 (p.
410 2795 461 2847 120
478 2795 558 2860 ibid.)
584 2795 711 2862 displicer
762 2799 808 2866 qui
835 2798 1011 2849 difficultates
1041 2793 1247 2861 chronologicos
1276 2795 1304 2843 in

168 2866 298 2917 scribenti
316 2857 356 2914 τὰ
374 2856 499 2915 πάντα.
532 2867 583 2917 Cui
600 2865 711 2917 obloou·
760 2869 812 2920 hee
844 2873 905 2918 tots
936 2867 1093 2917 narratione
1128 2864 1223 2915 obvies
1258 2865 1305 2913 vix

167 2941 212 2986 lus
231 2940 273 2986 est
292 2934 429 2986 Sehsefer.
446 2935 481 2985 sd
499 2937 614 3002 Dionys.
633 2933 710 2985 Heli·
761 2937 902 2989 00mmode
926 2935 997 2986 solvi
1019 2949 1100 3000 posse
1124 2937 1214 2996 purat.
1250 2931 1304 2983 Sed

167 3021 242 3056 earn.
262 3005 449 3070 decomposit.
462 3006 556 3057 verbb.
569 3020 632 3071 pog.
648 3003 709 3066 335,
760 3012 912 3072 temporum
933 3005 1065 3056 rationem
1089 3003 1239 3052 consistere
1261 3015 1305 3050 er-

168 3091 229 3126 eum
238 3067 331 3124 πάντα
344 3076 426 3125 etiem
437 3073 621 3125 sinesriieulo
634 3087 711 3140 pree·
760 3077 880 3127 bitreiur
895 3073 1031 3125 Dederieh
1048 3069 1156 3136 (Rhein.
1169 3072 1241 3122 Mus.
1255 3071 1304 3122 IV.

168 3145 258 3210 posito
280 3145 332 3194 hoo
355 3145 506 3209 reperietur
530 3159 622 3195 sensu.
659 3145 711 3194 Est
761 3163 788 3212 p.
808 3145 884 3210 101),
906 3142 986 3195 modo
1003 3143 1033 3192 in
1049 3140 1152 3204 verbis,
1177 3155 1247 3208 quoe
1265 3141 1305 3190 in-

168 3215 252 3266 enim:
276 3217 302 3265 io
326 3215 416 3264 Αίίωιι.
455 3214 518 3266 vid.
539 3213 639 3264 Metth.
663 3213 709 3264 Gr.
761 3217 887 3266 ireos.
910 3213 960 3265 loe
983 3212 1124 3280 leguntur,
1147 3201 1305 3278 ’λργανδοί-

168 3285 215 3336 Gr.
227 3287 252 3347 §-
262 3284 323 3336 200.
333 3289 390 3334 not.
404 3284 576 3336 elKuehner.
591 3283 710 3334 Gremm.
762 3297 825 3341 νιος
843 3230 876 3335 δῦ
891 3279 1088 3347 τηνικαῦτα
1108 3276 1166 3347 ἤδη
1184 3279 1304 3331 τετελευ-

168 3353 266 3405 Greee.
286 3356 312 3416 ς.
330 3351 391 3404 480.
411 3357 467 3403 not.
486 3355 529 3417 1.,
549 3353 645 3419 quibus
665 3366 712 3402 eu·
760 3345 856 3418 τήκεε,
880 3367 936 3402 vox
956 3349 1114 3418 τηνικαῦτα
1132 3367 1187 3403 non
1205 3350 1305 3400 refero·

168 3422 289 3474 oloribus
299 3421 423 3486 articulo,
436 3419 709 3487 queminviliscotld.
762 3429 808 3474 tur
837 3421 873 3473 sd
894 3421 963 3473 illud
986 3427 1108 3485 tempus,
1137 3435 1191 3486 quo
1215 3417 1306 3470 Alalis

167 3493 340 3543 inseruerunt
351 3497 466 3543 reeentt.
485 3491 559 3554 eddi,
578 3491 622 3543 hie
636 3489 711 3542 nullo
763 3493 845 3544 suerii
863 3491 987 3554 condito,
1012 3489 1061 3541 sed
1084 3488 1119 3539 etl
1142 3489 1170 3539 id
1188 3493 1305 3553 tempus,

107 3573 114 3586 ·
168 3562 248 3612 modo
277 3567 322 3612 est
346 3577 424 3627 opus.
463 3561 604 3626 Explicuit
633 3575 711 3611 usum
762 3561 1017 3629 quoPhooeeenses
1031 3557 1229 3624 petrisreliets
1241 3557 1306 3622 Cyr-

167 3631 292 3683 Nitzseh.
311 3631 346 3682 od
360 3630 636 3695 HomeriOdyss.V.
649 3630 709 3680 244.
732 3652 735 3658 ·
761 3647 826 3683 num
861 3631 961 3682 rofeeli
979 3630 1044 3680 sint.

167 3700 229 3752 Alio
249 3715 332 3752 sensu
349 3693 443 3750 πάντα
468 3701 495 3762 1,
515 3701 562 3762 50,
587 3699 635 3750 nbi
653 3697 710 3750 vid.
796 3648 895 3750 ἐδίδου
915 3714 965 3780 τρι
979 3690 1109 3778 χρήματα
1120 3696 1214 3761 τεῖχος
1227 3707 1305 3757 πεοι-

166 3775 238 3822 nolt.
262 3775 290 3820 et
305 3769 361 3832 1x,
380 3769 427 3833 81,
446 3770 493 3820 ubi
511 3769 567 3820 vid.
586 3772 657 3822 noti.
675 3797 711 3808 -
760 3765 898 3837 βαλέσθαι
920 3783 973 3832 την
996 3763 1090 3832 πολιν]
1118 3764 1197 3816 coni.
1216 3762 1308 3814 Kueh·

167 3839 233 3890 Mox
251 3853 312 3890 oum
324 3838 463 3892 Gsisl’ord.
474 3839 602 3905 rescripsi
617 3828 709 3906 τοῦτιμ
760 3855 817 3891 ner.
837 3839 884 3891 Gr.
903 3839 950 3890 Gr.
968 3836 994 3900 9.
1014 3835 1066 3889 oso
1083 3835 1117 3886 de
1133 3833 1211 3886 verbi
1227 3845 1306 3896 περι-

168 3903 205 3959 ol
222 3923 271 3975 pro
288 3907 364 3976 vulg.
382 3900 474 3976 τούτῳ
493 3900 544 3973 δή.
761 3901 914 3976 βάλλεσθαι
936 3911 1083 3957 structure.
1106 3933 1143 3946 -
1169 3905 1212 3956 De
1236 3907 1306 3953 ιασ-

204 3967 220 4026 ὁ
250 3971 283 4027 ol
313 3969 481 4043 πυθόμενος
519 3968 571 4026 τὸν
601 3972 710 4040 Μῆδον
763 3983 854 4030 olore:
881 3968 1055 4043 ῆπερίοδος
1069 4003 1104 4016 -
1122 3964 1237 4025 στάδιοί
1250 3967 1305 4021 rios

168 4037 238 4112 παρ’
258 4037 353 4096 αὔτοῖν
368 4037 407 4104 ὡς
423 4037 552 4112 αὔξοιτο]
577 4045 711 4097 Nolumus
763 4047 836 4101 conf.
855 4046 890 4098 ed
908 4047 932 4111 1,
950 4045 995 4100 03.

167 4117 196 4166 in
226 4115 269 4166 his
297 4115 459 4182 perticulam
492 4109 529 4164 δὲ
557 4115 712 4180 repetitam,

169 4201 231 4236 eum
240 4187 324 4250 istud,
344 4185 417 4252 quod
428 4189 625 4252 praecesserat,
644 4179 713 4250 μετὰ
930 4215 986 4269 cn
1016 4213 1128 4268 cmv

169 4247 206 4303 (ll
229 4256 324 4324 ntique
341 4255 470 4307 sufficiet.
508 4253 613 4305 Similis
632 4267 754 4321 quse„
990 4253 998 4270 ’
1130 4303 1144 4326 n

170 4322 231 4372 (lem
256 4325 328 4377 eoos.
353 4340 436 4390 supro
455 4325 481 4387 Ι,
505 4323 563 4376 148.
586 4324 631 4386 Π,
652 4323 711 4374 180.
799 4311 1005 4385 προϊσχόμενος
1022 4314 1104 4380 ἔπεα,
1121 4329 1161 4374 ως
1176 4306 1205 4396 οἱ
1220 4325 1305 4362 κατα-

169 4393 212 4444 Ι)ο
229 4397 369 4446 structure
384 4394 479 4445 verbb.
494 4408 570 4459 seqq.
583 4384 634 4442 τὸν
646 4387 713 4456 Μῆ-
763 4387 833 4458 χρᾷ,
855 4383 882 4438 εί
904 4381 1056 4457 βούλονται
1072 4386 1212 4441 Φωκαιεες
1236 4396 1263 4430 κ.
1281 4393 1305 4427 τ.

211 4497 426 4542 nnsonos.1.
1063 4469 1099 4529 21
