3032 4916
232 257 294 320 650
666 257 934 320 HERODO'PI

233 463 324 524 μνην
342 463 379 505 τε
401 432 535 524 ὀρύξαι,
568 438 626 521 τῆς
646 429 665 522 ἡ
687 439 842 522 περίοδος
861 429 951 502 ὅσων
972 435 1202 506 ἐστὶσταδίων
1224 433 1368 527 ὕστερον

235 539 394 628 δηλώσω,
416 542 608 626 πυραμίδας
630 564 666 606 σε
686 539 724 606 ἐν
736 533 822 627 αὐτῇ
836 541 1071 627 οἰκοδομῆσαι,
1092 543 1162 610 scio
1181 547 1242 610 τοῦ
1261 541 1363 631 μεγά-

234 655 316 724 θεος
336 645 412 732 πέρι
432 637 517 730 ὁμοῦ
539 636 624 730 αὐτῇ
643 645 683 730 τῇ
700 648 800 732 λίμνῃ
821 639 1054 732 ἐπιμνήσομαι.
1087 649 1207 716 τοῦτον
1227 645 1290 735 μὲν
1308 675 1363 716 το-

235 753 342 819 σαῦτα
356 744 599 830 ἀποδέξασθαι,
621 745 743 815 scindi
760 743 873 815 ἄλλων
893 743 1018 816 οὐδένα
1032 741 1144 818 οὐδέν.

168 854 227 916 102
304 849 606 941 Παραμειψάμενος
622 839 670 918 ὧν
686 849 840 934 τούτους,
862 857 923 920 τοῦ
945 853 1000 920 ἐπὶ
1014 849 1161 922 τούτοισι
1181 853 1365 949 χενομὲνου

234 958 404 1044 βασιλέος,
432 959 479 1048 τῷ
492 951 620 1041 οὔνομα
639 943 682 1041 ἦν
702 957 908 1042 Σέσωστρις,
935 953 1057 1026 τούτου
1076 955 1210 1046 μνήμην
1225 957 1361 1047 ποιήσο-

232 1087 302 1149 μαι.
338 1058 398 1130 τὸν
414 1065 531 1145 ἔλεγον
547 1061 580 1127 oi
593 1059 678 1148 ἱρέες
692 1063 827 1149 πρῶτον
840 1059 903 1148 μὲν
921 1066 1065 1129 πλοίοισι
1087 1076 1242 1151 μακροῖσι
1257 1056 1359 1151 ὁρμη-

230 1253 281 1312 cdv
297 1251 368 1326 νηὸν
387 1262 464 1328 quasi
477 1261 629 1327 cingentem
647 1267 772 1326 quercet
822 1279 864 1326 eo,
882 1263 955 1329 quod
972 1263 1000 1314 in
1019 1261 1122 1328 palatio
1142 1281 1226 1330 prope
1243 1266 1360 1329 Lulssor,

231 1333 275 1382 bic
293 1335 321 1382 et
345 1347 422 1397 seqq.
447 1345 537 1396 capp„
562 1332 622 1392 ubi,
647 1347 717 1396 quae
735 1332 770 1383 ab
822 1333 948 1384 orientali
975 1334 1003 1383 in
1032 1333 1119 1384 lutere
1141 1335 1212 1398 Nili,
1239 1334 1361 1400 singulas

231 1402 292 1452 aliis
310 1401 426 1452 Vulcani
443 1400 543 1467 templo
560 1401 655 1452 addita
671 1400 772 1454 iruerint
822 1407 913 1468 partes
932 1404 990 1454 eius
1014 1403 1132 1454 aedilicii
1157 1405 1270 1456 diversis
1288 1411 1361 1456 esta·

230 1471 392 1537 propylaea,
422 1475 582 1522 enarrantur
604 1468 651 1535 (cf.
676 1473 713 1535 ll,
736 1471 771 1525 99
821 1474 895 1524 tibus
911 1473 1038 1539 deinceps
1060 1473 1185 1526 conditas
1209 1492 1269 1527 esse
1286 1491 1361 1526 mon-

231 1541 299 1607 tin.),
332 1540 521 1606 intelliguntur
552 1541 619 1604 „des
648 1547 770 1593 constru-
822 1547 952 1594 strarant.
971 1543 1205 1598 Haecsniticiant.
1224 1547 1361 1597 Denthe-

231 1611 319 1662 ctions
351 1609 565 1676 independenter
599 1609 634 1660 du
670 1611 770 1677 temple
821 1614 953 1664 niensium
987 1613 1142 1680 propylaeis
1176 1616 1360 1678 conferantur,

231 1681 331 1738 meme,
355 1679 461 1732 dlevdes
485 1681 552 1732 dans
569 1680 616 1731 des
635 1683 770 1746 positione
822 1699 891 1748 quae
914 1684 983 1735 citat
1006 1684 1154 1752 Creuserus
1184 1687 1212 1736 in
1239 1686 1357 1752 Symbol.

230 1757 292 1802 tous
315 1750 470 1803 diffdrentes
493 1767 542 1817 par
563 1759 674 1816 rapport
691 1753 708 1803 lt
726 1756 770 1804 cet
822 1753 876 1804 111.
896 1769 958 1820 pag.
976 1753 1028 1806 469
1047 1755 1090 1805 ed.
1108 1759 1171 1805 tert.

231 1821 340 1882 ddiliee,
363 1819 471 1886 plaudes
498 1837 534 1872 au
557 1819 637 1882 nord,
658 1824 674 1873 b
697 1821 767 1884 l'est,
854 1813 974 1888 ὕστερον
991 1816 1119 1889 δηλώσω]
1135 1826 1197 1878 Vid.
1212 1827 1248 1889 ΙΙ,
1264 1826 1323 1879 llll.

229 1907 264 1942 au
281 1889 345 1954 sud,
364 1893 380 1942 b
399 1891 510 1955 l’ouest,
530 1897 558 1942 et
573 1889 768 1957 drigdesbdes
855 1891 920 1943 sois
941 1892 1002 1944 sod
1025 1886 1202 1959 μεγάθεος
1227 1887 1320 1962 πέρι]
1338 1897 1358 1947 i.

229 1960 347 2027 dpoques
365 1959 421 2013 trba
434 1959 572 2028 dloigndee
586 1961 626 2012 les
641 1979 708 2014 unes
721 1963 768 2012 des
821 1980 845 2014 a.
864 1980 968 2029 qrscrmn
985 1965 1017 2014 de
1038 1966 1205 2030 mopsitudine
1220 1969 1291 2018 etmel
1306 1982 1360 2016 οιαιι

229 2036 335 2092 autree3
359 2047 393 2082 en
410 2037 484 2084 sorte
507 2047 560 2096 que
576 2036 638 2082 tous
654 2032 695 2084 les
713 2029 769 2082 ddi·
819 2037 874 2097 ipso
887 2035 933 2084 Ιιοο
949 2037 1161 2086 immendamur
1175 2037 1277 2100 [οωάιιι.
1304 2037 1361 2086 Ubi

230 2101 308 2163 lices,
326 2101 393 2152 dont
412 2119 442 2154 se
460 2102 611 2167 composuit
626 2101 652 2154 le
669 2101 769 2166 temple
819 2105 903 2154 verbs
920 2103 978 2154 sois
994 2102 1045 2154 τοῦ
1067 2096 1208 2170 μεγάθεος
1230 2097 1295 2168 πέρι
1312 2107 1360 2156 ab·

230 2171 262 2222 de
273 2170 400 2234 Vulcain,
415 2169 520 2222 dlevdes
529 2174 767 2232 successivement,
819 2174 907 2225 solute
917 2175 1076 2239 accipienda
1090 2191 1151 2226 ease
1166 2175 1246 2226 docet
1259 2175 1358 2226 Mattb.

228 2242 338 2291 avolent
359 2239 481 2292 coexistd
505 2241 569 2292 bien
594 2241 767 2308 long-temps
819 2245 864 2295 Gr.
885 2245 931 2296 Gr.
951 2261 1014 2310 pag.
1033 2244 1109 2296 1175.
1128 2272 1162 2284 -
1181 2247 1213 2296 In
1228 2247 1280 2298 line
1298 2261 1361 2310 esp.

229 2309 308 2374 apres
324 2309 351 2360 la
369 2311 555 2361 construction
571 2310 607 2360 du
624 2325 715 2377 noyau
734 2310 768 2360 dn
818 2329 879 2366 cum
892 2315 978 2366 Gaisl.
989 2315 1189 2381 rescripsimus:
1207 2309 1299 2366 ἄλλων
1310 2311 1360 2365 on’-

229 2395 260 2430 ce
278 2379 364 2444 grand
384 2379 550 2430 ensemble.“
575 2379 620 2431 lta
631 2383 767 2432 Letronne
818 2382 897 2446 disc,
916 2399 975 2436 curn
992 2384 1075 2450 vulgo
1088 2385 1196 2437 inverso
1215 2385 1308 2437 ordine
1321 2385 1360 2436 le·

228 2449 407 2508 (Becherebes
419 2465 486 2514 pour
498 2450 584 2500 servir
601 2452 618 2501 b
635 2451 768 2501 l'bistoire
818 2458 955 2522 gerentur.
997 2453 1143 2507 Sohaelero
1172 2471 1244 2507 nnnc
1271 2457 1358 2521 magis

228 2518 262 2568 de
283 2517 405 2584 l'Egypt.
429 2519 516 2572 Paris.
544 2517 619 2574 1823.
644 2536 707 2586 pag.
732 2521 766 2574 26
818 2524 924 2590 plaeere
949 2524 1029 2575 video
1057 2517 1186 2575 οὐδένα
1206 2517 1299 2576 ἄλλων
1329 2525 1371 2576 in·

228 2603 284 2654 seq.
304 2592 331 2638 et
350 2588 462 2640 Recueil
483 2588 530 2640 des
554 2589 642 2642 Inscr.
664 2593 765 2656 Egypt.
817 2596 948 2659 Apparet.
959 2595 1046 2647 critic.
1056 2596 1092 2647 ad
1104 2595 1279 2648 Demosthen.
1290 2601 1355 2647 tom.

227 2659 250 2708 1.
261 2673 324 2724 pag.
342 2659 384 2710 15.
402 2657 464 2710 coll.
484 2659 593 2711 Iomard
610 2662 638 2710 in
650 2660 765 2713 Journal
817 2665 872 2718 111.
891 2679 953 2732 pag.
975 2666 1033 2718 177.
1055 2677 1061 2688 ·

227 2727 275 2780 des
291 2728 356 2779 Sar.
369 2727 444 2780 1818.
459 2729 515 2780 Mai
529 2745 593 2797 pag.
605 2729 679 2795 305),
697 2731 766 2782 bens

226 2813 337 2850 monens
354 2797 388 2850 de
404 2799 456 2850 boc
468 2798 650 2852 aedificiorum
668 2817 766 2867 genere

226 2884 244 2918 a
261 2869 372 2920 Graecis
390 2869 497 2935 templis
510 2868 599 2922 alieno
613 2871 767 2937 Aegyptiis·

225 2953 278 3003 que
290 2940 408 3005 proprio,
422 2939 495 3005 quod
504 2940 644 2992 introitum
657 2942 764 3006 quidem

227 3007 262 3058 ad
284 3009 358 3074 ipsas
384 3010 466 3060 aedes
493 3013 623 3075 praebere
646 3016 762 3076 poterat.

225 3080 301 3140 Quae
318 3079 416 3130 Strabo
433 3079 504 3130 hanc
527 3079 554 3130 in
578 3097 634 3132 rem
652 3082 763 3147 profert,

224 3147 259 3198 ab
278 3147 371 3198 eodem
389 3149 448 3199 viro
468 3149 548 3202 docto
570 3153 623 3203 iarn
642 3157 707 3202 sunt
724 3151 763 3202 sl·

223 3215 296 3277 lats;
315 3215 366 3268 boc
386 3218 511 3284 equidem
532 3237 565 3272 ex
583 3223 625 3274 db.
644 3227 710 3273 nota
728 3221 763 3272 ad

223 3285 295 3336 buno
313 3285 401 3337 locum
416 3288 529 3353 addam,
556 3291 702 3343 etiamnum
719 3307 762 3342 su-

223 3371 331 3421 peresse
340 3355 434 3408 borum
447 3359 653 3426 propylaeornm
664 3361 762 3412 rudera

1011 2837 1077 2890 Car.
1097 2839 1157 2891 011.

851 2937 890 3007 τῷ
901 2929 1012 3005 οὕνομα
1024 2929 1061 3007 ἦν
1073 2933 1242 3009 Σέσωστρις]
1256 2930 1294 3008 ἦν
1307 2961 1355 3010 pro

814 3009 878 3061 olim
895 3011 969 3076 vulg.
986 3005 1045 3076 ἔην,
1064 3013 1136 3078 quod
1150 3011 1356 3079 Schweighaeu-

813 3096 889 3132 serns
909 3085 936 3132 et
953 3082 1090 3133 Gaisiord.
1115 3084 1299 3146 retinuerunt,
1316 3101 1356 3135 re-

813 3151 911 3215 scripsi
929 3151 1068 3203 melicrum
1086 3154 1164 3204 codd.
1180 3155 1355 3217 auctoritate,

814 3235 881 3286 quos
907 3221 1016 3272 eosdem
1044 3228 1160 3274 recentt.
1182 3223 1244 3276 edd.
1268 3225 1354 3276 secuti

813 3294 889 3350 eunt;
908 3295 938 3340 tu
955 3291 1011 3342 vid.
1032 3293 1131 3342 Struve
1146 3294 1225 3358 Spes.
1245 3294 1268 3345 1.
1287 3295 1353 3348 dial.

813 3358 913 3412 Herod.
942 3375 1004 3426 pag.
1032 3363 1067 3413 20
1091 3365 1119 3412 et
1146 3364 1264 3414 Bredov.
1289 3379 1353 3430 pag.

813 3430 865 3480 405
883 3445 958 3496 seqq.
986 3431 1019 3482 In
1037 3447 1105 3482 voce
1122 3424 1282 3496 Σέσωστρις
1298 3435 1354 3485 He-

813 3499 919 3550 rodotei
935 3500 997 3550 libri
1015 3517 1069 3551 non
1086 3501 1208 3552 vadant:
1231 3501 1279 3552 alii
1303 3503 1353 3554 ali-

814 3573 855 3619 ter
878 3568 929 3619 boc
953 3585 1050 3620 nomen
1071 3572 1201 3636 scripturn
1221 3572 1352 3625 afferunt:

814 3637 847 3688 de
868 3654 922 3704 qna
945 3641 1095 3705 scripturae
1120 3641 1279 3692 diversitate
1297 3643 1353 3694 dixi

224 3424 366 3490 splendida
383 3433 411 3479 et
429 3430 532 3494 ampla,
558 3431 650 3496 qualia
672 3431 700 3481 in
718 3431 762 3482 de·

223 3496 371 3561 scriptione
411 3499 607 3564 Aegyptiarum
645 3501 762 3566 antiqui-

222 3570 309 3616 tatum
328 3581 344 3616 a
362 3567 448 3618 doctis
462 3569 548 3620 Gallis
566 3569 641 3620 edita
657 3585 763 3635 reprae-

222 3640 331 3686 sentata
351 3637 482 3689 videmus.
518 3640 555 3688 Et
577 3639 648 3690 hunc
662 3655 762 3691 morem

221 3721 315 3770 regum
329 3706 537 3774 Aegyptiorum,
556 3723 610 3773 quo
621 3709 696 3760 ducti
708 3711 762 3761 sin·
813 3707 842 3758 in
859 3709 983 3760 Excursu
1000 3709 1036 3759 sd
1054 3709 1080 3761 h.
1100 3709 1129 3773 1.,
1147 3711 1176 3760 in
1191 3727 1244 3776 qno
1260 3711 1292 3764 de
1310 3729 1355 3763 ar-

221 3774 278 3840 guli
296 3775 421 3842 deinceps
436 3793 484 3842 per
500 3776 642 3829 decursum
660 3785 762 3844 tempo·
812 3783 940 3844 grumento
958 3778 1037 3830 bidus
1054 3779 1107 3830 loci
1125 3780 1197 3831 etde
1214 3781 1263 3844 iis,
1283 3797 1354 3847 qnae

220 3844 258 3894 rie
267 3845 404 3897 veteribus
416 3845 563 3910 aediliciis,
581 3847 700 3914 templis,
714 3865 761 3899 no·
812 3847 847 3898 ad
864 3847 1043 3899 Sesostridem
1055 3849 1127 3900 bunc
1138 3851 1282 3915 pertinent,
1294 3851 1354 3917 pln-

220 3929 256 3962 ιιι
284 3921 443 3967 ornamenta
474 3916 610 3967 addebant
638 3923 686 3969 aut
713 3917 761 3969 ills
813 3917 888 3968 ribus
917 3918 1042 3982 exposui,
1071 3919 1201 3971 adhibitis
1230 3925 1351 3973 retamim

220 3983 351 4046 ampliora
360 3985 510 4036 reddebant
524 3985 760 4052 (quemadmodum
812 3987 972 4051 scriptorum
983 4003 1069 4053 aeque
1078 4005 1111 4040 sc
1119 3997 1352 4044 monumentorum

220 4051 247 4100 in
265 4051 316 4102 boc
340 4054 399 4119 ipso
417 4055 533 4107 Vulcani
556 4057 658 4123 templo
677 4059 760 4108 Mem·
810 4057 1004 4121 Aegyptiorum
1019 4059 1191 4110 testimoniis.

219 4119 323 4184 phitico
346 4124 449 4174 iactum
472 4127 640 4192 accepimus3
665 4128 701 4179 ct‘.
720 4127 758 4188 II,
845 4118 1351 4192 πλοίοισιμαιιροῖσιὁρμηθένταυ,

222 4187 281 4240 108.
303 4189 361 4242 110.
382 4194 442 4246 121.
468 4195 527 4248 153.
552 4195 626 4260 175),
651 4197 760 4264 egregie
810 4193 845 4262 l.]
862 4187 957 4259 μακρὰ
978 4195 1064 4244 alcis
1081 4202 1145 4248 sunt
1162 4203 1352 4266 nnumlonpae,

219 4258 414 4312 confirmarunt
430 4263 549 4316 aditores
570 4268 660 4332 operia
679 4265 759 4317 modo
811 4263 987 4327 tabellione,
1002 4265 1073 4316 conf.
1088 4267 1352 4336 1,2.1635biq.n0u.

219 4327 325 4380 laudati
344 4331 399 4384 vol.
423 4333 453 4382 II
470 4331 604 4398 (Thebes)
621 4352 685 4402 pag.
707 4333 760 4386 203
810 4365 845 4376 --
863 4334 930 4386 Cum
947 4335 1110 4388 Herodoteis
1132 4338 1232 4404 optime
1255 4353 1355 4392 conve-
