3086 4932
622 313 796 376 0L10.1.
820 324 865 380 93.
1039 357 1045 364 -
1249 315 1311 380 207

174 490 353 580 γαζόμεναι
370 491 555 556 παιδίσκαι.
588 477 682 576 οὖροι
704 486 757 572 δὲ,
777 489 877 558 πέντε
899 487 1026 574 ἐόντες,
1050 493 1099 558 ἔτι
1119 490 1175 560 καὶ
1198 492 1231 571 ἐς
1253 491 1310 580 ἐμὲ

175 587 262 682 ἦσαν
281 593 334 662 ἐπὶ
349 596 409 660 τοῦ
427 589 572 679 σήματος
591 588 678 660 ἅνω·
706 597 765 661 καί
783 611 843 678 σφι
862 592 1038 682 γράμματα
1057 593 1309 679 ἐνεκεκόλαπτο,

177 695 217 766 τὰ
239 699 370 764 ἕκαστοι
394 692 622 782 ἐξεργάσαντο.
662 695 718 762 καὶ
746 695 901 780 ἐφαίνετο
926 695 1150 788 μετρεόμενον
1178 697 1216 770 τό
1240 703 1310 768 τῶν

178 913 236 947 ces:
254 892 450 960 Handwerlrer)
464 892 597 959 distingui
611 893 668 943 uult
684 893 719 942 ab
770 891 865 944 clarat.
884 927 919 936 -
936 897 1079 950 Caeterum
1098 900 1211 950 similem
1229 916 1311 966 quen·

179 967 228 1028 lis,
249 967 294 1030 qui
312 955 434 1028 κάπηλοι
452 968 599 1026 vocantur,
624 978 726 1028 caupo·
772 962 999 1030 damCypriorum
1009 969 1229 1020 moremlaudant
1239 969 1311 1036 apud

177 1051 279 1100 nosque
293 1032 508 1098 (Kleinhiindler)
523 1032 632 1083 dicendi
644 1037 720 1093 suut;
771 1031 869 1084 lustin.
887 1035 965 1098 Xlll,
984 1038 1010 1087 5.
1042 1038 1241 1102 Magis-tamen
1259 1039 1311 1090 huc

175 1098 332 1170 ἀγοραίους
342 1095 655 1169 ἆνθροόποαςὶιιιοΙΙίρίι
665 1119 721 1166 eos,
772 1101 891 1167 faciunt,
915 1121 986 1169 quae
1004 1121 1036 1155 ex
1056 1107 1185 1159 clearcho
1202 1123 1312 1160 narran-

175 1177 331 1242 quicunqne
345 1174 373 1223 in
388 1173 449 1222 foro
464 1179 607 1224 versantes
620 1188 722 1224 merces
772 1175 817 1221 tur
845 1173 917 1240 apud
944 1175 1113 1226 Athenaeum
1130 1178 1199 1240 xn,
1224 1180 1265 1228 11.
1283 1195 1310 1243 p.

175 1245 211 1295 ad
223 1245 326 1294 vietum
337 1243 503 1308 pertinentes
514 1259 547 1294 ex
560 1244 648 1308 agris,
660 1243 721 1294 bor·
772 1241 824 1292 515
841 1245 864 1295 F
883 1259 940 1364 seq.

175 1318 220 1378 tis,
228 1309 330 1364 'fluviis
342 1313 441 1364 allatas
455 1319 593 1379 exponunt
604 1314 721 1364 venden-
804 1301 839 1364 οὖ
860 1311 923 1364 esd
944 1351 952 1376 ,
975 1311 1058 1364 πέντε
1076 1305 1182 1376 ἐόντες,
1206 1308 1246 1363 ἔτι
1267 1310 1314 1363 καὶ

176 1385 226 1436 das
244 1388 292 1434 aut
310 1399 340 1434 se
358 1383 433 1449 ipsos
451 1384 487 1434 ad
506 1384 618 1450 quaevis
638 1399 720 1448 opera
769 1371 797 1438 ἐς
815 1329 862 1449 &px
878 1371 963 1450 ἦσαν]
983 1384 1002 1436 i.
1021 1399 1046 1436 e.
1065 1387 1163 1436 temetsi
1179 1399 1253 1446 cero,
1274 1386 1317 1449 qni

175 1453 298 1506 mercede
316 1453 504 1504 conducendos
521 1454 662 1519 praebent.
768 1457 875 1522 quisque
887 1463 1069 1518 ειιπιπαικττο,
1089 1454 1177 1505 adbuc
1191 1455 1227 1504 ad
1239 1469 1314 1503 meurs

209 1516 307 1574 actui
331 1515 604 1589 ἐνεργαζόμεναι
622 1519 718 1572 παιδί-
767 1537 845 1591 uaqsse
867 1532 973 1576 aetatem
994 1527 1087 1590 integri
1103 1533 1235 1578 steterrmt.
1265 1509 1315 1572 οὖ-

176 1593 251 1660 σκαι]
276 1595 345 1645 Sunt
368 1593 490 1660 puellae,
513 1609 582 1659 quae
606 1609 718 1658 corpore
768 1605 827 1658 ροι,
852 1594 898 1660 qui
916 1595 1024 1659 proprie
1042 1600 1106 1646 sunt
1128 1595 1237 1646 termini
1255 1595 1314 1644 siva

177 1669 319 1729 quaestum
352 1663 473 1727 faciunt,
504 1663 643 1716 commode
677 1663 718 1728 (ut
766 1661 871 1730 lapides
890 1665 918 1714 in
936 1664 1020 1716 altum
1036 1667 1118 1716 erecti
1134 1665 1169 1715 ad
1188 1665 1255 1716 fines
1270 1663 1314 1714 de·

176 1740 238 1785 utar
255 1733 430 1786 Valckenarii
454 1734 555 1801 verbis)
581 1725 719 1798 ἐνεργα-
771 1733 928 1796 claraudos,
947 1734 972 1787 h.
988 1735 1007 1784 l.
1027 1751 1087 1786 cum
1106 1735 1266 1786 'l'hierschio
1284 1751 1312 1799 p.

175 1797 322 1869 ζόμεναι
347 1804 450 1868 dietae,
481 1804 583 1867 idest,
609 1819 720 1868 corpere
771 1806 823 1856 4118
846 1819 901 1869 seq.
921 1804 1044 1870 intelligo
1070 1805 1104 1855 de
1127 1805 1204 1855 stelis
1227 1821 1250 1856 s.
1270 1820 1314 1854 co·

175 1873 219 1925 vel
236 1867 267 1924 ἐν
290 1863 403 1932 ἑαυταῖς
424 1865 722 1939 ἐργαζόμεναι,·ρτοε·
770 1872 1031 1925 lumnisadmodum
1044 1875 1171 1925 metaein
1184 1889 1314 1924 cacumen

176 1945 270 1996 sertim
292 1959 353 1995 eum
380 1944 515 1995 vocabula
545 1935 720 2008 ἐργάζεσθαι,
772 1944 920 2009 fastigatis,
937 1943 1081 1994 iusummo
1097 1944 1199 1994 tumulo
1217 1945 1314 1994 erectis

177 2006 296 2079 ἐργάτις,
307 2005 431 2079 ἐργασία,
441 2007 625 2079 ἐργαστήριον
638 2013 720 2079 vulgo
771 2016 914 2080 ipsumque
923 2011 998 2078 σίγμα
1008 2014 1246 2064 constituentibus.
1263 2015 1314 2066 Ne-

179 2084 213 2134 de
230 2085 351 2146 wittonis
367 2089 512 2150 usurpata,
532 2085 595 2135 inde
614 2098 722 2149 quoque
772 2099 825 2150 qne
849 2085 973 2149 quinario
995 2097 1106 2134 numero
1129 2083 1313 2134 columnarum

180 2153 217 2203 ad
235 2153 383 2217 prostibula
399 2171 432 2206 ac
444 2155 599 2205 meretrices
617 2169 721 2204 eornm·
772 2153 943 2216 offendimur,
967 2154 991 2202 si
1010 2154 1116 2220 quidem
1135 2155 1249 2206 eundem
1266 2169 1314 2205 nu·

182 2228 406 2290 quaquaestum,
429 2223 555 2291 opiticum
571 2223 719 2286 adinstar,
771 2239 873 2276 merum
892 2224 920 2273 in
938 2226 1075 2275 Porsenae
1094 2223 1218 2290 sepulcro
1240 2230 1268 2276 et
1285 2225 1313 2274 in

107 2319 116 2326 -
182 2292 393 2358 ususferantur,
416 2296 525 2362 egregie
544 2295 658 2346 docente
677 2310 720 2345 eo·
771 2299 944 2346 monumento
958 2295 1139 2346 Curiatiorum
1150 2296 1313 2358 invenimus,

182 2361 242 2413 dem
262 2362 440 2416 Valckenario
463 2366 499 2416 ad
519 2365 546 2416 h.
565 2365 584 2416 1.
624 2365 719 2430 Aque
772 2365 805 2416 de
832 2379 885 2430 qno
908 2365 944 2416 cf.
964 2364 1103 2418 Thiersch.
1127 2381 1154 2431 p.
1173 2367 1225 2416 414
1244 2381 1312 2430 seq.,

180 2433 220 2484 ita
237 2437 344 2484 tantum
366 2434 481 2486 discedit
498 2434 638 2487 Thierseh.
663 2434 682 2484 l.
699 2433 718 2484 l.
771 2435 881 2486 Curtius
902 2434 921 2486 l.
939 2434 956 2484 l.
982 2451 1008 2500 p.
1030 2435 1078 2488 159
1097 2441 1123 2486 et
1142 2435 1267 2486 Crenser.
1285 2436 1314 2484 in

178 2519 207 2568 p.
225 2503 278 2554 405
295 2519 369 2569 seq,
392 2509 424 2556 ut
440 2505 496 2555 vim
514 2505 627 2556 voculae
644 2497 674 2554 ἐν
691 2505 720 2554 in
771 2507 895 2556 Excussa
912 2505 948 2556 ad
966 2505 992 2555 h.
1010 2505 1030 2557 l.
1066 2507 1124 2556 Hos
1142 2507 1271 2556 terminos
1289 2521 1312 2554 s.

179 2573 263 2624 verbo
282 2563 493 2640 ἐνεργάζεσθαι
511 2577 612 2627 referat
629 2575 664 2626 ad
682 2574 719 2638 id,
770 2575 908 2626 columnas
925 2576 1101 2640 symbolicam
1117 2575 1251 2642 quandam
1267 2575 1315 2624 ha·

179 2643 252 2709 qnod
265 2637 360 2708 ἔνδον,
372 2645 391 2696 1.
403 2661 427 2696 ο.
439 2645 467 2696 in
479 2645 601 2709 aedibus,
615 2660 632 2695 a
646 2643 721 2710 vulgi
770 2646 834 2696 bere
858 2643 1096 2710 significationem,
1124 2645 1169 2694 vix
1187 2643 1313 2705 dubium;

179 2713 267 2764 oculis
284 2720 415 2766 remotum
430 2713 489 2766 fiat.
523 2715 594 2767 Utut
612 2715 720 2777 statuis,
771 2715 876 2781 phallos
901 2715 987 2766 fnisse
1010 2715 1082 2780 quod
1105 2716 1203 2765 statuit
1225 2713 1315 2766 Ractss

179 2783 213 2832 de
238 2789 355 2848 quaestu
383 2801 495 2850 corpore
523 2785 648 2837 iaciendo
669 2785 722 2836 No·
773 2785 904 2837 ltochatte
921 2785 1035 2836 Journal
1054 2785 1081 2836 d.
1100 2785 1165 2835 Sar.
1188 2785 1263 2837 1843.
1286 2800 1313 2849 p.

180 2859 265 2904 strum
298 2854 454 2905 adhibuisse
482 2855 532 2906 hoc
560 2855 723 2906 vocabulum
772 2855 823 2909 002
848 2859 875 2905 et
896 2856 924 2904 in
948 2855 1175 2906 commentatione
1199 2855 1254 2904 iam
1272 2869 1316 2904 su·

180 2923 354 2974 manifestum
365 2924 396 2974 tit
409 2941 443 2976 ex
454 2926 501 2988 iis,
523 2941 593 2992 qnae
610 2926 662 2976 hac
680 2941 724 2975 oe·
772 2941 821 2991 pra
841 2924 916 2987 adl,
931 2924 947 2974 e
965 2925 1077 2975 laudata
1100 2939 1162 2988 pag.
1178 2925 1212 2974 54
1229 2939 1316 2988 seqq,

180 2994 291 3044 casione
313 2993 421 3046 dicendi
442 2995 547 3058 oblata,
580 2994 722 3061 postmodo
774 2996 802 3046 id
820 3011 852 3045 eo
870 2994 1001 3059 pertinet,
1027 2993 1098 3059 quod
1122 2998 1150 3042 et
1167 2993 1265 3043 Texier
1289 2997 1316 3042 et

181 3063 214 3114 de
234 3063 372 3128 Lydorum
395 3063 503 3116 filiabus
522 3081 667 3132 earumque
684 3065 724 3115 vi·
773 3064 912 3116 Prokeech
946 3063 1063 3129 lapidem
1093 3077 1232 3128 magnum,
1269 3062 1316 3129 qui

180 3137 227 3183 tae
242 3149 341 3198 genere
358 3133 484 3202 dotisque
500 3135 669 3200 colligendae
682 3149 724 3184 ra·
774 3133 858 3201 phalli
883 3134 997 3184 formam
1021 3133 1147 3184 exhibere
1169 3133 1316 3196 videretur,

181 3204 270 3266 tione,
300 3204 372 3254 idem
392 3205 492 3256 Noster
513 3205 599 3257 addit.
635 3205 725 3270 Atque
774 3206 802 3256 in
820 3219 923 3256 summe
941 3205 1107 3272 sepulcrose
1122 3205 1260 3256 invenisse
1278 3209 1317 3254 te·

180 3273 304 3336 Heyuius
327 3273 501 3338 (Cemmentt.
531 3275 624 3326 societ.
648 3275 723 3328 Gott.
774 3276 841 3327 stati
858 3280 930 3326 eunt.

180 3342 255 3394 xvi
266 3360 294 3408 p.
306 3344 351 3410 35)
365 3343 410 3395 1ιίο
423 3345 503 3396 unice
521 3345 554 3396 de
571 3344 723 3396 hominibus
809 3342 861 3394 καί
876 3358 926 3408 σφι
944 3336 1091 3408 γράμματα
1102 3335 1316 3408 ἐνεκεκόλαπτο]

182 3428 216 3463 ex
233 3412 312 3476 plebe
330 3415 423 3480 egenis
443 3415 489 3480 agi
506 3420 600 3480 putat,
624 3415 648 3466 ei
665 3416 722 3482 qui·
775 3414 872 3466 Notari
891 3414 972 3464 debet
987 3413 1032 3463 hic
1051 3413 1140 3476 locus,
1160 3413 1206 3479 qui
1224 3413 1318 3462 chara·

182 3482 244 3534 dem
256 3483 308 3542 hoc
320 3488 435 3549 quaestu
450 3483 557 3550 puellae
570 3484 660 3536 dotem
671 3485 724 3536 sibi
775 3490 878 3536 cterum
891 3497 913 3532 s.
926 3481 1065 3532 literarum
1076 3497 1154 3532 usum
1165 3487 1241 3532 sexto
1254 3484 1318 3531 ante

181 3553 362 3624 quaesierint,
377 3571 412 3605 ne
422 3555 553 3620 innuptae
564 3555 649 3606 vitam
661 3569 725 3622 age-
776 3553 913 3605 Christum
931 3550 1040 3602 saeculo
1054 3549 1127 3616 (nam
1139 3550 1263 3616 Alyattes
1279 3565 1319 3599 re-

181 3625 255 3675 reut.
295 3624 385 3687 Quare
407 3624 489 3675 etiam
506 3621 609 3675 Λυδῶν
632 3621 726 3689 δῆμον
776 3637 861 3690 guare
877 3623 967 3687 coepit
984 3621 1035 3672 616
1050 3634 1076 3670 a.
1095 3620 1157 3670 Chr.
1177 3635 1205 3669 u.
1225 3635 1256 3671 ac
1274 3618 1319 3668 de·

182 3692 237 3742 iarn
266 3709 314 3758 per
340 3709 369 3745 se
390 3695 486 3758 plebem
513 3710 616 3760 egenam
635 3695 726 3745 decla·
776 3691 893 3745 stitutio
914 3707 940 3742 a.
961 3690 1023 3742 cnr.
1043 3706 1083 3750 u.;
1109 3688 1182 3740 cens.
1206 3687 1319 3738 noted

181 3777 244 3812 rare
266 3768 369 3816 censet.
405 3765 500 3830 Neque
525 3763 606 3815 aliter
629 3764 727 3815 statuit
776 3765 805 3826 1,
824 3763 868 3829 472)
892 3762 964 3826 apud
987 3759 1080 3826 Lydos
1101 3759 1250 3810 invaluisse
1273 3757 1320 3809 do·

183 3831 326 3885 Thiersch.
345 3834 364 3884 l.
386 3833 418 3894 l.;
448 3833 520 3900 quod
539 3849 604 3886 vero
621 3835 727 3899 puellas
778 3849 839 3886 care
870 3831 1006 3882 videatur.
1051 3829 1131 3881 Cous.
1158 3829 1255 3895 Hayne
1284 3827 1320 3878 ad

182 3917 239 3952 nou
255 3903 330 3968 ipsas
350 3904 406 3954 suis
426 3903 550 3955 manibus
573 3903 729 3955 elaborasse
777 3901 857 3954 Iliad.
866 3901 998 3952 Obsersv.
1011 3899 1174 3952 uenum.
1184 3915 1248 3966 pag.
1257 3898 1318 3951 812.

183 3971 259 4036 vult,
284 3973 341 4024 sed·
356 3978 461 4024 sumtus
486 3979 593 4025 tantum
617 3974 653 4024 ad
677 3973 728 4025 hoc
777 3975 819 4024 De
837 3970 892 4022 alio
905 3971 1024 4036 Phrygio
1043 3975 1228 4032 monumento,
1247 3970 1320 4036 quod

184 4047 386 4095 mouumentum
408 4044 567 4110 praebuisse
589 4059 622 4095 ex
649 4059 728 4110 pecu·
778 4044 851 4093 intra
868 4055 953 4092 annos
972 4039 1110 4091 tet-570
1134 4055 1160 4091 a.
1183 4040 1246 4092 Chr.
1267 4039 1321 4090 eol-

184 4112 232 4162 nia
252 4114 373 4180 corporis
391 4119 506 4180 quaestu
524 4114 674 4179 acquisita,
702 4113 730 4162 id
779 4113 887 4176 locant,
910 4109 1028 4162 dicemus
1051 4110 1080 4160 iu
1097 4111 1221 4162 Excursu
1243 4109 1320 4173 adl,

181 4197 239 4234 non
257 4183 326 4234 satis
343 4185 471 4234 convenit
486 4184 641 4235 cumserbe
655 4175 729 4248 ἐξερ-
781 4181 825 4234 st.
857 4180 936 4244 Quod
955 4181 978 4230 si
995 4195 1090 4232 resera
1107 4179 1193 4232 literis
1206 4180 1322 4232 Graeco-

186 4244 325 4318 γάσαντο,
354 4269 406 4320 quo
425 4255 525 4306 Noster
547 4251 608 4304 illas
626 4252 730 4319 puellas
781 4267 840 4303 rtem
861 4250 1056 4316 antiquissimis
1078 4249 1131 4301 luit
1151 4251 1321 4316 inscriptum,

186 4336 243 4372 una
260 4337 322 4374 cnm
342 4324 439 4375 ceteris
465 4323 493 4374 in
510 4321 673 4389 perficiendo
691 4337 732 4373 se·
783 4335 951 4388 consequens
981 4335 1047 4371 sana
1070 4324 1124 4384 est,
1152 4319 1322 4372 Herodotum

186 4391 282 4458 pulcro
297 4405 407 4460 operam
418 4407 495 4446 suam
506 4393 676 4460 praestitisse
688 4391 732 4446 de·
782 4389 877 4444 literas
899 4391 929 4442 in
943 4387 1063 4458 alyattis
1082 4389 1205 4456 sepulcro
1222 4383 1323 4440 macul-
