3020 4930
300 254 565 320 EXOURSUS
588 257 651 318 VII
673 256 737 318 AD
761 257 1015 323 HERODOT.
1038 259 1086 334 Il,
1109 267 1153 324 53.
1231 255 1292 322 855

512 671 832 752 EXOURSUS
865 675 942 753 VII

390 843 476 910 sn
521 843 877 911 nunonem
921 845 974 930 11,
1020 849 1069 912 53.

650 1061 801 1072 nun-—

284 1189 378 1268 Oricos
395 1204 428 1267 dt
441 1165 497 1267 εἰσι
512 1205 545 1266 οἱ
557 1198 733 1282 ποιήσαντες
747 1205 909 1287 θεογονίην
919 1195 1046 1282 Ἕλλησι
1068 1228 1096 1266 τι.
1111 1229 1136 1266 τ.
1152 1210 1176 1266 λ.

247 1367 323 1419 Haeo
338 1366 436 1433 verba,
465 1365 494 1418 in
514 1365 616 1437 quibus
635 1365 803 1436 explicandis
823 1363 935 1419 multum
951 1363 1123 1417 desudarunt
1138 1365 1190 1418 riri
1210 1365 1293 1434 docti,

164 1469 224 1505 cum
242 1449 363 1520 proxime
379 1451 607 1505 antecedentibus
625 1445 763 1518 (Ησιόδον
777 1445 830 1520 γὰρ
845 1443 1026 1519 τιοὶὍμηρον
1039 1442 1151 1519 ἡλικίην
1165 1469 1293 1520 τετρακο-

163 1539 246 1591 σίοισι
262 1531 338 1590 ἔπεσι
355 1533 442 1590 doctor
462 1555 514 1606 μεν
534 1535 732 1610 πρεσβυτέρους
751 1535 891 1607 γενέσθαι,
912 1531 960 1590 sel
981 1527 1015 1589 od
1035 1531 1145 1608 ntalem)
1170 1536 1209 1588 ita
1227 1555 1293 1590 con-

163 1623 259 1676 iuncta
277 1639 340 1675 esse
356 1621 498 1690 existimo,
521 1627 553 1675 ut
569 1622 659 1692 ipsius
677 1622 822 1693 scriptoris
839 1620 1002 1676 sententiam
1025 1619 1166 1674 declarent
1186 1626 1241 1674 tarn
1258 1622 1292 1676 de

135 1757 148 1780 ·
163 1707 281 1760 Homero
302 1711 330 1758 et
347 1706 470 1760 Hesiodo
489 1707 550 1778 ipso
568 1711 652 1778 (quoa
672 1724 739 1760 sane
756 1713 853 1778 poetas
872 1706 967 1780 habet,
992 1706 1040 1776 qui
1056 1723 1154 1759 revera
1171 1706 1293 1760 vixerint
1399 1706 1400 1710 ’

163 1791 365 1862 carminumque
377 1793 547 1863 quorundam
559 1797 687 1846 suctores
700 1793 873 1858 exstiterint,
894 1807 983 1860 neque
995 1795 1100 1843 tantum
1111 1791 1291 1860 significatio-

164 1894 224 1931 nem
241 1876 401 1930 contineant
417 1878 516 1930 aetatis
529 1877 687 1944 cuiusdam,
705 1878 733 1930 in
746 1894 801 1948 que
816 1876 935 1930 earmina
945 1875 988 1929 his
1004 1876 1075 1946 ipsis
1085 1877 1176 1946 poetis
1187 1877 1292 1930 tributa

163 1961 341 2033 complurium
362 1963 497 2015 hominurn
516 1961 599 2032 operi
621 1964 746 2016 conlecta
761 1961 848 2030 sint),
874 1961 1004 2031 quamde
1023 1961 1170 2032 utriusque
1192 1967 1291 2032 poetae

163 2047 337 2115 carminibus,
351 2064 421 2117 quae
432 2048 570 2116 feruntur,
586 2048 789 2118 eorundemque
803 2047 831 2100 vi
844 2047 873 2099 iu
887 2063 990 2099 omnem
1002 2048 1170 2100 Graecorum
1185 2047 1291 2118 opinio-

105 2185 109 2200 ,
163 2150 223 2184 nem
238 2132 271 2185 de
283 2132 337 2185 diis
349 2149 380 2184 ac
391 2133 475 2184 rebus
485 2132 603 2199 divinis3
622 2150 681 2184 cum
701 2133 771 2186 enim
783 2133 883 2186 Graeci
899 2137 981 2184 antea
993 2133 1060 2185 deos
1080 2131 1233 2202 aPelasgis
1245 2151 1290 2186 ee-

164 2221 260 2286 ceptos
277 2217 372 2270 horum
390 2217 512 2286 ipsorum
528 2234 603 2270 more
618 2216 784 2284 coluissent,
803 2217 922 2270 nondum
941 2217 1088 2270 distinctos
1106 2235 1138 2270 ac
1153 2218 1290 2271 discretos

164 2307 192 2354 et
209 2301 364 2354 nominibus
379 2307 407 2354 et
426 2302 603 2371 muneribus,
625 2303 675 2356 sed
692 2303 720 2354 in
738 2302 896 2354 univercum
915 2303 1027 2356 deorum
1042 2302 1075 2374 (i.
1089 2321 1113 2354 e.
1127 2304 1290 2356 omniacon-

164 2386 336 2438 stituentium
352 2392 380 2439 et
397 2387 594 2454 ordinantium,
615 2389 651 2440 cf.
665 2387 703 2456 11,
718 2387 773 2454 52)
795 2388 902 2440 nomine
921 2387 1087 2458 appellatos,
1109 2387 1160 2440 iam
1178 2387 1290 2442 Homeri

163 2477 246 2541 atque
257 2471 373 2524 Hesiodi
390 2470 473 2541 operi
489 2473 616 2526 effectum
632 2490 695 2526 esse
706 2472 810 2525 Noster
827 2472 936 2540 scribit,
961 2479 992 2526 ut
1002 2471 1117 2539 Graeci,
1136 2472 1233 2526 relicta
1243 2473 1290 2526 illa
1306 2510 1310 2520 .

163 2556 230 2609 deos
252 2555 359 2610 colendi
374 2557 481 2610 ratione
497 2557 560 2610 rudi
572 2575 588 2610 a
599 2557 724 2626 Pelasgia
735 2557 850 2626 tradita,
870 2558 995 2626 singulos
1007 2557 1074 2610 deos
1085 2557 1291 2626 distinguerent

163 2658 312 2712 eorumque
331 2641 454 2710 origines
477 2648 506 2694 et
526 2643 721 2710 generationes
739 2643 954 2710 constituerent,
982 2641 1081 2694 deinde
1098 2641 1217 2711 singulis
1235 2642 1289 2695 diis

162 2727 270 2781 nomina
289 2743 402 2798 quoquc
412 2726 567 2780 tribuerent
575 2745 724 2799 eorumque
735 2728 826 2781 munia
837 2745 869 2781 ac
885 2728 946 2780 iure
957 2727 1148 2780 describerent
1164 2728 1288 2780 formam-

164 2828 218 2880 que
231 2812 428 2882 exprimerent,
445 2829 517 2881 quae
531 2812 565 2864 ad
582 2813 722 2867 humanam
739 2813 882 2867 accederet
891 2813 978 2880 magis
995 2813 1154 2880 magisque,
1177 2811 1245 2865 adeo
1259 2817 1290 2865 ut

165 2895 267 2948 abhoc
285 2897 348 2949 inde
366 2902 488 2966 tempore
505 2897 592 2950 altera
607 2899 687 2969 quasi
703 2898 835 2969 periodus
851 2897 878 2949 in
898 2897 983 2950 rebus
995 2897 1164 2948 Graecorum
1186 2896 1288 2950 divinis

163 2981 363 3034 constituendis
375 2981 483 3034 initium
501 2983 619 3052 ceperit,
650 2982 797 3036 eorundem
816 2987 957 3050 poetarum
979 2979 1062 3050 operi
1079 2979 1211 3046 adducta,
1229 2997 1287 3033 cnm

165 3064 271 3118 scilicet
286 3066 353 3119 deos
379 3066 540 3120 exhiberent
554 3068 641 3136 magis
658 3067 691 3120 ad
708 3066 843 3119 hominum
861 3065 968 3118 modum
986 3069 1014 3117 et
1029 3063 1163 3117 rationem
1179 3067 1288 3117 confor-

162 3153 249 3202 matos
268 3168 355 3221 eoque
374 3154 696 3223 anthropomorpbisticum
714 3168 793 3221 quam
804 3155 905 3203 vocant
920 3150 1032 3204 deorum
1049 3149 1288 3202 conformationem

165 3235 339 3304 perlicerent.
370 3235 412 3288 Ad
429 3238 498 3289 hanc
515 3237 586 3290 enim
603 3237 757 3306 pertinent,
781 3253 852 3305 quae
867 3236 972 3288 Noster
987 3234 1029 3286 bis
1043 3233 1163 3306 declarat
1181 3234 1288 3287 verbis:

164 3307 243 3372 orirer
259 3317 291 3374 dd
309 3317 360 3374 eim
376 3317 405 3373 ol
419 3315 584 3391 ποιήσαντες
600 3323 752 3390 θεογονίην
760 3313 872 3390 Ἕλλησι
888 3317 936 3374 acl
951 3323 1023 3374 τοῖσι
1039 3319 1132 3372 θεοῖσι
1148 3314 1198 3382 τὰς
1219 3314 1289 3375 ἕπον·

164 3405 263 3472 νομίοις
274 3398 369 3466 δόντες
387 3403 435 3460 sel
446 3401 527 3476 τιμάς
544 3425 574 3461 τε
589 3405 638 3460 καὶ
652 3404 747 3476 τέχνας
759 3399 909 3477 διελόντες,
931 3402 979 3459 aul
1000 3404 1076 3458 eldea
1091 3397 1184 3458 αὐτῶν
1203 3398 1290 3474 σημή-

162 3507 275 3557 ναντεςς
296 3490 324 3542 in
337 3490 437 3560 quibus
450 3509 520 3562 quae
535 3492 614 3545 initio
628 3492 760 3561 leguntur
770 3492 869 3545 verba:
890 3477 967 3546 ciros
979 3486 1010 3544 δέ
1022 3485 1073 3544 εἰσι
1085 3485 1114 3542 οἱ
1124 3483 1288 3560 ποιήσαντες

162 3576 314 3644 θεογονίην
326 3567 451 3647 Ἕλλησι,
473 3576 616 3647 plurimum
636 3582 820 3631 exercuerunt
831 3577 906 3630 viros
917 3577 1013 3628 doctos
1030 3575 1064 3627 de
1075 3575 1287 3644 significatione,

162 3677 232 3731 quae
244 3661 330 3713 verbo
340 3667 432 3716 ποιεῖν
443 3663 472 3714 in
485 3662 527 3715 his
538 3663 685 3716 tribuendo
699 3663 750 3731 sit,
769 3662 939 3732 potissimum
955 3661 1150 3732 disceptantes.
1178 3660 1287 3713 Etenim

159 3746 309 3800 incentores
323 3746 502 3815 Theogoniae
521 3753 602 3800 antea
619 3747 734 3800 Graecis
756 3748 868 3815 ignotae
883 3748 1030 3800 Homerum
1047 3749 1075 3798 et
1090 3745 1240 3798 Hesiodum
1262 3745 1286 3796 si

161 3831 267 3884 Noster
285 3831 443 3899 significare
459 3832 592 3900 voluerit,
615 3839 663 3884 aut
681 3833 783 3885 erroris
795 3837 843 3884 aut
858 3833 1058 3903 imprudentiae
1075 3847 1150 3883 reum
1163 3832 1223 3884 fore
1238 3847 1287 3901 pa·

161 3919 230 3968 trem
245 3914 376 3968 historiae
394 3918 543 3986 putabant,
565 3935 625 3970 cum
644 3923 760 3987 uterque
771 3922 853 3986 poeta
865 3935 935 3988 quae
947 3918 980 3970 de
996 3917 1048 3969 diis
1067 3915 1210 3982 cecinerit,
1232 3933 1286 3968 non

162 4005 195 4052 ut
207 4017 279 4053 nora
292 4007 320 4054 et
336 4018 352 4052 a
366 4019 397 4054 se
409 4003 523 4070 primum
541 4003 695 4072 excogitata
710 4003 849 4070 exhibeat,
877 4003 926 4055 sed
945 4007 1081 4072 tamquam
1099 4001 1209 4070 cognita
1226 4007 1254 4052 et
1271 4017 1287 4051 a
1390 4001 1394 4013 '

162 4085 313 4138 maioribus
331 4093 456 4156 accepta3
479 4088 598 4158 indeque
617 4087 692 4141 aliud
716 4087 782 4157 quid
797 4089 882 4141 verbo
902 4091 993 4141 ποιεῖν
1015 4087 1058 4138 hic
1081 4085 1214 4140 declarari
1234 4085 1286 4138 iam

163 4170 272 4224 censuit
286 4171 507 4242 wesselingius,
527 4191 582 4243 quo
599 4177 710 4227 auctore
726 4171 765 4225 illi
777 4177 873 4243 poetae
885 4173 1053 4225 Graecorum
1073 4171 1184 4224 deorum
1203 4187 1287 4240 gene·

165 4255 298 4309 rationem
312 4273 366 4309 non
380 4262 433 4310 tam
445 4259 602 4312 condidisse
613 4263 696 4328 atque
708 4259 850 4312 invenisse
861 4273 941 4328 quam
952 4258 1066 4311 uersibus
1077 4261 1181 4310 tantum
1192 4257 1288 4311 dereri-

159 4341 241 4411 psimc
264 4347 347 4411 atque
365 4359 479 4398 ornasse
502 4345 617 4415 putandi
636 4349 716 4412 sunt3
742 4333 877 4414 aliertque
894 4343 964 4396 idern
981 4341 1024 4396 vir
1042 4341 1140 4396 doetus
1160 4342 1194 4394 ad
1219 4342 1289 4394 hanc
