3088 4922
221 263 283 325 490
656 219 922 331 HERilDOTI

221 445 362 516 δύναται
392 440 428 511 δὲ
451 442 549 511 τοῦτο
569 439 606 510 τὸ
624 447 717 522 ἔπος,
741 439 824 510 κατὰ
844 439 906 531 τὴν
927 437 1095 531 Ἑλλήνων
1113 447 1287 530 γλῶσσαν,
1326 449 1360 513 οἰ

221 553 254 632 ίξ
288 546 464 634 ἀριστερῆς
497 543 606 634 χειρὸς
637 545 876 635 παριστάμενοι
907 550 1047 634 βασιλέϊ.
1085 544 1289 635 ’ἀπέστησαν
1318 548 1355 616 dl

220 643 319 722 αὗται
339 651 491 738 τέσσερες
512 652 567 718 καί
585 659 690 718 εἰκοσι
712 649 873 738 μυριάδες
888 655 1086 736 Αἰγυπτίων
1113 655 1181 720 τῶν
1203 658 1357 740 μαχίμων

221 759 254 837 ἰς
277 751 354 834 τούς
374 759 543 833 Αἰθίοπας
563 751 701 832 τούτους
722 749 769 822 δι’
791 759 902 841 αἰτίην
927 752 1071 842 τοιήνδε.
1101 755 1155 822 set
1178 762 1354 842 Ψαμμητί-

221 887 281 948 χου
312 860 466 948 βασιλέος
498 857 646 946 φυλακαὶ
675 859 880 926 κατέστασαν
904 861 942 926 ἔν
970 883 1005 925 τε
1035 854 1253 946 Ἐλεφαντίνῃ
1281 857 1357 928 πόλι

220 1061 342 1125 aliasque
355 1059 407 1108 sibi
418 1063 580 1122 quaererent
592 1061 699 1110 terras.
712 1059 765 1122 Qui
815 1059 948 1118 tinebant,
961 1058 989 1108 in
1000 1057 1171 1123 Aethiopiam
1184 1060 1357 1126 transgressi,

221 1132 291 1182 euim
317 1130 370 1178 iam
387 1127 512 1178 Sethonis
537 1127 688 1178 sacerdotis
713 1127 764 1177 sub
816 1143 876 1178 curn
898 1129 970 1192 regis
994 1127 1123 1192 Aegyptii
1150 1129 1289 1193 imperium
1313 1145 1357 1179 ae-

221 1199 333 1266 impcrio
362 1197 509 1262 postpositi
541 1197 641 1248 luerint
664 1215 697 1248 ac
720 1213 764 1247 ne·
816 1198 1007 1264 gre-ferrent,
1037 1197 1064 1246 id
1088 1198 1159 1264 quod
1181 1199 1260 1248 valde
1283 1199 1357 1248 dimi-

223 1269 321 1336 glecti,
341 1267 414 1316 haud
430 1266 534 1316 meliori
552 1273 626 1317 sorte
644 1269 687 1318 usi
705 1283 765 1318 esse
816 1269 907 1318 unisse
925 1267 1088 1317 censendum
1107 1272 1148 1316 est
1173 1269 1291 1332 ipsorum
1308 1269 1357 1318 Ae-

220 1339 347 1390 videntur
371 1335 557 1386 Psemmitichi
587 1337 637 1388 sub
671 1353 764 1402 regno,
816 1338 894 1403 gypti
925 1353 1018 1401 regum
1050 1335 1196 1388 facultates
1231 1343 1258 1388 et
1283 1353 1357 1403 opes,

221 1410 267 1476 qui
282 1407 439 1474 peregrinos
457 1407 580 1456 mercede
598 1407 765 1456 conduxerat
816 1423 877 1456 eum
900 1421 978 1456 omne
1008 1407 1091 1456 robur
1114 1407 1142 1456 in
1169 1407 1220 1457 hac
1242 1407 1357 1457 militum

221 1479 333 1538 milites,
350 1477 499 1541 iisdemque
512 1489 541 1525 se
557 1477 764 1526 custodiendum
816 1477 887 1526 tribu
907 1481 979 1526 esset
996 1477 1127 1540 positum,
1154 1477 1250 1542 reliqui
1267 1483 1357 1527 erstem

221 1547 380 1600 tradiderat.
418 1545 497 1596 Cous.
516 1551 586 1596 nott.
602 1546 636 1596 ad
650 1547 688 1608 11,
704 1548 762 1597 152).
815 1546 944 1611 Aegyptii
967 1546 1049 1594 armis
1074 1545 1192 1596 serendis
1215 1548 1261 1596 vir
1279 1557 1384 1612 pares⁴

221 1619 305 1670 Plura
321 1615 405 1668 Beck.
423 1615 588 1678 Weltgeech.
609 1617 631 1665 1.
655 1633 681 1682 p.
701 1615 762 1666 726.
815 1621 916 1666 esseut.
955 1615 996 1666 cf.
1011 1616 1128 1665 Haeren.
1148 1616 1231 1666 Ideen
1249 1622 1299 1668 ete.
1320 1617 1357 1678 ll,

222 1687 291 1740 Add.
310 1685 553 1737 Soldsn.inhltrs.
573 1686 657 1738 Rhen.
677 1686 762 1748 IV,l.
815 1689 841 1736 2.
867 1701 893 1750 p.
919 1683 970 1736 31111
1002 1684 1063 1735 οο11.
1085 1703 1111 1750 p.
1135 1685 1185 1737 137
1207 1703 1282 1752 seqq.
1325 1687 1357 1736 Iu

222 1775 248 1824 p.
274 1757 329 1808 ¹35.
349 1755 550 1806 Salat-Martia
573 1756 600 1804 in
619 1755 701 1806 lirim.
731 1755 764 1805 de
815 1755 959 1820 Aethiopia
972 1755 1089 1820 benigne
1102 1756 1207 1821 excepti
1223 1757 1301 1808 sedes
1314 1773 1357 1806 ac-

221 1826 369 1878 l'Academ.
402 1823 449 1874 des
473 1824 615 1889 luseriptt.
646 1827 676 1876 T.
698 1825 763 1874 XlI.
815 1829 945 1891 ceperunt
963 1825 991 1873 iu
1009 1830 1080 1874 terro
1101 1825 1210 1887 Gaiam,
1228 1826 1358 1892 ubiprio·

221 1899 252 1949 P.
271 1897 294 1946 I.
319 1911 345 1960 p.
368 1893 428 1946 307.
453 1894 617 1960 Biographie
635 1895 761 1946 Univers.
815 1896 889 1945 ribus
902 1893 997 1944 incolis
1014 1893 1072 1944 loco
1083 1895 1169 1960 pulsis
1184 1911 1260 1945 suum
1278 1895 1358 1962 quod-

222 1969 254 2018 ’1.
272 1965 397 2017 xxxvl.
423 1980 449 2028 p.
471 1964 521 2014 178
539 1980 606 2030 seq,
630 1965 677 2029 qul
696 1963 764 2013 mili·
815 1965 1000 2030 damregnum
1015 1965 1171 2015 conderent.
1195 1963 1357 2015 PluraHee-

222 2043 263 2087 tes
281 2035 330 2085 hos
350 2050 383 2084 ex
402 2034 527 2098 Aegypto
546 2035 573 2084 in
594 2033 763 2099 Aethiopiam
815 2050 871 2084 reu.
898 2034 916 2084 l.
940 2033 959 2083 l.
983 2033 1026 2095 11,
1052 2034 1075 2084 l.
1097 2051 1124 2099 p.
1149 2036 1200 2086 427
1224 2051 1280 2101 seq.
1307 2035 1356 2086 434

222 2106 379 2158 secedentes
405 2103 441 2154 ad
471 2119 533 2154 eum
563 2119 648 2168 usque
674 2103 764 2154 locum
815 2120 871 2169 seq.
890 2105 969 2154 lues
986 2104 1105 2168 regione,
1125 2119 1194 2170 quae
1213 2105 1357 2154 uunchu·

223 2175 381 2242 pervenisse
398 2177 492 2238 putat,
511 2173 559 2223 ubi
576 2173 629 2223 dno
647 2174 703 2224 Nili
720 2189 764 2222 su·
815 2189 881 2224 naor
899 2173 1010 2236 dicitnr,
1037 2189 1082 2224 eos
1098 2173 1239 2224 habitasse
1262 2175 1359 2225 statuit

223 2244 335 2312 perioris
348 2243 467 2302 brachia,
483 2243 581 2308 quibus
592 2257 689 2293 nomen
701 2243 764 2294 albo
816 2243 940 2294 Wheeler
957 2243 976 2295 l.
990 2243 1007 2292 l.
1021 2259 1046 2308 p.
1062 2245 1122 2296 520.
1142 2245 1193 2294 524
1209 2259 1284 2309 seqq.
1313 2245 1355 2294 Cr.

224 2322 251 2365 et
269 2312 393 2364 caeruleo
411 2310 488 2374 Nilo,
513 2313 665 2373 confluunt;
685 2313 764 2377 idque
817 2313 851 2363 ad
870 2313 896 2363 h.
915 2313 934 2363 l.
953 2313 1099 2379 adscripsit
1116 2313 1229 2363 Coraem
1252 2314 1287 2363 ad
1304 2315 1357 2362 He-

224 2383 357 2434 accidisse
375 2381 435 2430 vult
455 2396 525 2432 anno
548 2382 600 2432 652
621 2386 685 2432 ante
703 2382 763 2432 Chr.
816 2383 881 2433 liod.
895 2383 1019 2447 Aethiop.
1033 2399 1094 2448 pag.
1106 2383 1157 2433 256
1171 2398 1229 2448 seq.
1242 2384 1356 2433 etJour-

224 2471 252 2504 n.
288 2452 471 2502 Herodotearu
493 2451 676 2502 narrationem
695 2452 764 2501 hanc
817 2451 870 2502 nal.
884 2452 910 2501 d.
922 2453 986 2502 Sar.
1001 2449 1074 2502 1819.
1085 2452 1159 2516 Sept.
1170 2451 1353 2515 pots—otu.

225 2523 318 2588 attigit
351 2536 458 2586 quoquo
485 2521 607 2572 Hoslrius
642 2522 669 2570 iu
696 2521 765 2570 libro
816 2521 877 2571 Hoc
890 2522 959 2570 euim
972 2520 1031 2571 loco
1041 2521 1121 2586 Angli
1132 2520 1270 2570 cuiusdam
1281 2521 1356 2570 Βοττ-

224 2589 349 2660 praeced.
367 2605 427 2655 cap.
445 2591 557 2642 laudato
576 2605 603 2654 p.
622 2591 673 2642 306
690 2606 764 2656 seqq.
817 2591 878 2640 dich
898 2591 1031 2641 sententia
1049 2595 1222 2652 memoratur,
1248 2591 1355 2640 Aethio-

259 2653 380 2712 dv'vsrsou
402 2653 434 2709 dl
454 2657 538 2710 τοῦτο
562 2655 594 2709 τὸ
615 2655 694 2727 ἔπος]
718 2657 766 2709 dsi-
816 2676 862 2726 pes
875 2661 910 2710 ab
920 2661 1061 2726 Aegyptiis
1073 2659 1289 2724 immigrantibus
1301 2659 1357 2725 pul·

225 2731 342 2792 vectes,
356 2732 449 2792 ναίετε,
457 2732 600 2794 sipnqirure
608 2729 672 2794 (quo
685 2745 766 2779 seusu
817 2747 862 2781 sos
890 2731 918 2779 in
946 2730 1100 2780 interiorem
1122 2730 1241 2779 Africam
1264 2729 1358 2794 paula-

224 2801 322 2852 θέλειν
335 2801 372 2860 11,
389 2799 440 2860 13),
456 2800 627 2850 illustrarunt
634 2799 765 2849 Valcken.
816 2801 865 2850 tim
883 2815 943 2850 esee
956 2799 1076 2862 delatos,
1093 2803 1124 2848 ut
1136 2815 1184 2864 pro
1200 2799 1357 2864 parentibus

226 2871 260 2922 ad
277 2871 381 2922 Herod.
399 2869 447 2930 IV,
468 2869 527 2932 131,
550 2869 712 2920 Boissonad.
732 2869 767 2918 ad
817 2871 907 2936 gentis
919 2868 1359 2934 bellicosissimaeAnglisaliquo·

224 2943 331 3006 Eunap.
350 2955 413 3005 pag.
435 2940 492 2990 loo.
529 2941 582 2989 Pro
602 2931 696 3003 χειρὸς
708 2937 767 2989 Ste-
817 2942 869 2990 ties
886 2955 1014 3004 perquam
1029 2939 1130 3002 fatalis,
1150 2939 1295 2996 Artanes,
1313 2939 1358 2988 ha·

225 3011 330 3076 phanns
348 3011 416 3074 Byr.
436 3024 458 3060 s.
474 3025 500 3059 v.
520 2999 677 3072 Αὖτόμολοι
695 3007 767 3057 hunc
817 3009 874 3059 heri
892 3008 1006 3074 possint.

224 3081 312 3130 locum
333 3078 447 3128 afferens
461 3078 544 3128 habet
560 3069 664 3142 χερὸς,
687 3092 766 3142 quam
853 3073 976 3140 φυλακαὶ
997 3075 1170 3126 κατέπαυον
1188 3070 1220 3124 ἰν
1241 3091 1270 3125 τε
1285 3067 1357 3126 Ἐλε-

226 3151 339 3200 iormam
358 3149 393 3197 ab
412 3147 551 3197 Herodoto
571 3147 687 3197 alienam
707 3161 766 3196 esse
818 3145 941 3211 φαντίνῃ
952 3137 1018 3195 πόλι
1031 3143 1102 3207 πρὸς
1112 3137 1274 3210 Αἰθιόπων]
1288 3137 1360 3208 πρὸς

226 3217 347 3268 ostendit
360 3217 475 3266 Bredov.
489 3233 515 3281 p.
533 3217 590 3266 1511.
628 3217 766 3266 etesium
817 3208 968 3265 Αἰθιόπων
989 3215 1033 3265 hio
1057 3215 1143 3266 valet:
1165 3217 1289 3266 aduersus
1306 3215 1358 3265 As-

226 3287 329 3338 Herod.
349 3286 387 3348 11,
408 3285 457 3336 tos
474 3291 502 3336 et
521 3286 579 3336 tou.
817 3286 922 3348 strepas,
933 3284 976 3335 vel
988 3286 1091 3350 potius:
1101 3291 1132 3336 ut
1141 3287 1292 3352 Aegyptum
1302 3289 1359 3335 tue-

260 3353 386 3416 τέσσερες
403 3350 451 3404 καὶ
468 3352 558 3404 εἰκοσι
574 3343 709 3419 μυριάδες
721 3349 766 3402 Αἰ·
818 3361 910 3404 rentur
929 3361 1035 3420 aparte
1049 3353 1210 3420 Aethiopiae
1225 3370 1247 3404 s.
1261 3355 1296 3404 ab
1309 3356 1358 3404 Ae·

226 3423 354 3490 γυπτίων
382 3423 438 3474 τοῖν
471 3423 602 3490 μαχίμων
631 3437 657 3472 s.
682 3439 705 3472 s.
730 3421 766 3486 λ]
817 3425 954 3490 thiopibus
970 3424 1172 3474 invadentibus.
1200 3425 1295 3488 Neque
1311 3423 1358 3473 ali-

226 3496 280 3546 Hic
299 3509 426 3544 numerus
449 3495 600 3560 myriadum
623 3493 722 3556 viginti
740 3498 768 3541 et
818 3500 859 3544 ter
871 3509 944 3544 mox:
964 3486 1036 3554 πρὸς
1051 3485 1186 3559 Ἀραβίων
1198 3507 1226 3540 τε
1239 3488 1285 3540 παλ
1302 3483 1357 3540 Σά-

225 3565 320 3626 unius,
345 3565 397 3614 nisi
418 3565 445 3612 in
470 3565 536 3628 ipsis
559 3561 676 3612 numeris
696 3563 768 3610 meu¹
818 3555 1127 3629 ρωνειπρὸςΛιβιίης.
1155 3562 1261 3612 Monuit
1271 3560 1360 3611 Kush-

227 3635 289 3684 dum
309 3633 389 3694 latet,
412 3633 512 3682 nimius
537 3631 644 3680 videtur
661 3631 767 3692 Zoegae
817 3649 866 3682 ner
883 3633 929 3682 Gr.
950 3633 997 3681 (lr.
1016 3634 1041 3692 §-
1056 3632 1118 3682 otu
1138 3631 1171 3681 Τ.
1191 3631 1230 3680 11.
1250 3647 1276 3696 p.
1296 3631 1357 3681 307.

226 3703 268 3754 De
286 3701 412 3754 obelisco.
432 3717 459 3766 p.
479 3703 531 3750 570
550 3705 632 3766 atque
649 3699 768 3750 Rosseli-
817 3701 859 3760 Ad
871 3701 1071 3766 Elephantinen
1083 3701 1151 3751 fines
1167 3700 1284 3766 Aegypti
1301 3705 1357 3748 tum

226 3773 272 3821 nio
287 3773 406 3824 bionum.
427 3769 687 3833 eivit.111.p.2us,
706 3785 766 3818 cum
816 3772 919 3834 positos
938 3785 997 3820 esse
1013 3781 1097 3834 supra
1123 3771 1175 3819 iam
1194 3769 1359 3818 monuimus:

226 3841 463 3904 Hermotybierum
475 3853 601 3890 numerus
618 3837 767 3888 adscendet
816 3845 847 3888 ut
864 3838 902 3888 nil
919 3841 1014 3888 mirum
1033 3841 1082 3899 sit,
1104 3839 1154 3888 sub
1165 3837 1359 3888 Psammitieho

226 3909 261 3959 ad
276 3908 394 3958 sedecim
406 3909 557 3972 myriades,
576 3906 767 3958 Gelasiriorum
817 3907 862 3958 hic
885 3908 999 3958 militum
1019 3907 1104 3958 luisse
1121 3907 1270 3957 custodiam
1288 3905 1360 3956 simi-

227 3979 261 4028 ad
284 3978 383 4042 viginti
408 3979 525 4044 quinque
549 3977 696 4040 myriades,
732 3977 767 4026 ed
817 3977 868 4026 lem
891 3978 919 4026 in
941 3977 1139 4042 modum,.quo
1162 3976 1207 4025 vel
1227 3977 1360 4026 Romano·

225 4047 385 4097 ulterutram
403 4051 507 4112 partem
531 4053 621 4096 antem
640 4045 767 4097 seceden·
817 4061 874 4096 rum
893 4049 983 4096 aetate
1001 4050 1057 4097 tres
1075 4045 1198 4096 cohortes
1215 4045 1254 4094 ibi
1272 4049 1361 4094 custo-

226 4121 268 4166 tes
290 4116 470 4180 pertinuerint
495 4131 606 4166 necesse
633 4115 681 4172 ait;
709 4115 766 4166 vid.
817 4115 889 4165 diam
914 4116 1003 4179 egisse
1028 4116 1123 4166 scribit
1147 4114 1244 4164 Strabo
1268 4113 1359 4162 xvn.

225 4185 264 4244 11,
287 4185 335 4236 les
356 4201 435 4250 seqq.
475 4186 583 4236 Etenim
603 4176 633 4231 ol
650 4176 766 4247 μάχιμοι
817 4201 843 4250 p.
856 4183 917 4234 817.
942 4186 1084 4235 Persarum
1098 4185 1148 4234 sub
1163 4181 1276 4248 imperio
1290 4181 1361 4231 idem

225 4252 413 4317 intelliguntur
439 4253 458 4301 ii
482 4253 625 4317 Aegyptii,
656 4253 702 4317 qui
730 4253 766 4302 ad
817 4253 967 4303 obtinuisse
986 4256 1085 4304 Noster
1108 4252 1188 4316 paulo
1217 4255 1278 4316 post
1301 4251 1361 4316 ipse

227 4321 339 4372 militum
363 4323 461 4372 tribum
482 4320 689 4386 (Ka-leperleasts)
708 4336 767 4384 per·
816 4327 942 4372 testetur.
