3088 4944
231 257 293 319 366
667 257 938 319 HERODOTI

231 426 332 498 πέντε
347 425 511 516 πρότερον
526 428 707 518 γενομένη,
726 434 766 521 τῇ
781 427 909 519 οὕνομα
926 421 970 518 ἦν
984 437 1179 518 Σεμίραμις.
1203 425 1289 518 αὕτη
1302 431 1365 519 μὲν

231 528 415 614 ἀπεδέξατο
435 529 569 620 χώματα
591 529 656 601 ivi
676 531 714 604 τό
729 540 847 605 πεδίον
862 531 960 604 ἐόντα
975 529 1169 621 ἀξιοθέητα·
1199 532 1365 623 πρότερον

231 701 335 751 ιιίοιιιιιι
354 699 555 750 narrationibus
569 700 595 748 in
608 699 729 750 fraudem
742 714 771 747 se
823 716 867 750 mu
885 715 1008 766 quaeque
1029 698 1148 749 eiusdem
1172 701 1279 750 nomine
1297 699 1365 751 cele-

230 771 322 821 induei
348 784 446 835 passus
469 769 515 819 sit.
558 769 690 820 Nolumus
715 768 772 817 lon·
822 771 895 820 brari
915 771 994 834 eique
1012 769 1140 820 adscribi.
1182 770 1227 820 Sic
1252 770 1285 820 de
1303 785 1364 835 ops-

230 841 292 904 gius
310 840 391 889 inhis
411 839 573 901 subsistere,
590 853 660 903 quae
677 853 771 887 vereor
822 841 897 889 ribus
929 839 1090 904 quibusdam
1123 839 1307 890 Semiramidis
1336 841 1364 888 in

230 915 261 958 ut
290 920 409 974 nuquam
432 909 572 958 conciliari
595 909 713 972 possint3
743 906 770 955 id
822 909 1024 974 Mediamagna
1039 909 1159 973 loquitur
1170 908 1306 958 Diodorus
1324 909 1363 970 Il,

229 993 295 1029 vero
318 993 389 1028 nnuc
417 979 504 1028 teneri
531 977 669 1040 volumus,
699 975 770 1040 quod
827 979 856 1031 13
872 977 1107 1043 ibiq.Wesseling.
1121 977 1362 1043 ContGeograph.

230 1049 347 1099 virorum
372 1047 511 1098 doctorum
535 1047 770 1113 disquisitionibus
822 1049 916 1098 minor.
940 1047 1219 1110 lausanensem
1244 1053 1271 1098 et
1295 1063 1363 1114 quae

229 1119 297 1168 satis
317 1124 482 1182 compertum
497 1131 556 1166 csse
571 1117 769 1166 existimamus:
823 1118 877 1166 alia
913 1133 945 1166 ex
976 1117 1153 1167 orientalibus
1184 1118 1363 1182 scriptoribus

228 1187 397 1238 Semiramidis
419 1201 517 1236 nomen
537 1186 605 1236 deae
630 1187 721 1250 potins
740 1183 771 1232 il·
821 1187 925 1251 profert
947 1187 1054 1238 Hoeek.
1080 1187 1108 1235 in
1132 1191 1215 1237 veter.
1236 1187 1309 1237 Med.
1336 1191 1363 1236 ot

228 1256 296 1320 lius,
330 1271 400 1322 quae
427 1257 512 1306 variis
541 1256 694 1305 nominihus
724 1269 770 1318 per
821 1258 898 1306 Pers.
925 1261 1089 1306 monument.
1113 1273 1140 1322 p.
1163 1257 1211 1306 115
1234 1272 1310 1322 seqq.
1329 1257 1362 1306 de
1449 1307 1451 1310 ,

228 1327 321 1376 Asiam
334 1325 409 1376 culta
426 1331 481 1388 est,
500 1325 587 1375 videri
605 1326 662 1374 sive
674 1339 769 1374 nomen
814 1325 1005 1376 Semiramidis
1018 1331 1112 1376 statne
1122 1331 1149 1376 et
1162 1326 1296 1376 columna.
1321 1327 1361 1375 De

228 1397 540 1515 tibilitanas?
553 1393 769 1528 tutaturi:
821 1395 1362 1530 tirrhrptht‘attruibuit

543 1501 550 1526 i

228 1535 298 1585 idem
316 1549 414 1585 nomen
431 1536 489 1584 sive
499 1549 647 1599 cognomen
666 1533 701 1583 ad
718 1533 771 1582 Ba·
820 1534 956 1584 Diodorus
973 1533 992 1584 l.
1004 1534 1022 1584 l.
1038 1535 1157 1599 itemque
1172 1535 1204 1584 de
1221 1535 1361 1584 ruderibus

228 1605 355 1670 hyloniae
382 1605 504 1670 reginam
531 1603 664 1654 celebrem
686 1617 770 1668 quan·
820 1605 953 1669 hodieque
971 1604 1011 1653 ibi
1028 1603 1149 1654 locorum
1172 1605 1260 1654 obviis
1277 1619 1361 1668 prope

228 1675 291 1725 dam
310 1679 392 1740 etque
416 1675 550 1740 insignem
573 1673 667 1724 eodem
689 1671 769 1722 modo
820 1675 912 1724 urbem
931 1673 1074 1724 Hamadau
1093 1674 1150 1724 vid.
1170 1674 1322 1724 Hoeekium
1341 1672 1359 1722 l.

228 1745 369 1794 transferri
386 1745 522 1808 potuisse,
541 1759 594 1809 qno
610 1757 688 1808 reges
705 1757 770 1807 quo·
820 1744 839 1794 l.
863 1759 926 1809 pag.
952 1744 1000 1793 155
1023 1758 1080 1807 seq.
1117 1743 1179 1793 Alia
1202 1744 1260 1792 eins
1279 1758 1362 1806 opera
1395 1797 1398 1804 ,

228 1831 281 1880 qne
298 1813 370 1864 hand
394 1829 456 1865 raro
481 1815 591 1864 deorum
615 1811 769 1863 nominibus
819 1813 847 1864 in
865 1813 993 1864 Amenia
1009 1817 1191 1862 memorantur
1207 1813 1360 1874 exstitiss03

228 1885 498 1950 siveeognominibus
506 1883 597 1934 ornari
606 1883 768 1933 invenimus.
819 1884 874 1934 rid.
892 1882 957 1932 ibid.
978 1897 1004 1946 p.
1022 1882 1080 1934 100.
1099 1883 1277 1932 Notissimum
1297 1898 1361 1948 quo-

227 1955 269 2004 De
286 1954 337 2004 hac
352 1953 527 2004 Semiramide
538 1953 590 2003 dea
603 1954 675 2006 coni.
689 1952 770 2002 Creu·
820 1968 873 2018 qne
890 1953 1000 2018 reginae
1026 1965 1093 2016 opus
1117 1951 1256 2002 hortorum
1274 1952 1361 2016 peusi-

228 2039 285 2074 aer:
310 2023 430 2088 Symbol.
450 2024 489 2074 Il.
509 2039 535 2088 p.
555 2023 605 2073 406
624 2037 681 2086 seq.
705 2019 767 2071 cell.
820 2021 899 2084 lium,
923 2021 1072 2088 dequibus
1094 2020 1173 2071 Philo
1191 2023 1308 2086 Byzant.
1327 2021 1360 2071 de

227 2095 278 2144 674
291 2092 333 2142 ed.
347 2099 420 2155 tert„
433 2094 554 2142 Movere:
573 2091 625 2141 Die
637 2089 767 2140 Phoenic.
820 2096 889 2156 sept.
909 2091 967 2141 orb.
986 2091 1095 2141 miraeo.
1109 2105 1172 2156 pag.
1191 2094 1208 2140 4
1223 2107 1299 2156 seqq.
1312 2091 1360 2140 ibi-

227 2163 250 2212 I.
268 2178 294 2226 p.
313 2161 373 2214 492.
393 2163 441 2214 634
461 2177 537 2227 seqq.
557 2165 584 2210 et
603 2176 673 2225 quae
690 2159 769 2224 plura
821 2176 872 2226 que
900 2165 1025 2211 annotat.
1056 2175 1120 2226 pag.
1149 2162 1182 2209 72
1209 2175 1286 2226 seqq.
1316 2160 1358 2210 ed.

227 2231 336 2280 exhibet
354 2233 386 2282 1..
406 2232 515 2296 Georgii
536 2231 565 2279 ir.
581 2229 669 2294 Pauly
689 2227 769 2279 Real·
820 2230 903 2281 Orell.
939 2231 996 2281 Nec
1019 2229 1201 2280 tamenhsec
1224 2229 1358 2280 hocloco

226 2299 330 2365 eneyel.
354 2303 403 2362 Vl,
429 2301 452 2350 l.
471 2315 498 2365 p.
517 2299 568 2350 bes
589 2315 664 2364 seqq.
682 2299 768 2348 Hero·
818 2301 927 2351 uberius
958 2303 1022 2350 sunt
1052 2298 1212 2363 explicanda
1240 2304 1267 2349 et
1297 2298 1358 2348 illu-

226 2369 334 2420 dcteam
358 2369 573 2430 Semiramidem,
598 2367 768 2433 Babyloniae
818 2369 946 2432 stranda,
974 2385 1025 2419 nec
1047 2369 1134 2433 magis
1157 2367 1281 2418 fabulosa
1304 2369 1359 2416 ista

226 2439 361 2504 reginam,
390 2438 541 2490 Larcherus
569 2439 646 2502 ponit
665 2439 717 2488 746
740 2453 765 2488 a.
818 2439 962 2500 sectanda,
993 2453 1062 2504 qnae
1090 2438 1199 2488 uberius
1231 2437 1356 2502 persequi

226 2509 289 2560 Chr.
311 2525 338 2558 n.
358 2509 437 2572 Quod
459 2509 482 2557 si
505 2523 597 2558 verum
617 2512 672 2570 est,
700 2522 768 2557 uxor
817 2509 888 2559 haud
902 2512 996 2568 vacat3
1015 2508 1071 2558 vid.
1085 2507 1163 2558 merlo
1175 2507 1285 2572 Georgii
1302 2505 1320 2557 l.
1337 2505 1354 2555 l.

226 2578 352 2628 habenda
370 2579 422 2628 erit
440 2577 638 2640 Nehonassurie,
656 2577 703 2641 qui
717 2577 766 2626 747
819 2580 890 2641 „Est
907 2593 972 2627 varo
995 2577 1113 2628 Pollucis
1135 2577 1222 2638 loeus,
1241 2577 1288 2642 qui
1304 2575 1356 2625 hue

227 2663 252 2698 a.
272 2647 334 2698 Chr.
354 2665 380 2699 n.
400 2646 567 2712 Babyloniae
590 2647 625 2696 ab
643 2645 768 2710 Assyrio·
818 2653 943 2712 spectare
959 2647 1095 2709 rideatur,
1113 2647 1142 2696 in
1154 2647 1259 2698 Hister.
1277 2646 1356 2711 phys.

226 2733 285 2767 rum
309 2719 421 2784 imperio
444 2716 576 2766 liberatae
599 2716 700 2780 primns
725 2731 768 2765 ex·
819 2733 881 2783 pag.
900 2717 934 2767 82
957 2716 1000 2768 ed.
1022 2717 1121 2766 Hardt.
1143 2715 1279 2766 Abraham
1303 2715 1358 2765 illie

225 2788 297 2837 stitit
316 2803 362 2837 rex
380 2787 461 2852 idque
471 2786 583 2836 retinuit
600 2801 711 2850 regnum
725 2799 769 2834 us·
818 2787 917 2838 dicitur
936 2784 1057 2850 aequalis
1071 2786 1149 2848 Nini,
1173 2788 1219 2851 qni
1237 2785 1359 2836 condidit

225 2873 278 2922 qne
297 2859 331 2908 ad
356 2872 455 2907 anuum
478 2855 537 2916 733,
562 2871 614 2920 quo
633 2857 767 2904 mortuum
819 2858 927 2910 Ninive.
955 2855 1170 2906 Huiesnceessit
1187 2855 1356 2914 Semiramis·

226 2928 332 2992 excepit
344 2926 461 2984 Nadins3
477 2925 532 2974 vid.
547 2925 586 2975 lo.
597 2939 615 2975 a
628 2923 767 2988 Gnmpaeh
819 2927 885 2976 ubi
878 2942 931 2975 ram
944 2928 1093 3005 sequnntur
1105 2924 1172 2974 haec
1184 2925 1281 2976 verba:
1293 2917 1362 3002 μεθ’

225 2994 688 3061 l.l.p.110seq.Nuperrime
714 2995 767 3044 Ba·
819 2985 853 3046 δν
871 2987 1047 3073 ἐβασίλευσεν
1070 2985 1264 3072 Ἀσσυρίων
1249 3011 1267 3059 η
1293 2985 1357 3043 τοτ’-

225 3063 340 3116 wlmsen
350 3065 529 3128 (Athenaeum
542 3064 618 3115 1864
632 3079 673 3113 ur.
691 3063 767 3114 1381.
818 3079 869 3115 sou
878 3056 963 3144 γονὴ
980 3061 1168 3142 Σεμείραμις,
1187 3053 1268 3143 ’,ἥτις
1278 3077 1356 3112 κατε

225 3151 253 3199 p.
272 3135 323 3186 465
342 3134 410 3199 seq.)
430 3134 523 3184 retulit
546 3134 579 3184 de
604 3137 696 3184 statua
719 3147 767 3182 nn·
819 3125 934 3183 σνιιίαιιε
957 3125 992 3182 τὰ
1014 3125 1127 3198 χώματα
1150 3125 1199 3180 διὰ
1221 3124 1288 3190 τοὺς
1308 3147 1356 3181 κα-

225 3219 273 3270 per
302 3203 464 3253 eNimrudi
495 3203 637 3253 ruderibus
668 3201 767 3252 effossa
816 3194 1002 3264 ταιλοσμοιίς.
1033 3201 1112 3252 Geni
1126 3202 1239 3253 Cedreu.
1252 3207 1279 3252 et
1290 3203 1357 3267 Syn

226 3273 268 3323 dei
290 3273 367 3322 Nsho
394 3287 453 3322 eum
477 3273 666 3338 inscriptione,
696 3285 765 3336 quae
816 3272 876 3322 cell
901 3270 963 3322 add.
991 3271 1149 3336 interprett.
1174 3272 1209 3322 ad
1236 3271 1355 3322 Oracnll.

225 3343 345 3392 eontinet
361 3343 554 3407 nominaregis
570 3341 676 3407 Assyrii
689 3341 766 3390 Phar·
816 3341 910 3420 Sibyll.
933 3357 960 3405 p.
986 3339 1124 3393 332-336
1147 3341 1187 3392 ed.
1213 3341 1272 3392 Gal.
1277 3341 1354 3388 “Cr.

223 3411 299 3462 hilma
322 3415 412 3476 (quem
438 3411 552 3462 eundem
576 3412 658 3461 habet
683 3417 765 3474 atque
824 3402 991 3488 πρότερον
1019 3404 1051 3459 δε
1079 3401 1202 3460 ἐώθεε
1191 3425 1206 3458 ο
1228 3401 1356 3470 ποταμὸς

224 3481 388 3532 Graecorum
400 3482 533 3532 Belorhem
544 3486 572 3532 et
586 3481 685 3531 Sacrae
695 3479 765 3530 Serr
814 3469 870 3529 ἀνὰ
889 3471 920 3528 τὸ
945 3475 1047 3528 πεδίον
1069 3477 1127 3528 πᾶν
1148 3474 1353 3541 πελαγίζεινμ.

224 3557 319 3616 pturas
337 3551 445 3601 Plnls.
470 3551 533 3615 Pul)
551 3555 578 3602 et
592 3551 683 3615 regiae
699 3563 765 3598 uxo·
815 3563 837 3598 e.
863 3552 964 3612 „antas
993 3547 1099 3598 solebat
1122 3547 1219 3596 flumen
1246 3560 1292 3608 per
1315 3548 1355 3592 to-

223 3622 261 3671 ris
278 3621 451 3671 Scrmnnraruit
468 3618 498 3683 (i.
515 3636 537 3670 e.
558 3616 763 3682 Semiramidis),
815 3626 871 3667 tam
888 3617 1026 3682 planitiem
1047 3617 1135 3668 omnin
1153 3613 1297 3674 inundare,
1324 3618 1354 3662 ut

223 3705 303 3754 quam
323 3691 409 3753 ipsam
432 3689 474 3738 vir
497 3689 592 3738 doctus
611 3688 764 3751 suspicatur
814 3687 895 3736 maris
915 3687 999 3736 terme
1016 3686 1132 3750 speciem
1150 3697 1260 3747 campus
1278 3697 1354 3745 prae·

223 3757 331 3808 Mediea
346 3759 428 3822 stirpe
447 3762 608 3823 prognatam
624 3755 764 3820 Phuloque
814 3755 920 3808 beret.“
956 3754 1025 3804 Sunt
1042 3754 1113 3804 enim
1133 3767 1186 3802 uon
1210 3751 1382 3802 admodum.

222 3833 344 3892 nuptam,
364 3827 462 3877 deinde
487 3825 594 3876 sublato
613 3825 710 3875 marito
729 3823 764 3873 ad
814 3823 903 3874 alatae
919 3823 1065 3886 Euphratis
1083 3821 1199 3870 fluminis
1216 3819 1288 3870 banc
1299 3819 1355 3886 pls·

223 3894 389 3960 Babylonem
408 3896 467 3945 sive
485 3895 628 3960 profugam
646 3895 704 3943 sive
725 3893 763 3942 vi·
813 3893 908 3942 uitiem
926 3895 1031 3941 tantam
1046 3891 1236 3956 perfluentis'
1215 3904 1298 3954 ripae,
1314 3889 1355 3940 ita

222 3965 333 4014 ctricem
362 3965 518 4027 pervenisse
541 3978 685 4028 aeremque
709 3963 764 4012 Ne·
814 3965 844 4011 ut
863 3959 942 4010 facile
959 3959 1019 4010 loca
1038 3959 1161 4024 proximu
1178 3958 1353 4010 inundentur.

222 4032 378 4082 beuassaris
399 4047 469 4081 anno
488 4033 538 4082 747
555 4049 579 4082 ιι.
598 4031 659 4082 Chr.
680 4047 706 4080 n.
725 4031 763 4080 in-
814 4029 890 4091 Quod
904 4029 1062 4092 praesertim
1076 4031 1222 4093 quotannis
1232 4027 1279 4078 rllo
1289 4033 1355 4079 tem

222 4101 354 4150 stituisss.
813 4113 877 4162 pore
895 4097 1010 4160 accidit,
1034 4113 1087 4162 quo
1106 4099 1154 4148 nix
1170 4098 1199 4147 in
1217 4099 1353 4148 montibus

257 4168 314 4217 Iam
333 4167 405 4233 qued
424 4167 458 4217 all
476 4167 660 4218 Semiramidis
680 4183 763 4232 opera
813 4167 959 4228 Armeniis,
974 4166 1045 4216 unde
1059 4169 1178 4218 exoritur
1193 4167 1353 4231 Euphrates,

222 4238 333 4296 attinet,
362 4251 444 4302 supra
467 4237 520 4284 iam
543 4238 688 4300 annotavi,
716 4253 762 4302 per
813 4235 981 4299 dissolvitur,
1000 4251 1087 4302 aquae
1102 4235 1353 4300 copismmirumin

222 4321 327 4358 omnem
342 4306 396 4356 iere
410 4305 503 4356 Asiam
515 4306 680 4370 superiorem
692 4321 762 4356 aum·
813 4303 920 4356 medum
937 4319 1055 4372 angens,
1077 4311 1109 4356 ut
1132 4306 1213 4356 fluvio
1237 4305 1290 4355 isto
1311 4318 1354 4352 sn·
