3020 4930
244 271 305 336 Ma
640 266 977 332 EXGURSUSHI

244 465 299 518 quo
320 443 418 515 opinor
438 441 531 511 gentis
541 441 678 496 Etruscae
694 445 772 512 origo
783 443 873 512 Lydia
888 443 998 514 probari
1010 444 1115 513 possit,
1139 444 1231 512 prouti
1246 445 1298 497 riri
1313 445 1377 516 qui-

244 533 304 586 dam
315 529 388 583 haud
402 527 507 582 indocti
522 529 747 598 pronuntiarunt.
774 530 853 596 Nam,
868 528 897 580 in
911 545 965 600 qua
978 527 1017 581 illi
1029 529 1140 583 maxime
1154 530 1298 598 insistunt,
1314 531 1377 584 lite-

244 635 290 672 rae
306 616 370 670 huic
383 619 556 668 monumento
573 613 720 686 sepulcrali
740 614 890 685 inscriptae
906 616 1026 670 Graecae
1046 615 1139 686 potius
1156 633 1218 668 esse
1235 615 1377 684 videntur,

244 722 294 757 nec
314 701 370 755 ullo
385 701 464 754 modo
479 715 538 753 cum
551 699 682 753 Etruscis
697 718 844 769 congruae.
878 700 923 752 Tu
938 700 1001 754 vide
1017 700 1056 752 sis
1072 701 1208 770 copiosam
1224 701 1274 754 bac
1294 701 1329 754 de
1345 719 1377 755 re

244 787 456 860 disputationem
471 785 578 837 Osanni
594 785 622 837 in
638 786 723 850 libro,
742 787 789 856 qtri
804 785 980 839 inscribitur:
998 785 1090 838 Midas
1106 787 1172 838 oder
1187 786 1376 854 Erlrlirnngs-

243 871 363 928 versuah
377 873 427 925 der
448 869 601 924 erweislich
622 871 737 924 iltesten
760 872 862 940 griech.
879 871 1011 924 lnschrift
1025 877 1077 924 etc.
1103 871 1198 941 Leipz.
1213 877 1242 924 et
1252 873 1375 925 Darmst.

245 966 322 1021 18³0·
339 977 367 1028 n·
381 965 395 1017 1
410 975 488 1026 seno·
505 961 628 1026 wassa-

331 1043 372 1095 Λᾶ
391 1041 561 1096 Herodotum
581 1042 699 1112 denique
722 1047 753 1093 at
773 1047 913 1108 revertar,
937 1039 1008 1093 hand
1031 1039 1156 1111 equidem
1177 1058 1237 1094 sum
1252 1041 1375 1110 nescius,

245 1146 325 1202 quam
339 1127 471 1180 lubricum
487 1126 525 1178 sit
542 1144 574 1179 ea
591 1126 625 1180 de
641 1145 671 1180 re
688 1125 756 1196 quid
771 1131 894 1180 statuere
911 1125 994 1196 velle,
1016 1143 1087 1196 quae
1103 1126 1155 1180 iam
1170 1127 1298 1195 Dionysii
1317 1127 1376 1178 Hs-

244 1213 456 1269 licarnassenais
478 1215 569 1264 aetate
584 1211 612 1264 in
630 1211 710 1265 valde
730 1211 892 1282 disceptatis
915 1217 998 1281 atque
1019 1211 1154 1280 ambiguis
1177 1212 1265 1265 luisse
1285 1211 1375 1264 videri

245 1306 342 1372 queat3
363 1298 432 1351 illud
447 1297 508 1350 iure
522 1297 585 1350 mibi
602 1315 709 1350 sumere
724 1314 808 1366 posse
824 1297 936 1364 videor,
957 1297 1097 1364 vulgarem
1115 1303 1190 1349 certe
1205 1303 1288 1367 atque
1303 1315 1375 1350 com-

245 1403 351 1440 munem
365 1382 539 1453 antiquitatis
554 1383 718 1436 sententiam
733 1382 768 1434 de
782 1383 963 1435 Etruscorum
980 1382 1087 1450 origine
1103 1399 1160 1436 eam
1173 1382 1259 1452 ipsam
1275 1381 1375 1450 luisse,

245 1489 325 1542 quam
341 1468 501 1522 Herodotus
517 1467 660 1538 ipsumque
676 1467 764 1520 secuti
779 1467 851 1520 baud
867 1467 947 1538 pauci
966 1485 1056 1521 rerum
1076 1467 1226 1538 scriptores
1244 1467 1375 1537 prodide-

245 1557 310 1610 rint.
350 1554 430 1617 Quae
452 1552 611 1624 nisivulgo
637 1559 762 1622 recepta,
784 1552 923 1624 plerisque
945 1553 1013 1606 adeo
1036 1553 1150 1624 probata
1171 1553 1287 1620 suisset,
1311 1571 1376 1607 nam

244 1639 408 1710 Dionysium
430 1637 560 1691 credibile
582 1643 626 1691 est
647 1644 748 1691 tantam
769 1637 935 1708 impendisse
958 1655 1082 1708 operam,
1106 1655 1161 1710 qua
1181 1638 1275 1692 falsam
1296 1639 1376 1692 eria-

245 1731 320 1780 ceret
345 1723 415 1778 illam
441 1741 574 1794 suamque
597 1723 687 1793 ipsius
711 1724 846 1778 veriorem
865 1725 997 1793 probaret
1020 1724 1200 1794 sententiam,
1230 1741 1285 1794 qua
1306 1724 1376 1777 nibil

244 1810 358 1864 Etrusci
390 1827 449 1862 cum
475 1808 563 1877 Lydis
584 1826 722 1862 commune
750 1809 918 1863 habuerint?
953 1809 1052 1880 Neque
1074 1810 1148 1881 quod
1173 1825 1258 1880 supra
1283 1809 1375 1878 attigi,

228 1895 347 1964 ¹llantbi
362 1894 500 1948 silentium
516 1912 548 1946 eo
563 1912 651 1966 usque
666 1895 769 1965 poterit
784 1895 891 1962 valere,
915 1903 961 1964 ut,
981 1911 1050 1966 quae
1067 1896 1112 1948 alii
1128 1895 1162 1948 de
1176 1895 1316 1964 Lydorum
1332 1913 1376 1948 re-

245 1983 298 2035 bus
319 1985 464 2047 enarrent,
493 1981 623 2034 continuo
646 1999 695 2050 pro
715 1980 792 2034 salsis
817 1980 979 2048 babeamus,
1009 1981 1167 2050 praesertim
1192 1999 1251 2034 cum
1273 1997 1376 2034 causae

246 2069 363 2122 subesse
378 2065 503 2134 possint,
527 2083 576 2118 cur
592 2067 705 2120 alterum
721 2066 847 2132 siluisse,
870 2065 983 2120 alterum
998 2067 1102 2119 dixisse
1116 2067 1154 2119 sit
1169 2066 1308 2119 credibile.

330 2152 411 2215 Quae
429 2167 488 2202 cum
511 2151 549 2202 ita
567 2152 638 2220 sint,
663 2169 750 2222 nuper
773 2157 863 2204 tamen
881 2151 975 2222 plures
1001 2151 1180 2219 exstiterunt,
1204 2152 1250 2222 qui
1271 2169 1376 2206 omnem

245 2237 387 2306 Lydorum
403 2235 649 2304 commigrationem
662 2237 690 2289 in
706 2238 844 2291 Etruriam
861 2255 1018 2307 omnemque
1037 2237 1100 2289 inde
1120 2237 1266 2307 utriusque
1281 2239 1376 2306 gentis

245 2321 436 2390 cognationem
455 2321 488 2372 ad
504 2319 611 2374 tabulas
630 2321 794 2390 relegarent,
814 2322 888 2376 nulla
906 2321 959 2375 lide
973 2321 1081 2390 dignas,
1099 2321 1248 2390 Herodoto,
1273 2322 1377 2376 homini

245 2406 357 2460 credulo
374 2423 390 2458 a
406 2405 521 2458 Graecis
536 2405 563 2457 in
579 2404 645 2458 Asia
662 2407 759 2460 minori
775 2408 961 2462 liabitantibus
976 2409 1119 2473 obtrusas,
1139 2413 1169 2460 ut
1180 2407 1377 2475 Scbweglerus

246 2492 376 2560 opinetur
389 2489 484 2544 Roem.
499 2490 600 2542 Gesch.
616 2491 639 2544 l.
656 2508 683 2559 p.
695 2495 756 2550 258.
772 2499 832 2553 261.
867 2493 907 2546 Ac
924 2491 979 2546 tale
1004 2492 1070 2564 quid
1091 2491 1143 2544 iam
1155 2492 1247 2545 Micali
1267 2493 1377 2563 (sooria

245 2575 318 2644 degli
337 2575 439 2626 antichi
460 2575 551 2644 popoli
567 2574 627 2626 ltal.
641 2575 663 2628 l.
680 2595 708 2645 p.
719 2581 752 2638 {tl
765 2579 839 2647 seq.)
857 2583 1009 2631 statuerat:
1032 2577 1080 2646 qui
1095 2594 1155 2630 cum
1174 2577 1242 2630 alias
1257 2595 1376 2648 prorsus

245 2662 427 2714 Etruscorum
449 2659 571 2727 origines
587 2661 750 2727 somniaret,
780 2662 914 2716 Herodoti
940 2663 1122 2716 narrationem
1140 2679 1255 2733 prorsus
1279 2663 1377 2717 falsam

245 2747 389 2815 fictamque
404 2745 516 2811 babuit,
540 2745 589 2798 sed
607 2745 677 2798 idem
692 2745 752 2798 aliis
767 2745 835 2799 locis
856 2749 893 2819 (I.
910 2767 937 2818 p.
950 2753 994 2808 99.
1017 2749 1054 2800 11.
1067 2767 1094 2818 p.
1109 2753 1160 2808 106
1172 2765 1230 2818 seq.
1251 2753 1302 2808 116
1313 2767 1374 2820 seq.

245 2837 306 2892 121.
320 2834 373 2889 255
384 2831 459 2900 seq.)
475 2831 546 2883 band
561 2847 649 2901 pauca
662 2831 734 2901 apud
748 2832 883 2885 Etruscos
900 2834 1015 2902 reperiri
1034 2835 1152 2900 latetur,
1175 2849 1247 2902 quae
1262 2852 1295 2886 ex
1308 2833 1377 2886 Asia

245 2922 329 2986 atque
344 2933 377 2968 ex
392 2915 518 2986 Aegypto
534 2916 703 2986 potissimum
716 2916 774 2968 sint
789 2919 953 2986 repetenda:
975 2936 1045 2989 quae
1060 2919 1151 2972 eadem
1167 2919 1193 2971 in
1210 2917 1292 2970 buius
1308 2937 1375 2988 ope-

246 3002 284 3054 ris
304 3019 423 3054 censura
440 3001 606 3072 pronunciat
619 3001 707 3054 Raoul
721 3001 853 3054 Rochette
870 3003 898 3054 in
916 3003 1031 3056 Journal
1050 3003 1077 3056 d.
1094 3004 1158 3056 Sar.
1175 3007 1252 3063 1814.
1269 3011 1374 3073 p.145.

246 3085 429 3156 AdPelasgos
444 3087 569 3140 revocari
584 3085 643 3138 vult
657 3087 793 3140 Etruscos
808 3105 830 3138 s.
844 3087 1015 3160 Tyrrhepos,
1031 3089 1065 3140 ab
1076 3089 1141 3141 Asia
1158 3088 1254 3142 minori
1269 3089 1377 3142 minime

245 3171 420 3239 repetendos,
437 3171 555 3240 Lepaiua
568 3171 595 3224 in
608 3171 678 3224 libro
691 3172 739 3241 qui
753 3172 928 3226 inscribitur:
946 3174 1039 3226 Ueber
1049 3174 1092 3226 die
1106 3177 1230 3242 tyrrhen.
1240 3173 1376 3242 Pelasger

245 3255 272 3306 in
287 3255 420 3307 Etrurien
438 3259 490 3308 etc.
507 3255 585 3325 Lips.
601 3260 684 3316 18422
705 3257 739 3309 de
754 3274 809 3327 qua
823 3259 960 3310 sententia
981 3261 1016 3311 cl.
1032 3259 1197 3327 Schwegler.
1210 3259 1228 3310 l.
1241 3257 1258 3310 l.
1274 3265 1374 3329 pm.

246 3335 354 3391 Nullam
367 3339 439 3392 inter
448 3339 542 3406 Lydos
555 3345 582 3393 et
594 3342 728 3394 Etruscos
745 3342 947 3396 similitudinem
962 3344 1185 3412 cognationemre
1201 3345 1375 3398 intercedere

246 3423 391 3492 professus
413 3429 456 3477 est
468 3424 622 3478 Groteiend
640 3426 657 3478 l.
670 3425 687 3480 l.
713 3431 740 3478 et
757 3428 810 3480 Tb.
827 3427 929 3482 Menke
946 3429 1075 3497 Lydiacc.
1092 3447 1118 3498 p.
1130 3436 1180 3498 263
1202 3429 1266 3482 inde
1282 3429 1316 3482 ad
1333 3433 1374 3482 la-

245 3507 324 3560 bulaa
338 3507 479 3575 Lydorum
494 3509 522 3561 in
534 3510 640 3564 Italiam
657 3511 831 3566 advectorum
843 3513 973 3567 coloniam
985 3515 1066 3584 plane
1078 3514 1155 3568 reiici
1170 3513 1229 3568 vult
1239 3513 1374 3584 Hapseld.

245 3592 378 3646 Exercitt.
394 3593 517 3647 Herodd.
534 3595 614 3664 Spec.
624 3597 676 3650 111.
692 3615 719 3666 p.
728 3603 763 3656 22
777 3615 872 3668 seqq,
895 3599 1012 3670 itemque
1030 3599 1195 3669 Schwegler.
1211 3599 1230 3652 l.
1242 3598 1261 3652 l.
1281 3618 1308 3670 p.
1320 3605 1376 3660 258

246 3697 315 3747 seq,
339 3694 417 3748 quem
434 3678 457 3731 si
474 3680 615 3749 sequaris,
633 3681 814 3736 Etruscorum
829 3699 898 3752 gens
915 3685 1161 3738 indo-Germanica
1178 3703 1211 3738 er
1227 3683 1311 3738 Asiae
1325 3703 1374 3738 so-

245 3761 364 3832 perioris
386 3763 546 3832 regionibus
562 3766 688 3819 terrestri
708 3767 807 3820 itinere
825 3767 852 3820 in
869 3769 972 3824 ltaliam
993 3771 1161 3840 immigrasse
1183 3768 1299 3823 dicenda
1319 3771 1374 3824 erit

245 3851 287 3918 (p.
305 3847 380 3912 268).
411 3847 465 3901 Sed
483 3849 560 3918 haec,
577 3867 648 3919 quaa
663 3869 729 3904 vera
747 3853 904 3906 coniectura
923 3855 1064 3922 nituntur,
1080 3873 1154 3909 nunc
1167 3857 1266 3934 mitam
1275 3861 1374 3910 contra

245 3930 388 4001 Hapseldii
410 3933 583 4002 opinationes
600 3935 735 3989 Herodoti
757 3939 946 3992 auctoritatem
967 3940 1039 3994 tueri
1061 3941 1156 3994 studui
1172 3941 1199 3994 in
1216 3940 1331 3994 Jahrbb.
1351 3943 1372 3994 f.

245 4015 314 4068 Pbil.
335 4033 362 4068 u.
381 4015 499 4086 Psedag.
517 4019 615 4072 LXIV.
632 4039 660 4090 p.
674 4026 724 4080 142
736 4031 813 4093 seqq.¹
822 4063 830 4090 ,
853 4024 956 4096 quippe
970 4041 1049 4094 quam
1064 4025 1237 4096 antiquorum
1253 4027 1372 4095 scripto

246 4117 305 4152 rum
328 4101 493 4154 testimoniis
513 4105 652 4174 probatam
677 4105 794 4177 aliisque
819 4109 902 4161 rebus
929 4127 960 4163 ac
983 4109 1152 4180 potissimum
1169 4111 1219 4178 iis,
1243 4128 1313 4180 quse
1337 4111 1371 4162 sd

245 4183 426 4239 Etruscorum
443 4193 528 4242 artem
543 4193 683 4259 spectant,
706 4192 888 4247 confirmatam
907 4195 953 4246 alii
968 4211 1079 4266 quoque
1094 4195 1148 4248 viri
1169 4195 1255 4264 docti,
1278 4195 1370 4265 quiin

246 4265 289 4320 his
316 4268 400 4322 rebus
423 4273 573 4326 tractandis
596 4291 698 4328 summa
723 4273 866 4345 diligentia
893 4279 1002 4350 fideque
1025 4279 1129 4334 vassu
1151 4287 1230 4348 sunt,
1258 4281 1372 4334 maxime

246 4351 375 4406 tuendam
394 4353 560 4412 iudicarant.
596 4359 673 4416 inter
686 4360 771 4416 Italos
793 4371 981 4433 exposuerunt
995 4364 1161 4435 Vermiguoli
1180 4365 1209 4418 in
1223 4365 1327 4435 Saggio
1343 4365 1372 4420 di
