3086 4932
166 203 173 216 '
241 233 301 295 ln
668 231 941 295 nnnooonr

239 409 354 492 σφέων
375 396 419 496 ἦν
439 403 497 478 ἀπ’
513 393 650 494 ἵππων,
666 407 812 497 δούρατά
825 435 860 477 τε
880 408 1024 498 ἐφόρεον
1041 407 1186 498 μεγάλα,
1210 408 1266 479 καὶ
1281 404 1376 478 αὐτοὶ

17 527 18 530 ’
192 520 232 582 80
241 501 326 600 ἦσαν
353 511 558 582 ἱππεύεσθαι
585 507 720 598 ἀγαθοί.
774 508 824 591 Ἐς
853 509 891 580 ni
919 519 1038 582 πεδίον
1066 513 1102 600 δὲ
1133 511 1376 582 συνελθόντων

238 618 354 698 τοῦτο,
380 611 417 682 τό
439 613 504 703 πρὸ
531 621 590 684 τοῦ
610 612 726 694 ἄστεός
747 616 815 683 ἐστι
835 619 895 684 τοῦ
916 621 1130 704 Σαρδιηνοῦ,
1159 612 1216 686 ἐόν
1236 617 1320 704 μέγα
1340 643 1376 684 τε

239 719 294 786 καὶ
313 714 414 800 ψιλὸν
442 715 513 800 (διὰ
534 717 571 787 δὲ
592 714 696 786 αὐτοῦ
715 719 855 806 ποταμοὶ
878 721 1010 806 ῥέοντες
1033 721 1088 788 καὶ
1111 715 1206 788 ἄλλοι
1227 721 1283 788 καὶ
1297 715 1374 786 “nt-

238 829 295 900 λος
309 823 518 910 συᾴόηγνῠσι
537 823 569 900 ἐς
583 819 643 890 τὸν
655 823 828 908 μέγιστον,
854 821 1058 910 καλεόμενον
1075 817 1266 911 δὲἝομον,
1289 817 1324 900 iis
1343 824 1375 902 ἐξ

239 920 356 1014 οὔρεος
376 928 452 1013 iperi
467 921 605 1014 Μητρός
624 923 845 1012 Δινδυμήνης
864 927 968 1012 ῥέων,
997 928 1127 994 ἐκδιδοῖ
1147 927 1180 1004 ἐς
1199 923 1375 993 θάλασσαν

240 1024 323 1095 κατὰ
335 1033 496 1116 Φωκαίην
514 1026 645 1112 πόλιν),
660 1029 810 1096 ἐνθαῦτα
829 1021 972 1116 όΚύοος
993 1023 1037 1107 οἱς
1060 1027 1129 1098 εἶδε
1150 1024 1227 1106 τούς
1240 1024 1375 1106 Λυδοὺς

240 1133 273 1210 ἐς
286 1127 394 1218 μάχην
407 1134 647 1220 τασσομένους,
664 1129 925 1220 καταῤῥωδησας
938 1128 1000 1219 τὴν
1014 1135 1119 1200 ἵππον
1133 1133 1285 1218 ἐποίησε,
1298 1125 1373 1219 ‘Ap-

240 1295 341 1347 eenteti
358 1311 419 1346 oum
438 1295 528 1360 equis,
547 1309 615 1359 quoe
633 1294 728 1344 tributi
745 1294 782 1344 lo·
833 1292 875 1341 lue
893 1292 1155 1356 propeMegneeiem
1169 1305 1230 1340 ecee
1246 1290 1374 1354 infundit,

240 1381 272 1416 co
290 1365 348 1432 regi
374 1364 499 1415 offerunt.
534 1364 597 1414 Vid.
622 1363 780 1414 Greteiend.
833 1362 889 1411 vid.
908 1363 942 1424 V,
955 1361 1001 1412 101
1019 1362 1109 1426 ibique
1126 1365 1197 1412 nott.
1209 1365 1236 1410 et
1246 1360 1374 1410 strubon.

240 1437 268 1484 in
295 1435 445 1499 Boettigcr.
476 1431 595 1483 Amalth.
627 1433 666 1482 11.
691 1449 717 1497 p.
738 1433 780 1483 98.
833 1431 851 1481 1.
869 1429 898 1494 1.,
917 1431 964 1495 qui
982 1431 1052 1480 idem
1068 1431 1167 1480 montie
1188 1430 1259 1479 eecri
1277 1431 1374 1494 Dime-

239 1505 312 1554 Hinc
329 1519 384 1553 non
399 1503 539 1570 improbo,
559 1502 631 1567 quod
649 1503 783 1552 Matthiae
832 1516 914 1550 menei
931 1501 1062 1564 meminit,
1088 1502 1158 1552 unde
1180 1501 1296 1550 Hermus
1314 1513 1374 1564 pro-

240 1574 335 1624 vertit:
354 1589 385 1624 zu
408 1573 505 1638 Plerrie
532 1572 650 1636 (proprie
672 1589 717 1622 uon
733 1573 782 1622 den
833 1573 936 1622 veniet.
965 1572 1008 1620 Dc
1024 1586 1076 1635 quo
1096 1575 1188 1620 monte
1205 1569 1317 1634 longum
1334 1573 1375 1618 eet

239 1644 354 1708 Pserden
382 1659 428 1693 σιιε
455 1642 520 1693 oder
549 1641 638 1708 ierat)
666 1643 781 1692 streiten.
833 1638 1376 1706 quaerere.LereherueDindymumluieee

239 1711 300 1764 Vid.
321 1715 345 1775 §-
368 1713 428 1762 572.
447 1727 511 1777 peg.
532 1712 609 1762 1128.
638 1711 706 1762 Add.
727 1712 782 1762 He·
833 1711 989 1775 suspicetur
1005 1725 1088 1775 prope
1106 1709 1244 1774 Cyzicum.
1263 1708 1375 1758 Rectius

171 1787 172 1790 ’
239 1781 673 1848 rodor.1x‚63.-1nseqq.
700 1769 782 1846 ἦσαν
833 1779 1186 1846 Forbigcrl.l.peg.102
1214 1779 1285 1828 hunc
1303 1793 1376 1829 mon-

240 1869 255 1903 e
277 1853 353 1902 libris
376 1851 498 1918 plurimis
523 1851 654 1902 dedimus.
692 1851 781 1916 Vulgo
833 1857 888 1900 tem
917 1865 978 1900 eum
1006 1865 1066 1900 esee
1094 1850 1212 1912 indicet,
1237 1849 1284 1914 qui
1306 1862 1376 1897 nunc

240 1918 324 1971 ἔσαν.
362 1923 475 1987 Spectet
499 1920 551 1972 huc
574 1922 667 1972 forsan
691 1921 783 1987 gloeee
834 1925 951 1970 vocetur
968 1919 1066 1970 Morari
1082 1921 1164 1986 degli.-
1188 1933 1293 1983 exque
1317 1931 1376 1968 cum

241 1992 270 2040 iu
279 1991 397 2042 Bekkeri
411 1990 533 2042 Aneodd.
548 1991 594 2042 Gr.
606 1994 628 2041 Ι.
643 2007 707 2056 pag.
723 1993 781 2052 100,
834 1991 951 2040 Hermus
977 2005 1074 2042 revere
1105 1989 1263 2054 proveniet,
1291 1989 1376 2051 primo

245 2059 289 2109 lo:
329 2053 562 2109 interdicitur·
599 2057 781 2124 παθητικῶς·
835 2073 916 2108 oureu
948 2065 1063 2108 vocetur
1093 2060 1191 2108 Morad
1221 2056 1306 2122 napta·
1331 2057 1376 2106 Su.

236 2119 391 2191 Ἡρόδοτος
409 2121 521 2196 πρώτῳ.
834 2129 923 2177 Mater
941 2129 1104 2193 Dindymene,
1124 2143 1195 2192 qnae
1214 2128 1296 2177 etiem
1314 2128 1378 2176 eim·

834 2197 941 2261 pliciter
969 2201 1082 2246 vocatur
1107 2197 1262 2262 Dindymene
1286 2195 1296 2259 (
1317 2235 1323 2247 .
1353 2211 1376 2245 c.

413 2297 478 2349 ὒν·
497 2299 607 2350 Lm·
834 2265 907 2396 ut}
921 2264 1129 2394 tet-tit:
1150 2265 1378 2396 ἑλιέδιΐλὲἔ.

276 2391 324 2450 ἐὰν
341 2397 410 2465 μέγα
428 2415 457 2450 τε
475 2397 528 2450 καλΙ
539 2393 637 2467 ψιλὸν]
648 2391 745 2463 ψιλὸν,
762 2400 782 2450 1.
835 2404 863 2452 in
881 2402 1017 2452 montibne
1036 2401 1143 2451 colitur.
1164 2399 1377 2462 Catullofflx,

242 2487 266 2520 e.
285 2470 427 2534 arboribus,
443 2473 538 2534 plantis
555 2485 604 2520 non
622 2477 723 2528 tectum,
740 2469 783 2520 eb·
834 2471 879 2536 91)
910 2477 953 2520 cet
978 2472 1034 2520 Dea
1062 2471 1190 2534 Dindymi,
1216 2473 1246 2518 nt
1270 2469 1304 2518 eb
1326 2468 1378 2517 hoc

241 2543 320 2590 είιιωι.
340 2540 382 2590 Ad
400 2533 601 2590 συνελθόντων
618 2539 647 2588 in
664 2539 783 2604 proxime
835 2541 971 2605 Phrygiae
989 2534 1238 2603 montecognomeri
1257 2543 1379 2602 repeten-

242 2609 382 2660 entccedd.
413 2610 502 2675 suppl.
528 2607 586 2658 τῶν
607 2606 711 2658 Λυδῶν
736 2604 785 2658 καὶ
837 2611 900 2661 dum
917 2611 1059 2672 videatur,
1086 2609 1163 2659 cuiue
1193 2613 1283 2658 temen
1308 2606 1379 2656 eliee

241 2677 299 2728 τῶν
328 2678 458 2745 Περσων,
479 2673 498 2731 i.
524 2694 547 2730 e.
575 2695 628 2728 omn
658 2681 785 2742 utriusque
837 2693 944 2745 queque
962 2680 1082 2730 rationes
1106 2678 1141 2728 eb
1161 2677 1222 2727 eliie
1238 2677 1379 2743 proferun-

241 2751 368 2800 erreroitue
385 2752 473 2813 copiae
493 2753 664 2800 converrerent
681 2750 706 2797 in
728 2750 785 2810 pla·
837 2755 889 2800 tur.
910 2749 964 2800 Sed
982 2749 1058 2800 hone
1070 2754 1164 2798 nostro
1178 2747 1238 2798 loco
1251 2747 1378 2798 alienum.

241 2821 322 2870 mittem
342 2828 510 2884 pugnaturae.
530 2847 565 2858 -
581 2819 623 2868 De
644 2818 719 2885 Ημίίο
738 2818 785 2866 flu·
837 2819 946 2882 Videat,
966 2819 1013 2884 qui
1031 2823 1154 2883 quaeret,
1168 2816 1242 2868 locos
1254 2817 1289 2867 eb
1299 2818 1380 2865 inter-

242 2889 287 2938 vio
307 2889 411 2941 consul.
431 2889 558 2940 Strobon.
577 2888 657 2938 XIII.
676 2903 703 2952 p.
722 2886 783 2938 neo.
835 2889 957 2954 pretibue
983 2889 1091 2938 Horatii
1118 2885 1230 2950 elletoe,
1259 2892 1285 2936 et
1310 2901 1380 2951 quee

243 2975 264 3008 ν.
286 2975 348 3025 pag.
366 2959 418 3012 928
441 2959 476 3021 C,
496 2958 541 3024 qui
558 2957 691 3007 Herodoti
710 2957 785 3007 teeti·
835 2959 935 3008 dudum
959 2958 1013 3008 iem
1044 2961 1219 3022 congeereret
1243 2955 1379 3022 Gyreldue

243 3030 360 3078 monium
377 3029 489 3093 profert.
502 3027 581 3077 Livio
594 3026 732 3088 XXXVII,
751 3026 784 3076 37
835 3030 863 3078 in
882 3032 978 3094 quarto
997 3033 1133 3093 syntagm.
1159 3027 1193 3077 de
1216 3025 1268 3076 dile
1292 3029 1379 3091 genti.

244 3098 315 3147 idem
327 3099 425 3147 fluvius
438 3097 538 3147 dicitur
550 3097 785 3162 Piryae‚quemte-
835 3115 861 3164 p.
882 3113 917 3148 m.
940 3096 989 3148 135
1007 3113 1048 3162 eq.

243 3165 783 3232 meneprlledietinguitPliniusHiet.
869 3163 917 3216 καλ
939 3155 1038 3223 “rmoc
1074 3156 1259 3229 συόόηηνῦσι]
1291 3160 1380 3227 Vulgo

244 3237 359 3299 NetV,
379 3235 420 3298 29,
440 3235 483 3287 31.
524 3235 591 3286 Inde
608 3241 702 3284 nostre
720 3251 785 3300 quo·
834 3228 1008 3301 συρόηηνυσι
1029 3237 1058 3285 in
1077 3233 1219 3299 singulari.
1252 3231 1305 3282 Sed
1323 3230 1381 3296 plu-

243 3323 294 3370 que
312 3313 403 3356 aetate
415 3305 536 3356 diversos
547 3321 638 3354 amnes
649 3310 784 3366 statuunt,
831 3305 920 3356 relem
942 3305 1019 3355 librie
1042 3303 1234 3355 addicentibue
1253 3301 1381 3378 praetuli-

243 3391 334 3427 eeeum
352 3381 414 3440 poet
436 3375 610 3426 coniunctos:
634 3374 690 3425 vid.
714 3388 784 3440 quoe
836 3391 904 3426 inne.
923 3375 1020 3426 Itidem
1038 3390 1101 3424 mox
1120 3372 1241 3423 dedimus
1260 3370 1381 3432 Μητρός

243 3447 320 3496 effert
336 3446 469 3511 Forbiger
484 3445 502 3495 l.
523 3443 541 3496 l.
565 3461 592 3510 p.
614 3445 673 3494 174.
710 3443 785 3509 Hylli
835 3461 884 3510 pro
902 3445 976 3510 vulg.
995 3437 1206 3508 permittere
1221 3437 1318 3488 initiali
1332 3439 1380 3486 mi·

243 3517 320 3566 iluvii
336 3516 455 3581 pieeibne
469 3513 540 3580 pleni
558 3515 657 3564 mentio
669 3513 699 3563 fit
713 3511 785 3578 opud
836 3514 906 3566 nori.
926 3541 959 3551 —
979 3504 1126 3562 ἐκδιδόναι
1147 3511 1180 3560 de
1202 3508 1307 3568 fluviis,
1333 3506 1381 3570 qui

243 3587 391 3637 Homerum
414 3585 493 3635 Ilied.
513 3585 572 3645 XX,
585 3584 644 3646 3112,
664 3583 710 3632 ubi
723 3598 785 3632 oon·
837 3585 894 3634 rire
911 3584 940 3632 in
963 3598 1037 3634 mere
1061 3583 1118 3631 eive
1142 3582 1171 3629 in
1191 3577 1260 3628 elios
1282 3576 1380 3625 fluvios

243 3655 294 3706 sul.
314 3655 414 3720 Heynii
432 3655 590 3705 Obeervett.
609 3655 688 3703 Tem.
706 3651 784 3702 VIII.
838 3669 868 3704 ee
884 3657 1044 3714 exonerent,
1063 3649 1160 3700 reddito
1179 3646 1382 3713 praepositione

243 3741 306 3790 peg.
325 3725 369 3776 02.
393 3725 472 3787 Quod
489 3724 552 3773 hnic
571 3723 661 3774 versui
679 3721 788 3786 edpoei-
838 3718 888 3784 είς,
909 3736 994 3787 neque
1009 3728 1090 3786 etque
1106 3711 1210 3779 ἐξιέναι
1228 3717 1282 3766 iem
1299 3729 1382 3780 cupre

242 3800 300 3844 tum
319 3800 360 3842 est
378 3793 525 3856 scholium,
542 3791 570 3841 in
591 3808 621 3858 eo
640 3806 788 3841 momontu-
839 3792 981 3858 attigimus
999 3791 1035 3840 ed
1052 3789 1075 3852 1,
1093 3789 1123 3848 t;
1142 3787 1198 3837 elie
1208 3785 1332 3837 dabimus
1346 3784 1383 3834 ed

243 3869 288 3912 tur
316 3878 348 3912 ex
371 3863 510 3913 Herodoto
532 3877 588 3924 res,
614 3877 682 3926 ques
705 3861 733 3909 in
757 3874 787 3908 eo
839 3861 887 3922 IV,
911 3861 955 3912 85.
987 3859 1049 3908 Vid.
1071 3858 1188 3908 Bredov.
1217 3871 1244 3921 p.
1269 3853 1312 3917 ot,
1335 3853 1383 3918 qui

245 3933 304 3996 ipeo
324 3932 468 3995 scriptore,
486 3931 592 3997 qnulem
615 3946 686 3980 nuno
710 3929 789 3978 lrabe·
840 3930 891 3980 hec
908 3930 936 3978 in
954 3945 983 3978 re
1006 3943 1089 3978 unum
1113 3917 1258 3976 ἐκδιδόναι
1281 3925 1383 4000 Nostro

242 4016 311 4062 mue,
337 4002 439 4050 irnetrn
464 4002 623 4065 quaesieris.
660 3999 786 4049 Refertur
837 4001 969 4049 unitatum
986 3997 1071 4048 fuieee
1085 3995 1233 4046 contendit.
1247 4023 1283 4032 -
1297 4006 1384 4040 κατα

244 4070 313 4118 eninr
333 4070 366 4119 de
384 4069 528 4134 Iphitionie
547 4085 604 4131 eru,
624 4069 788 4134 lepideeqne
838 4066 974 4131 Φωκαίην
991 4061 1075 4116 πόλιν
1094 4069 1149 4115 eet:
1167 4065 1215 4126 bei,
1233 4065 1260 4112 ιἰι
1275 4062 1381 4112 dentie-

245 4143 339 4188 etetue
358 4139 469 4203 entique
489 4155 562 4188 more
581 4139 722 4189 elaborate
739 4138 787 4188 ali·
836 4137 904 4203 gend
919 4153 965 4187 ουκ
988 4137 1117 4186 Ρίισοαια.
1148 4133 1210 4184 Vid.
1234 4133 1257 4195 1,
1282 4131 1325 4181 76.
1353 4129 1384 4179 si

243 4210 319 4272 ioque
340 4208 372 4257 de
396 4207 490 4270 rebus,
514 4223 628 4273 querum
650 4208 694 4257 hic
713 4207 788 4257 nulle
838 4206 1002 4258 Bredorium
1030 4221 1056 4270 p.
1084 4203 1130 4254 1:30
1159 4203 1310 4267 seqntmur,
1334 4213 1383 4264 pro

244 4279 355 4329 mentio.
367 4307 401 4316 -
413 4278 454 4327 De
473 4277 574 4340 Hermo,
592 4278 621 4327 in
634 4292 712 4342 quern
722 4275 790 4341 Hyl·
841 4274 991 4339 Φωκαίην,
1021 4273 1093 4340 quod
1116 4273 1210 4337 optimi
1233 4269 1334 4336 quique
1351 4268 1384 4316 li-
