3088 4922
571 309 817 384 nurnupn.
840 321 882 380 11.
905 327 950 384 α.
1001 338 1004 345 1
1265 315 1326 378 539

189 496 267 584 ὑὸς,
295 495 426 567 αὐτοῖσι
447 501 605 584 ίματίοισι
620 493 678 564 ἄττ’
698 487 746 566 οἶν
763 501 867 584 ἔβαψε
882 493 1008 567 ἑαυτὸν
1017 548 1026 582 ,
1046 493 1108 583 βὰς
1122 497 1176 565 iel
1190 492 1250 566 τὸν
1264 520 1324 565 αο-

190 603 311 692 ταμόν·
342 606 441 669 τοῦτο
462 601 498 669 δὲ
518 605 552 670 ol
573 605 739 687 συβῶται,
769 599 878 680 ἐόντες
900 600 1079 688 Αἰγύπτιοι
1100 595 1268 687 ἐγγενέες,
1294 595 1327 680 ἐς

193 703 269 794 ίρδυ
285 700 387 774 οὐδὲν
403 708 472 772 τῶν
486 707 524 773 ἐν
545 703 704 796 Αίγύατςο
720 705 908 793 ἐσέρχονται
927 709 1048 793 μοῦνοι
1069 701 1222 773 πάντων·
1246 699 1328 773 οὐδέ

191 831 253 898 σφι
273 811 471 878 ἐκδίδοσθαι
496 809 669 895 θυγατέρα
684 804 796 888 οὐδεὶς
810 810 937 892 ἐθέλει,
957 805 1034 877 οὐδ’
1052 805 1195 894 ἄγεσθαι
1210 809 1243 890 ἐξ
1262 803 1324 876 αὐ-

191 993 243 1044 qua
268 993 334 1028 sane
358 977 456 1027 attinet
482 977 527 1026 hic
549 976 650 1026 referre
673 975 734 1026 reli·
821 964 1350 1040 αὖτοῖοιῖματίοισι]ΑτιὶουΙιιιιιτοῖσι’

191 1063 303 1114 quornm
322 1047 483 1113 scriptorum
501 1046 657 1097 testimonia
676 1052 733 1095 tum
786 1049 849 1096 ante
867 1039 1003 1109 ἱματίοισι
1018 1050 1092 1095 recte
1110 1043 1328 1096 delevitWesse-

192 1119 226 1169 de
245 1117 403 1183 Aegyptiis,
423 1117 523 1167 tumde
537 1116 600 1166 aliis
615 1116 734 1180 antiqui·
786 1116 863 1182 ling„
882 1116 929 1180 qui
948 1115 1018 1164 idem
1040 1114 1203 1164 locutionem
1224 1114 1328 1179 aliquot

190 1188 257 1239 tatis
286 1187 412 1252 gentibus
445 1201 506 1236 sues
533 1187 733 1248 aversantibus,
787 1185 915 1250 exemplis
929 1184 1086 1237 illustravit.
1100 1183 1326 1248 ctflemdvll,

190 1258 337 1308 actuarias
351 1272 508 1307 enumerare
525 1271 623 1306 causas
635 1255 733 1306 abillis
786 1256 819 1308 st
829 1256 998 1321 ibiquanott.
1030 1254 1171 1304 Pertinent
1185 1267 1249 1304 vero
1260 1254 1328 1306 haec

190 1327 326 1393 proditas,
353 1343 413 1377 eum
438 1327 545 1377 abunde
562 1325 614 1376 hoc
638 1326 734 1376 iecerit
785 1326 869 1376 verba
888 1325 923 1375 ad
945 1341 974 1375 se
994 1340 1020 1389 q.
1038 1315 1090 1373 ἄττ’
1112 1311 1153 1370 aiv
1169 1315 1257 1388 ἔβαψε
1275 1325 1326 1390 (ci.

189 1398 318 1450 Bochart.
346 1397 500 1448 Hieronoio.
520 1396 570 1462 ΙΙΙ,
600 1396 642 1446 57.
669 1412 733 1460 pag.
785 1395 885 1458 11,39.
907 1392 956 1458 40)
974 1385 1082 1447 εωυτόυ
1103 1397 1208 1443 etcum
1227 1393 1268 1443 his
1286 1410 1328 1444 ar-

190 1469 256 1530 702,
280 1468 324 1517 eni
346 1483 417 1517 nunc
440 1467 504 1517 add.
530 1467 652 1516 Movere:
682 1467 734 1516 Die
786 1470 829 1516 cte
848 1465 1038 1530 coniungenda
1050 1469 1125 1526 sunt,
1144 1478 1205 1513 curn
1221 1469 1328 1514 senten·

188 1537 318 1589 Phoeniz.
339 1538 363 1588 1.
378 1553 405 1602 p.
419 1538 470 1588 218
490 1551 562 1600 seq,
581 1535 628 1585 ubi
647 1534 734 1584 diver·
784 1537 824 1585 tia
836 1535 902 1586 haec
916 1536 964 1585 sit:
986 1535 1029 1598 „si
1040 1535 1099 1599 quis
1113 1547 1205 1583 eorum
1221 1526 1328 1596 (αὐτῶν

191 1623 236 1658 aas
267 1607 440 1672 antiquitatis
467 1611 593 1656 recenset
628 1611 732 1671 gentes,

190 1691 260 1742 qnae
278 1693 295 1726 a
314 1677 391 1726 sullis
417 1677 506 1726 carnis
531 1691 578 1725 esu
597 1676 733 1726 abstinue-

189 1748 245 1797 rint
271 1761 400 1810 suemque
423 1750 567 1797 aversatus
594 1745 658 1795 sint.
689 1747 731 1796 Cr.

192 1815 297 1867 consuli
315 1816 375 1866 vult
388 1816 488 1867 (lesen.
506 1815 541 1864 ad
555 1816 636 1865 lesui.
649 1817 732 1877 LXV,

189 1889 215 1937 4.
234 1903 259 1950 p.
280 1885 340 1947 278,
360 1887 406 1950 qui
428 1887 545 1936 Iudaeos
569 1884 618 1945 (cl.
642 1885 731 1936 Lerit.

189 1955 238 2018 XI,
251 1958 266 2004 7
280 1956 391 2006 Deuter.
403 1957 475 2018 XIV,
493 1955 523 2018 8)
537 1956 564 2004 in
576 1954 640 2004 auili
651 1969 733 2005 carne

190 2023 343 2076 aversanda
354 2026 441 2076 minus
459 2024 623 2075 valetudinis
641 2039 732 2074 curam

189 2096 332 2156 habuisse,
352 2095 399 2144 sed
413 2095 588 2144 finitimarum
602 2095 731 2160 gentium,

189 2165 400 2230 Aegyptiorum,
419 2165 548 2225 Arabum,
566 2165 732 2215 Phoenicum

189 2250 289 2286 morem
307 2239 416 2285 secutos
429 2249 488 2285 esse
507 2235 612 2285 statuit.
643 2235 730 2297 Quam

189 2309 279 2355 antem
299 2304 381 2354 moris
407 2319 517 2354 causam
541 2304 686 2354 habuerint
705 2308 732 2354 et

188 2375 258 2425 aliae
278 2379 372 2440 gentes
391 2378 418 2423 et
430 2389 494 2424 vero
503 2375 671 2438 potissimum
682 2376 731 2424 Ae-

188 2444 289 2511 gyptii,
308 2445 418 2494 vixdum
437 2450 510 2494 certo
529 2444 650 2494 indicare
669 2444 732 2495 lice-

187 2515 238 2565 bit.
273 2514 315 2565 Cf.
333 2515 451 2564 Hearan.
470 2513 552 2563 Ideen
566 2515 604 2574 11,
625 2516 649 2562 2.
667 2531 730 2580 pag.

190 2585 236 2637 151
251 2588 278 2634 et
291 2583 403 2634 Bohlen.
419 2583 479 2636 Ind.
498 2585 536 2634 11.
555 2600 582 2647 p.
604 2584 662 2634 163.
688 2584 731 2635 Ad

188 2654 317 2704 sanitatis
336 2653 454 2704 tuendae
477 2656 597 2704 rationes
622 2669 730 2704 earnem

188 2723 285 2774 suilem
315 2725 452 2788 sapienter
479 2724 650 2774 interdictam
677 2725 730 2774 Ae-

187 2794 289 2859 gyptiis
301 2799 412 2843 revocat
425 2794 589 2844 Wilkinson.
602 2795 730 2844 Mannsrs

188 2868 240 2914 etc.
261 2879 315 2912 sec.
341 2877 393 2913 aar.
418 2863 457 2912 11.
480 2879 507 2927 p.
531 2863 577 2912 181
604 2865 730 2929 idemque

188 2933 270 2982 etiarn
289 2931 360 2996 apud
379 2932 495 2982 Iudaeos
510 2932 630 2983 valuisse
648 2940 729 2998 atque

188 3001 277 3051 adhuc
293 3000 385 3050 valere
403 3001 475 3064 apud
494 3001 661 3053 Christianos
683 3004 729 3054 ho·

187 3071 273 3120 mines
286 3071 455 3135 Abessyniae
473 3071 628 3122 contendit:
653 3089 727 3124 suem

186 3139 250 3190 inde
269 3140 418 3204 Aegyptios
437 3141 616 3192 immunditiei
629 3147 656 3192 et
669 3159 728 3207 prs-

186 3210 282 3260 sitatis
306 3211 426 3259 cuiusvis
450 3210 602 3275 symbolum
626 3213 728 3262 sedem-

186 3295 240 3345 que
258 3283 350 3344 aptam
369 3280 466 3329 animis
483 3281 626 3344 impiorum
645 3282 728 3332 horni-

185 3365 249 3399 nnm
257 3349 384 3399 habuisse
397 3349 482 3401 addit.
504 3345 627 3401 'Movere
637 3352 655 3402 l.
669 3352 687 3402 1.
699 3369 726 3416 p.

185 3417 237 3470 ’219
250 3435 307 3484 seq.
318 3418 457 3484 religionis
467 3421 635 3484 potissimum
646 3423 728 3472 ratio-

185 3505 246 3540 nem
263 3489 356 3539 haberi
377 3489 448 3551 vult,
469 3506 500 3539 ex
522 3505 576 3555 qua
595 3491 623 3541 in
641 3494 727 3542 sacris

184 3559 725 3625 quidemanimalibusnumerarintsuern,

785 1621 822 1656 sc.
841 1600 1018 1669 Αἰγυπτίου)
1036 1603 1081 1653 vel
1100 1603 1266 1654 transeundo
1289 1609 1328 1656 te-

784 1676 878 1740 tigerit
896 1689 985 1736 errem,
1005 1675 1097 1723 statim
1112 1674 1218 1724 accedit
1230 1675 1265 1724 ad
1280 1675 1328 1725 flu-

784 1762 845 1795 men
863 1743 979 1809 (Nilum)
1006 1746 1088 1809 inque
1112 1759 1172 1793 eum
1195 1760 1247 1793 οιαα
1264 1746 1328 1808 ipris

783 1817 933 1866 υειίίαιεαίίε
950 1829 1011 1866 sese
1028 1815 1186 1880 immergere
1206 1819 1234 1864 et
1252 1813 1328 1865 ablu-

784 1901 829 1938 ere
847 1883 946 1935 solet.“

819 1947 848 2004 οί
858 1951 993 2021 συβῶται,
1016 1941 1109 2008 δόντες
1124 1943 1273 2016 Αἰγύπτιοι
1284 1944 1326 2018 ἐγ-

784 2021 876 2090 γενέες
887 2039 912 2072 ιι.
923 2040 946 2072 τ.
960 2020 996 2087 1.]
1011 2022 1143 2073 Valcken.
1158 2027 1222 2072 anto
1233 2013 1327 2080 ἐόντες

783 2095 866 2144 inseri
883 2093 943 2143 vult
962 2092 1123 2157 particulam
1143 2088 1198 2156 καί,
1217 2098 1247 2143 ut
1266 2109 1327 2144 sen-

783 2180 830 2215 sus
848 2165 897 2215 sit:
916 2165 1025 2228 ρααιιιοίε
1042 2163 1176 2228 ίιιδίριιισι
1189 2167 1247 2217 sint.
1272 2163 1327 2215 Sed

782 2234 849 2284 nibil
859 2249 925 2298 opus
939 2233 990 2283 hac
999 2232 1148 2298 particula,
1166 2249 1246 2300 quam
1260 2235 1326 2283 scri-

782 2305 822 2370 pti
840 2304 903 2353 libri
920 2319 975 2352 uon
999 2307 1161 2367 agnoscunt.
1197 2304 1239 2354 De
1257 2305 1324 2368 ipsis

783 2373 903 2424 subulcis
916 2371 977 2438 (qui
993 2373 1073 2422 etiam
1090 2379 1272 2424 memorantur
1284 2374 1323 2437 11,

784 2443 844 2508 let)
858 2443 949 2494 intimo
966 2442 1026 2492 loco
1040 2442 1141 2493 habitis
1154 2444 1226 2508 apud
1236 2444 1325 2509 Aegy-

782 2515 869 2580 ptios,
882 2513 938 2563 alia
950 2512 1063 2562 aliorum
1076 2514 1237 2578 scriptorum
1250 2515 1326 2564 testi-

782 2585 873 2634 monia
897 2582 1082 2648 suppeditabit
1105 2583 1233 2634 Bochart.
1257 2585 1324 2634 Hia-

781 2654 881 2704 rozoic.
901 2655 938 2715 ΙΙ,
957 2654 1000 2702 57.
1027 2669 1055 2717 p.
1075 2654 1135 2704 707.
1171 2654 1210 2703 Aa
1231 2658 1324 2704 tenen-

782 2724 915 2785 dumest,
934 2721 1323 2787 agriculturuepromorendae

782 2798 809 2844 et
826 2793 944 2843 tuendae
963 2807 1060 2854 causa,
1084 2793 1129 2842 cui
1146 2794 1263 2842 maxime
1281 2810 1323 2844 ss-

781 2869 885 2914 suetam
906 2868 934 2912 et
952 2861 1112 2912 adstrictam
1131 2862 1267 2912 voluerint
1281 2879 1322 2912 sa·
1403 2922 1407 2930 ι

781 2934 903 2984 cerdotes
922 2931 1094 2997 legislatores
1113 2937 1219 2994 gentem
1232 2933 1322 2996 Aegy-

780 3004 879 3068 ptiam,
899 3003 984 3052 vitam
998 3001 1170 3066 pastoritiam
1185 3005 1322 3065 atquano-

780 3073 914 3122 modicam
937 3072 1025 3133 refici,
1058 3077 1088 3122 ut
1114 3070 1181 3120 adeo
1208 3071 1321 3121 infamia

779 3143 895 3208 quadam
907 3145 1035 3191 notentur
1050 3142 1086 3203 ii,
1106 3141 1152 3206 qni
1170 3141 1232 3191 hnic
1246 3141 1321 3192 vitea

779 3213 871 3278 generi
893 3226 953 3261 sese
984 3211 1114 3272 dicarint,
1143 3211 1270 3276 quoniam
1293 3212 1320 3261 in

779 3283 852 3347 egris
870 3281 923 3331 rite
948 3281 1068 3332 colendis
1092 3281 1255 3347 sedibusque
1278 3281 1321 3331 fir-

778 3355 828 3403 mis
852 3351 991 3416 capiendis
1015 3352 1101 3401 omnis
1126 3353 1260 3402 consistat
1281 3353 1320 3402 rei

778 3421 903 3488 publicae
921 3419 995 3471 salus
1015 3425 1097 3486 atque
1115 3422 1192 3484 ordo,
1212 3421 1319 3487 qualern

778 3492 935 3542 sacerdotes
953 3491 994 3542 illi
1006 3492 1121 3541 maxime
1140 3496 1318 3542 sectarentur.

777 3562 859 3613 Plura
883 3561 999 3612 Haeren.
1025 3561 1108 3611 Ideen
1137 3562 1175 3623 II,
1201 3564 1227 3614 2.
1253 3577 1317 3626 pag.

184 3629 232 3680 sed
249 3629 328 3678 malis
347 3644 380 3678 uc
398 3630 503 3680 nocivis
526 3630 577 3680 diis
597 3647 618 3681 s.
638 3633 726 3696 geniis
778 3632 828 3682 150
845 3647 921 3698 seqq.
947 3631 1009 3682 coll.
1035 3632 1094 3682 150.
1132 3631 1210 3681 Ocni.
1235 3632 1317 3682 etiam

184 3698 330 3764 (Typhoni,
348 3699 439 3762 Marti,
453 3698 525 3764 aliis)
541 3701 727 3751 consecrarint
777 3701 940 3752 Willrineon.
959 3702 1086 3752 Manners
1101 3705 1153 3750 etc.
1175 3702 1198 3752 Ι.
1216 3717 1242 3766 p.
1257 3701 1317 3753 239.

183 3769 299 3834 indeque
317 3785 420 3820 summo
438 3769 501 3820 odio
519 3774 547 3819 et
569 3775 726 3836 contemptu
777 3773 814 3822 11.
833 3787 860 3834 p.
879 3773 912 3823 lii
931 3787 988 3836 seq.

182 3839 318 3904 parsecuti
336 3839 405 3888 sint:
425 3840 496 3890 unde
508 3837 546 3888 nil
560 3841 665 3902 mirum,
683 3842 725 3891 vel
811 3835 880 3890 οὐδὲ
904 3853 954 3904 σφι
979 3833 1149 3890 ἐκδίδοσθαι
1173 3836 1318 3902 θυγατέρα

183 3908 271 3958 adhuc
289 3908 371 3959 talem
389 3910 543 3974 opinionem
563 3909 595 3958 de
611 3925 659 3960 sue
678 3925 725 3974 per
775 3926 800 3959 ιι.
825 3925 849 3959 τ.
871 3909 908 3976 A]
932 3912 972 3961 De
999 3909 1183 3960 locutionibus
1207 3901 1317 3958 ἐκδίδο-

183 3979 311 4027 orientem
333 3993 392 4028 esse
410 3983 598 4044 propagatam.
633 3979 723 4044 Atque
776 3977 845 4028 σθαι
872 3977 1016 4044 θυγατέρα
1043 3984 1070 4029 et
1097 3970 1218 4044 ἄγεσθαι
1243 3979 1316 4030 coni.

182 4047 302 4096 affirmat
327 4047 403 4098 Lana
427 4049 454 4098 iu
482 4047 551 4098 libro
574 4064 656 4113 supra
679 4047 724 4112 (ad
776 4053 833 4098 not.
854 4048 889 4098 ad
905 4050 927 4110 Ι,
946 4049 1043 4100 astu
1068 4051 1110 4101 Or.
1127 4049 1243 4100 conferri
1258 4049 1316 4100 vult

181 4115 218 4176 II,
239 4117 284 4177 37)
303 4116 415 4168 laudato
434 4117 457 4168 I.
477 4134 504 4181 p.
526 4117 591 4178 112,
615 4133 723 4169 caruem
774 4117 916 4169 Heindorf.
947 4119 981 4168 ad
1011 4118 1118 4169 Pluton.
1144 4118 1226 4181 Gorg.
1251 4135 1315 4185 pag.

181 4184 374 4235 suilemadhuc
385 4186 725 4238 severeinterdiotamesse
774 4187 835 4237 2211.
854 4213 889 4226 κ-
907 4189 960 4238 Ριο
980 4177 1141 4238 ίκδίδουται
1160 4194 1187 4238 et
1199 4182 1317 4253 ἄγονται

181 4253 214 4302 iis
234 4254 352 4318 Aegypti
370 4256 480 4318 incolis,
503 4258 548 4321 qni
569 4257 723 4307 Mohsmedi
774 4256 899 4321 Schwgh.
920 4263 947 4308 ct
968 4257 1054 4308 Gais'i.
1074 4273 1106 4307 ex
1126 4273 1179 4308 uno
1192 4260 1261 4309 libro
1274 4275 1314 4309 re·

182 4337 261 4371 sacra
282 4329 440 4387 sequuntur.
485 4325 555 4376 Add.
582 4325 721 4389 Gbillany:
774 4317 1077 4389 ιερειιιοίὲιιδιδόαται
1094 4320 1316 4394 atquedps'utur.

180 4391 387 4457 Menschenopi.
399 4393 425 4444 d.
440 4394 525 4444 Hebr.
544 4411 571 4460 p.
588 4395 646 4447 llll.
660 4395 721 4448 463.
772 4396 904 4461 Equidem
928 4397 1067 4462 vulgatam
1090 4397 1234 4448 lectionem
1256 4398 1317 4448 reli-
