3008 4924
524 314 769 377 EUTERPE.
793 316 835 375 11.
859 325 920 379 143.
1226 317 1286 378 757

153 487 292 577 ἄγχιστα
313 483 547 568 ἀποθανόντος
560 494 617 578 τῆς
632 489 760 570 εἰκόνος
780 489 958 573 διεξιόντες
975 487 1031 559 διά
1046 495 1198 577 πασέων,
1222 495 1286 574 ἕως

153 583 194 664 οὗ
207 590 374 673 ἀπέδεξαν
387 585 517 674 ἁπάσας
531 588 644 672 αὐτός.
671 588 831 688 Ἑκαταίῳ
847 594 883 663 δὲ
898 594 1180 683 γενεηλογήσαντι
1198 597 1282 665 ἑωυ-

152 695 212 766 τόν
226 697 281 765 καὶ
301 691 509 782 ἀναδήσαντι
526 699 559 776 ές
581 698 818 767 ἑκκαιδέκατον
831 694 932 783 θεὸν,
953 695 1285 788 ἀντεγενεηλόγησαν

153 803 207 870 ἐπὶ
227 804 268 891 τῇ
287 793 486 887 ἀριθμήσει,
512 797 554 868 οὐ
573 800 748 890 δεκόμενοι
771 797 851 891 παρ’
874 797 980 870 αὐτοῦ
1003 799 1069 871 ἀπὸ
1083 807 1169 872 θεοῦ
1188 805 1284 890 γενέ-

152 914 235 974 σθαι
250 899 446 991 ἀνθρωπον.
477 897 808 993 ἀντεγενεηλόγησαν
828 904 864 974 δέ
879 893 963 988 aide,
985 904 1129 993 φάμενοι
1144 909 1286 976 ἕκαστον

152 1011 220 1077 τῶν
249 1011 422 1074 κολοσσῶν
441 1013 599 1096 Πίρωμιν
626 1011 662 1076 έκ
683 1007 854 1098 Πιροόμιος
877 1010 1071 1094 γεγονέναι·
1106 1011 1139 1088 ές
1165 1005 1184 1076 δ
1207 1007 1287 1089 τοὺς

153 1113 252 1180 πέντε
273 1110 329 1178 καὶ
351 1109 595 1198 τεσσεράκοντα
616 1113 672 1180 καὶ
687 1117 898 1200 τριηκοσίους
918 1107 1084 1192 ἀπέδεξαν
1106 1110 1287 1194 κολοσσοὺς

153 1221 310 1303 Πίρωμιν
334 1215 371 1282 ἐκ
390 1213 561 1303 Πιροόμιος
582 1213 785 1304 γενόμενον,
814 1215 870 1282 καὶ
892 1210 970 1282 οὔτε
993 1215 1026 1293 ές
1047 1212 1132 1282 θεὸν
1153 1211 1231 1283 οὔτε
1253 1217 1286 1294 ἐς

188 1377 342 1441 διεξιόντες
357 1373 406 1429 διά
419 1377 541 1448 πασέων]
563 1383 693 1434 Imitatus
744 1383 917 1444 HerodoteO,
948 1383 973 1432 si
998 1379 1146 1432 contuleris
1172 1382 1285 1434 Maxim.

153 1455 194 1501 est
211 1450 282 1500 banc
298 1449 463 1501 locutionem
478 1452 630 1503 Pausanias
645 1453 693 1515 IX,
745 1453 810 1517 Tyr.
834 1453 951 1503 Dissert.
981 1451 1065 1514 VIII,
1097 1453 1123 1503 5.
1151 1467 1215 1516 pag.
1237 1451 1286 1504 137

152 1523 195 1572 27.
217 1523 242 1583 §-
262 1522 288 1582 5,
307 1520 354 1570 nbi
371 1520 426 1571 vid.
447 1521 547 1572 Siebel.
573 1524 616 1572 De
633 1523 693 1588 ipso
745 1537 803 1587 seq.
822 1522 932 1584 Reisk.,
951 1523 1029 1572 cuius
1048 1522 1133 1572 verba
1151 1521 1286 1587 insignem

151 1591 235 1640 verbo
261 1582 397 1650 διεξιέναι
420 1591 492 1641 ceni.
512 1591 540 1654 1,
561 1593 611 1645 166
629 1592 694 1658 ibiq.
745 1591 945 1658 Aegyptiarum
972 1591 1196 1656 Graecarumque
1224 1591 1287 1642 reli-

152 1665 210 1710 not.
247 1658 288 1708 Ad
306 1655 419 1708 πασέων
436 1659 526 1725 suppl.
548 1659 604 1710 τόν
623 1656 696 1711 clad·
725 1660 859 1727 'gionum
877 1659 976 1711 indolis
995 1660 1222 1724 significationem
1240 1661 1288 1712 ba·

153 1743 221 1778 νων.
257 1727 299 1778 Ad
322 1743 399 1793 seqq.
423 1722 475 1786 ἓως
493 1718 529 1780 cri
553 1721 695 1791 ἀπέδεξαν
746 1731 821 1781 bont.
841 1731 900 1780 Iam
911 1731 970 1796 quis
980 1729 1096 1794 dubitet,
1106 1731 1285 1793 Hecataeum,

153 1798 225 1848 coni.
245 1797 337 1848 Struv.
349 1797 430 1862 Spec.
451 1803 559 1863 quaest.
579 1800 612 1850 de
628 1800 693 1852 dini.
748 1801 794 1866 qui
815 1801 886 1851 damn
904 1799 972 1850 adeo
991 1799 1096 1850 fecerat
1114 1801 1223 1864 generis
1242 1802 1287 1850 sui

153 1866 256 1918 Herod.
275 1867 298 1916 Ia
312 1881 376 1932 pag.
388 1865 431 1918 43.
451 1869 494 1931 «14,
526 1883 586 1919 uam
604 1870 627 1919 si
647 1885 695 1920 au·
744 1865 917 1934 ἀρχηγέτην,
953 1869 987 1920 de
1019 1869 1130 1934 reliquis
1159 1868 1288 1935 deinceps

153 1937 231 1998 dias,
256 1935 427 1986 scribendum
446 1884 543 1994 eritdc
564 1927 595 2002 ὃ,
623 1939 695 2004 quod
745 1940 894 1989 maioribus
913 1939 970 1988 suis
989 1939 1055 1988 item
1068 1937 1286 2002 magnificentius

153 2006 339 2124 perglibrqriqs
350 2007 696 2128 ffePiUzJ¹⁸¹¹⁸f⁰¹÷¹¹⁸tffl¹l
746 2009 954 2127 essqloqntum,
973 2013 1003 2058 ut
1021 2007 1175 2126 eosllsaltqm
1189 2008 1287 2128 Ιᾶοηοοε

153 2093 182 2126 ιιι
216 2089 282 2132 εον
319 2091 354 2128 aa
375 2091 416 2125 em
439 2092 521 2126 cram
543 2093 571 2126 m
604 2094 641 2136 ως
660 2093 693 2127 ου
745 2094 777 2128 ac
825 2091 969 2140 ρειτονας
995 2093 1012 2126 a
1051 2093 1156 2128 aare.
1215 2093 1288 2129 urus-

153 2144 261 2196 abierit.
287 2145 413 2195 Recentt.
433 2146 492 2196 edd.
512 2147 574 2196 inde
593 2149 694 2198 aBek-
745 2147 818 2198 modi
828 2148 946 2197 orationi
956 2094 1111 2198 saceddotes
1120 2147 1188 2196 nihil
1196 2149 1288 2212 aptius

152 2217 218 2265 kero
237 2215 407 2280 scripserunt
424 2203 451 2271 ἒς
469 2205 500 2278 ὃ,
518 2216 591 2282 qnod
611 2217 694 2266 etiam
744 2233 882 2283 apponere
913 2221 1054 2281 poterant,
1092 2233 1171 2283 quam
1201 2217 1286 2268 iliud:

155 2285 200 2336 bic
223 2285 319 2350 reponi
343 2285 419 2334 iubet
436 2286 554 2337 Bredov.
579 2304 605 2352 p.
631 2287 692 2338 283.
746 2288 895 2349 ‚‚„Horum
910 2287 1079 2350 pontificum,
1096 2288 1288 2352 quorumima-

152 2355 285 2420 Equidem
303 2353 432 2406 librorum
455 2357 619 2422 scriptorum
638 2373 693 2406 om·
744 2358 822 2422 ginon
852 2356 986 2420 adspicis,
1018 2357 1207 2422 unusquisque
1233 2357 1288 2407 init

153 2427 228 2474 nium
262 2424 456 2475 auctoritatem
486 2427 565 2492 sequi
599 2427 693 2477 malui.
742 2429 781 2476 eir
798 2427 923 2491 quantivis
939 2417 1024 2482 καλὸς
1039 2417 1182 2490 κάγαθὸς,
1200 2442 1289 2490 neque

153 2496 214 2556 Qua
233 2494 327 2545 eadem
350 2509 487 2546 excausa
511 2497 539 2546 iu
558 2511 632 2562 seqq.
653 2511 693 2548 re·
745 2501 836 2546 tamen
860 2511 1021 2561 quemquam
1045 2494 1162 2546 dicimus
1185 2511 1217 2545 ex
1237 2495 1288 2546 deo

151 2564 218 2630 liqui
241 2554 406 2628 ἀριθμήσει,
433 2567 506 2630 quod
530 2566 646 2617 Bekker.
667 2572 695 2616 et
744 2565 788 2616 vel
816 2581 848 2616 ex
875 2565 956 2615 hereb
983 2580 1043 2616 esse
1071 2565 1287 2631 generatum.““

152 2635 236 2684 ceteri
255 2633 315 2685 edd.
334 2634 362 2684 in
380 2623 519 2700 ἀριθμήσι
544 2640 694 2699 mutarunt,
744 2636 863 2688 Attouda
873 2640 1005 2684 extrema:
1017 2625 1082 2685 οὔτε
1093 2625 1121 2692 ές
1132 2626 1213 2697 θεόν,
1225 2625 1289 2684 οὔτε

152 2705 288 2769 probante
303 2703 399 2769 utique
416 2705 532 2756 Bredov.
552 2724 579 2773 p.
597 2707 657 2758 266.
745 2696 774 2762 ές
792 2693 873 2769 ἥρωα
898 2695 1041 2768 ἀνέδησαν
1064 2695 1178 2761 αάτοός.
1214 2703 1289 2754 Nihil

185 2769 233 2821 ani
251 2763 426 2837 ἀναδήσαντι
442 2765 469 2831 ές
487 2803 520 2812 -
535 2767 616 2856 θεὸν]
636 2777 693 2826 Μο-
744 2776 829 2840 igitur
845 2774 960 2834 certine,
996 2789 1077 2838 quam
1108 2775 1288 2835 Hecataeum,

151 2847 198 2892 net
214 2842 346 2895 Valcken.
360 2833 501 2908 ἀναδῆσαι
518 2834 637 2905 (ἕωιιτον
667 2835 695 2901 ές
746 2845 792 2910 qni
807 2843 885 2893 deum
898 2847 1036 2893 auctorem
1051 2844 1095 2892 sui
1108 2844 1215 2907 generis
1227 2857 1288 2906 pro·

151 2901 224 2959 θεόν
252 2911 324 2960 idcm
349 2925 410 2960 esse
436 2917 519 2977 atque
549 2905 580 2962 τὸ
612 2927 695 2978 γενος
746 2915 846 2974 ferret,
865 2913 957 2962 Ιιετοαι
975 2913 1057 2961 etiam
1078 2912 1148 2960 inter
1165 2911 1288 2960 Milesios

152 2973 193 3035 εἰς
211 2971 283 3029 θεὸν
300 2973 457 3042 ἀναφέρειν
475 2981 504 3044 (ἰ.
524 2997 546 3032 e.
567 2985 693 3046 ονίγέπεια,
747 2999 812 3032 suos
831 2983 948 3032 maiores
967 2983 1096 3042 iactasse,
1115 2979 1174 3028 sire
1190 2974 1289 3038 Κρείτ-

151 3053 253 3111 stirpem
270 3049 307 3098 ad
323 3049 394 3098 ἀνιαα
410 3051 512 3114 referre
530 3053 695 3101 καταστε-
746 3065 841 3108 τονας.
878 3049 982 3114 Quibus
1006 3049 1078 3099 salsa
1096 3048 1229 3098 Thebaici
1247 3063 1289 3096 sa-

149 3116 264 3182 petere),
292 3118 349 3167 sive
378 3119 460 3169 etiam
488 3118 601 3185 (omissa
628 3136 696 3171 voce
746 3121 869 3172 cerdotes
905 3119 1088 3170 obtundebant
1122 3117 1183 3167 illos
1215 3131 1288 3180 suos,

152 3180 246 3252 γένος)
279 3176 435 3250 ἀναφέρειν
462 3183 503 3247 εἰς
525 3181 607 3238 θεόν.
645 3191 695 3240 Cui
746 3205 814 3256 quos
844 3187 1031 3240 tantummodo
1057 3177 1187 3252 ἀγαθοὺς
1217 3187 1288 3237 dice-

152 3258 273 3322 proxime
302 3256 432 3308 accedere
460 3259 501 3308 ait
528 3249 637 3322 ἀνάψαι
664 3251 695 3308 τὸ
745 3261 822 3310 baut.
841 3287 876 3299 ·—
894 3260 970 3321 Quae
987 3273 1048 3308 cum
1066 3258 1107 3307 ita
1118 3258 1183 3319 sint,
1202 3257 1287 3307 Here-

153 3319 234 3391 γένος
256 3320 297 3383 εἰς
321 3327 379 3376 Δία
403 3327 430 3376 in
456 3327 616 3379 Philostrat.
642 3331 694 3380 rit.
747 3329 841 3380 dotum
860 3343 970 3394 prorsus
990 3332 1119 3378 accurate
1137 3325 1289 3392 explicasse

39 3440 48 3449 .
153 3395 244 3460 Apoll.
264 3395 294 3456 Ῑ,
313 3397 340 3445 4·
747 3399 862 3450 dixerim
879 3397 1078 3464 aegyptiacum
1100 3395 1168 3448 illud
1194 3395 1290 3459 Πέρω-

189 3463 319 3527 Πέρωμιν
337 3453 367 3512 ἐκ
381 3456 527 3528 Πιροόμιος
541 3459 694 3531 γενόμενον
745 3467 822 3532 W
856 3468 946 3533 Atque
970 3467 1133 3528 Lacrouias,
1156 3465 1291 3516 referente

153 3551 178 3584 κ.
190 3549 212 3584 τ.
223 3532 256 3600 b]
270 3536 313 3584 De
322 3533 373 3583 boe
382 3533 443 3584 loco
452 3538 557 3586 monuit
567 3537 693 3588 Creuzcr.
745 3538 892 3599 Lambere,
911 3553 971 3588 cum
990 3537 1125 3602 Aegyptio
1143 3534 1228 3585 bocce
1242 3551 1290 3585 no-

153 3604 254 3655 Comm.
274 3603 395 3654 Herodd.
415 3621 479 3670 pag.
498 3605 563 3656 203:
594 3607 693 3670 „Quod
745 3611 818 3658 mine
847 3609 929 3658 etiam
961 3607 1088 3656 Indorum
1119 3607 1290 3671 comparavit

154 3673 332 3726 lablonskine
351 3671 490 3740 (Prolegg.
510 3676 692 3742 adPanth.p.
746 3673 1174 3740 Biroamas,Bra1nan(Br'rma).
1212 3672 1290 3723 Adde

152 3744 187 3798 38
197 3745 316 3809 itemque
326 3744 643 3812 inV0cc.Aegg.p.204)
653 3747 696 3798 Pi·
746 3765 779 3799 ex
795 3745 971 3811 Wesselingii
997 3744 1032 3795 ad
1050 3745 1077 3795 h.
1095 3744 1115 3793 l.
1134 3747 1209 3805 nota,
1227 3743 1289 3792 Kir-

152 3819 236 3876 remer',
252 3813 635 3880 i.e.sacientem,qnocliusaem
648 3824 694 3878 cst,
746 3818 827 3870 chero
853 3817 1029 3878 observante,
1055 3811 1168 3876 Πίρωμι
1193 3811 1290 3877 Captis

153 3885 188 3934 ab
196 3883 337 3934 Herodoto
353 3883 492 3934 confusam
510 3899 570 3935 esse
589 3885 695 3936 dixerat
746 3903 806 3938 esse
821 3888 899 3936 viram
915 3886 1019 3946 fortan,
1037 3883 1148 3938 beroem:
1163 3879 1232 3930 alibi
1249 3885 1290 3932 ta-

154 3969 214 4004 cnm
225 3955 327 4016 Piromi,
347 3953 365 4003 i.
386 3970 409 4005 a.
424 3954 526 4018 bomine,
545 3955 571 4004 ei
589 3960 695 4006 senten·
746 3972 807 4007 meu
819 3954 981 4021 simpliciter
992 3956 1078 4008 vinca.
1095 3951 1212 4001 bominem
1231 3951 1291 4000 eine

154 4026 210 4073 tiae
232 4023 399 4088 suffragatur
426 4025 523 4077 Gesen.
551 4025 585 4075 ad
611 4025 695 4076 Iesai.
746 4025 803 4076 ullo
821 4025 886 4076 boni
903 4022 1004 4074 malive
1017 4022 1214 4072 additamento.
1250 4020 1290 4070 Ac

153 4093 230 4153 XIX,
258 4093 299 4143 ll.
322 4109 349 4158 p.
371 4093 423 4146 620
440 4099 513 4156 not,
539 4095 696 4162 obloquitur
746 4098 897 4160 nuperrime
910 4110 943 4144 ex
956 4091 1094 4143 Welckeri
1112 4088 1235 4156 prolegg.
1253 4089 1290 4141 ad

153 4161 315 4224 Larcberns,
333 4163 416 4228 idque
432 4165 478 4214 vix
496 4163 554 4214 fieri
574 4166 696 4231 potuisse
746 4163 899 4231 Theognid.
912 4178 976 4228 pag.
991 4161 1082 4212 XXIV
1096 4161 1204 4210 notarit
1217 4159 1289 4210 Hee-

154 4231 182 4280 in
207 4231 341 4283 vocabulo
364 4237 419 4282 tarn
446 4232 559 4299 vulgato
586 4240 696 4285 conten·
746 4231 950 4296 renins(1deen
967 4231 1005 4294 11,
1024 4233 1051 4282 2.
1070 4245 1133 4296 pag.
1155 4228 1215 4308 1228)
1234 4229 1289 4279 He-

154 4300 203 4352 dit.
240 4301 333 4364 Recte,
354 4303 459 4367 siquid
479 4303 569 4355 rideo.
597 4305 637 4354 Ac
655 4303 695 4354 lu·
746 4292 1214 4365 τοδοιεαενοοοεκαλὸςκάγαθος,
1232 4299 1290 4364 qui·

154 4385 212 4420 cern
229 4369 346 4423 arbitror
364 4372 453 4423 afferri
466 4373 695 4442 possohuiclocn
746 4373 798 4424 bus
818 4373 984 4440 Aegyptium
1008 4385 1106 4421 nomen
1129 4367 1289 4435 explicetur,
