<?xml version="1.0" encoding="UTF-8"?>
<!DOCTYPE html PUBLIC "-//W3C//DTD XHTML 1.0 Transitional//EN"
    "http://www.w3.org/TR/xhtml1/DTD/xhtml1-transitional.dtd">
<html xmlns="http://www.w3.org/1999/xhtml" xml:lang="en" lang="en">
 <head>
  <title>
</title>
<meta http-equiv="Content-Type" content="text/html;charset=utf-8" />
  <meta name='ocr-system' content='tesseract 3.04.00' />
  <meta name='ocr-capabilities' content='ocr_page ocr_carea ocr_par ocr_line ocrx_word'/>
</head>
<body>
  <div class='ocr_page' id='page_1' title='image "./herodotihalicar00bhgoog_0867.png"; bbox 0 0 3020 4930; ppageno 0'>
   <div class='ocr_carea' id='block_1_1' title="bbox 228 219 961 288">
    <p class='ocr_par' dir='ltr' id='par_1_1' title="bbox 228 219 961 288">
     <span class='ocr_line' id='line_1_1' title="bbox 228 219 961 288; baseline -0.008 -1"><span class='ocrx_word' id='word_1_1' title='bbox 228 223 290 288; x_wconf 77' lang='lat'><strong>840</strong></span> <span class='ocrx_word' id='word_1_2' title='bbox 609 219 881 283; x_wconf 81' lang='lat' dir='ltr'><strong>EXOURSUS</strong></span> <span class='ocrx_word' id='word_1_3' title='bbox 910 221 961 281; x_wconf 89' lang='grc' dir='ltr'><strong>ΠΙ</strong></span> 
     </span>
    </p>
   </div>
   <div class='ocr_carea' id='block_1_2' title="bbox 229 389 1365 2424">
    <p class='ocr_par' dir='ltr' id='par_1_2' title="bbox 229 389 1365 2424">
     <span class='ocr_line' id='line_1_2' title="bbox 235 389 1365 466; baseline -0.004 -14"><span class='ocrx_word' id='word_1_4' title='bbox 235 405 301 452; x_wconf 83' lang='lat' dir='ltr'><strong>sunt</strong></span> <span class='ocrx_word' id='word_1_5' title='bbox 321 397 363 450; x_wconf 88' lang='lat' dir='ltr'><strong>his</strong></span> <span class='ocrx_word' id='word_1_6' title='bbox 387 395 498 463; x_wconf 77' lang='lat' dir='ltr'>similia,</span> <span class='ocrx_word' id='word_1_7' title='bbox 521 395 567 448; x_wconf 93' lang='lat' dir='ltr'><strong>alii</strong></span> <span class='ocrx_word' id='word_1_8' title='bbox 587 389 789 466; x_wconf 84' lang='lat' dir='ltr'><strong>respiciunt*).</strong></span> <span class='ocrx_word' id='word_1_9' title='bbox 823 393 934 458; x_wconf 78' lang='lat' dir='ltr'><strong>Quibus</strong></span> <span class='ocrx_word' id='word_1_10' title='bbox 950 393 1004 446; x_wconf 86' lang='lat' dir='ltr'><strong>alia</strong></span> <span class='ocrx_word' id='word_1_11' title='bbox 1022 393 1088 446; x_wconf 81' lang='lat' dir='ltr'><strong>laaeo</strong></span> <span class='ocrx_word' id='word_1_12' title='bbox 1106 394 1172 448; x_wconf 85' lang='lat' dir='ltr'><strong>bina</strong></span> <span class='ocrx_word' id='word_1_13' title='bbox 1192 409 1267 448; x_wconf 90' lang='lat' dir='ltr'><strong>nunc</strong></span> <span class='ocrx_word' id='word_1_14' title='bbox 1287 395 1365 449; x_wconf 80' lang='lat' dir='ltr'>addit</span> 
     </span>
     <span class='ocr_line' id='line_1_3' title="bbox 235 479 1363 552; baseline -0.004 -14"><span class='ocrx_word' id='word_1_15' title='bbox 235 487 393 552; x_wconf 76' lang='lat' dir='ltr'><strong>Creuacrua,</strong></span> <span class='ocrx_word' id='word_1_16' title='bbox 420 499 491 552; x_wconf 88' lang='lat' dir='ltr'><strong>quae</strong></span> <span class='ocrx_word' id='word_1_17' title='bbox 516 499 567 552; x_wconf 89' lang='lat' dir='ltr'><strong>pro</strong></span> <span class='ocrx_word' id='word_1_18' title='bbox 586 480 728 534; x_wconf 82' lang='lat' dir='ltr'><strong>Herodoto</strong></span> <span class='ocrx_word' id='word_1_19' title='bbox 751 497 877 550; x_wconf 88' lang='lat' dir='ltr'><strong>pugnare</strong></span> <span class='ocrx_word' id='word_1_20' title='bbox 903 479 1098 550; x_wconf 88' lang='lat' dir='ltr'><strong>quodammodo</strong></span> <span class='ocrx_word' id='word_1_21' title='bbox 1120 497 1180 532; x_wconf 91' lang='lat' dir='ltr'><strong>cum</strong></span> <span class='ocrx_word' id='word_1_22' title='bbox 1207 481 1363 550; x_wconf 81' lang='lat' dir='ltr'><strong>videantur,</strong></span> 
     </span>
     <span class='ocr_line' id='line_1_4' title="bbox 234 563 1363 636; baseline -0.003 -15"><span class='ocrx_word' id='word_1_23' title='bbox 234 568 340 622; x_wconf 81' lang='lat' dir='ltr'><strong>minime</strong></span> <span class='ocrx_word' id='word_1_24' title='bbox 360 566 405 620; x_wconf 90' lang='lat' dir='ltr'><strong>ille</strong></span> <span class='ocrx_word' id='word_1_25' title='bbox 426 565 572 636; x_wconf 86' lang='lat' dir='ltr'><strong>praeteriri</strong></span> <span class='ocrx_word' id='word_1_26' title='bbox 588 565 658 619; x_wconf 82' lang='lat' dir='ltr'><strong>vult.</strong></span> <span class='ocrx_word' id='word_1_27' title='bbox 694 566 748 618; x_wconf 86' lang='lat' dir='ltr'><strong>Est</strong></span> <span class='ocrx_word' id='word_1_28' title='bbox 762 565 932 635; x_wconf 81' lang='lat' dir='ltr'><strong>Theopompi</strong></span> <span class='ocrx_word' id='word_1_29' title='bbox 951 565 1029 617; x_wconf 89' lang='lat' dir='ltr'><strong>locus</strong></span> <span class='ocrx_word' id='word_1_30' title='bbox 1051 583 1084 617; x_wconf 87' lang='lat' dir='ltr'><strong>ex</strong></span> <span class='ocrx_word' id='word_1_31' title='bbox 1101 563 1148 617; x_wconf 92' lang='lat' dir='ltr'><strong>lib.</strong></span> <span class='ocrx_word' id='word_1_32' title='bbox 1161 564 1223 618; x_wconf 92' lang='lat' dir='ltr'><strong>XXl</strong></span> <span class='ocrx_word' id='word_1_33' title='bbox 1241 565 1363 636; x_wconf 88' lang='lat' dir='ltr'><strong>Philipp.</strong></span> 
     </span>
     <span class='ocr_line' id='line_1_5' title="bbox 233 650 1364 724; baseline -0.002 -18"><span class='ocrx_word' id='word_1_34' title='bbox 233 653 306 724; x_wconf 92' lang='lat' dir='ltr'><strong>apud</strong></span> <span class='ocrx_word' id='word_1_35' title='bbox 322 651 491 705; x_wconf 74' lang='lat' dir='ltr'><strong>Athenaeum</strong></span> <span class='ocrx_word' id='word_1_36' title='bbox 508 651 570 703; x_wconf 90' lang='lat' dir='ltr'><strong>Xll.</strong></span> <span class='ocrx_word' id='word_1_37' title='bbox 584 669 612 720; x_wconf 90' lang='lat' dir='ltr'><strong>p.</strong></span> <span class='ocrx_word' id='word_1_38' title='bbox 625 654 677 710; x_wconf 76' lang='lat'><strong>526</strong></span> <span class='ocrx_word' id='word_1_39' title='bbox 691 655 754 703; x_wconf 88' lang='lat' dir='ltr'><strong>tom.</strong></span> <span class='ocrx_word' id='word_1_40' title='bbox 768 651 815 701; x_wconf 92' lang='lat' dir='ltr'><strong>lV.</strong></span> <span class='ocrx_word' id='word_1_41' title='bbox 832 669 858 720; x_wconf 87' lang='lat' dir='ltr'><strong>p.</strong></span> <span class='ocrx_word' id='word_1_42' title='bbox 872 653 924 710; x_wconf 75' lang='lat'><strong>457</strong></span> <span class='ocrx_word' id='word_1_43' title='bbox 936 650 1108 718; x_wconf 67' lang='lat' dir='ltr'><strong>Schmigh,</strong></span> <span class='ocrx_word' id='word_1_44' title='bbox 1130 651 1176 704; x_wconf 90' lang='lat' dir='ltr'><strong>ubi</strong></span> <span class='ocrx_word' id='word_1_45' title='bbox 1199 651 1264 704; x_wconf 87' lang='lat' dir='ltr'><strong>baec</strong></span> <span class='ocrx_word' id='word_1_46' title='bbox 1284 652 1364 704; x_wconf 83' lang='lat' dir='ltr'><strong>inve-</strong></span> 
     </span>
     <span class='ocr_line' id='line_1_6' title="bbox 234 729 1364 808; baseline -0.001 -17"><span class='ocrx_word' id='word_1_47' title='bbox 234 739 338 791; x_wconf 80' lang='lat' dir='ltr'>nimus:</span> <span class='ocrx_word' id='word_1_48' title='bbox 359 732 391 791; x_wconf 84' lang='grc' dir='ltr'><strong><em>τὸ</em></strong></span> <span class='ocrx_word' id='word_1_49' title='bbox 406 737 462 790; x_wconf 77' lang='grc' dir='ltr'><strong>τῶν</strong></span> <span class='ocrx_word' id='word_1_50' title='bbox 472 730 628 808; x_wconf 77' lang='grc' dir='ltr'><strong><em>Ὀμβρικῶν</em></strong></span> <span class='ocrx_word' id='word_1_51' title='bbox 642 731 742 804; x_wconf 73' lang='grc' dir='ltr'><strong><em>ἔθνος,</em></strong></span> <span class='ocrx_word' id='word_1_52' title='bbox 757 731 812 790; x_wconf 73' lang='grc' dir='ltr'><strong><em>ἔστι</em></strong></span> <span class='ocrx_word' id='word_1_53' title='bbox 827 731 857 790; x_wconf 73' lang='lat' dir='ltr'><strong>db</strong></span> <span class='ocrx_word' id='word_1_54' title='bbox 871 733 934 804; x_wconf 76' lang='lat' dir='ltr'><strong>napi</strong></span> <span class='ocrx_word' id='word_1_55' title='bbox 948 730 999 789; x_wconf 84' lang='grc' dir='ltr'><strong>τὸν</strong></span> <span class='ocrx_word' id='word_1_56' title='bbox 1008 729 1133 806; x_wconf 76' lang='grc' dir='ltr'><strong><em>Ἀδρίαν,</em></strong></span> <span class='ocrx_word' id='word_1_57' title='bbox 1148 730 1276 799; x_wconf 74' lang='grc' dir='ltr'><strong>ἐπιεικῶς</strong></span> <span class='ocrx_word' id='word_1_58' title='bbox 1290 733 1364 791; x_wconf 76' lang='grc' dir='ltr'><strong><em>εἶναι</em></strong></span> 
     </span>
     <span class='ocr_line' id='line_1_7' title="bbox 230 815 1364 896; baseline -0.004 -18"><span class='ocrx_word' id='word_1_59' title='bbox 230 817 417 896; x_wconf 77' lang='grc' dir='ltr'><strong><em>ἁβροδίαιτον,</em></strong></span> <span class='ocrx_word' id='word_1_60' title='bbox 432 823 627 892; x_wconf 76' lang='grc' dir='ltr'><strong><em>παραπλησίως</em></strong></span> <span class='ocrx_word' id='word_1_61' title='bbox 641 840 670 876; x_wconf 80' lang='grc' dir='ltr'><strong>τε</strong></span> <span class='ocrx_word' id='word_1_62' title='bbox 685 815 868 894; x_wconf 71' lang='grc' dir='ltr'><strong><em>βιοτεύειν</em></strong></span> <span class='ocrx_word' id='word_1_63' title='bbox 884 825 956 882; x_wconf 81' lang='grc' dir='ltr'><strong><em>τοῖς</em></strong></span> <span class='ocrx_word' id='word_1_64' title='bbox 971 821 1111 884; x_wconf 77' lang='grc' dir='ltr'><strong><em>Λυδοῖς.</em></strong></span> <span class='ocrx_word' id='word_1_65' title='bbox 1139 821 1195 874; x_wconf 88' lang='lat' dir='ltr'><strong>lam</strong></span> <span class='ocrx_word' id='word_1_66' title='bbox 1207 840 1273 874; x_wconf 83' lang='lat' dir='ltr'><strong>vero</strong></span> <span class='ocrx_word' id='word_1_67' title='bbox 1285 840 1364 875; x_wconf 87' lang='lat' dir='ltr'><strong>nemo</strong></span> 
     </span>
     <span class='ocr_line' id='line_1_8' title="bbox 233 898 1364 978; baseline -0.001 -17"><span class='ocrx_word' id='word_1_68' title='bbox 233 909 338 976; x_wconf 88' lang='lat' dir='ltr'><strong>nescit,</strong></span> <span class='ocrx_word' id='word_1_69' title='bbox 356 925 436 978; x_wconf 89' lang='lat' dir='ltr'><strong>quam</strong></span> <span class='ocrx_word' id='word_1_70' title='bbox 452 907 505 959; x_wconf 88' lang='lat' dir='ltr'><strong>late</strong></span> <span class='ocrx_word' id='word_1_71' title='bbox 528 907 650 977; x_wconf 88' lang='lat' dir='ltr'><strong>patuerit</strong></span> <span class='ocrx_word' id='word_1_72' title='bbox 664 923 761 960; x_wconf 88' lang='lat' dir='ltr'><strong>nomen</strong></span> <span class='ocrx_word' id='word_1_73' title='bbox 772 898 927 978; x_wconf 78' lang='grc' dir='ltr'><strong><em>Ὀμβρικῶν</em></strong></span> <span class='ocrx_word' id='word_1_74' title='bbox 942 906 1112 976; x_wconf 87' lang='lat' dir='ltr'><strong>Theopompi</strong></span> <span class='ocrx_word' id='word_1_75' title='bbox 1126 913 1231 974; x_wconf 84' lang='lat' dir='ltr'><strong>aetate,</strong></span> <span class='ocrx_word' id='word_1_76' title='bbox 1254 913 1285 959; x_wconf 90' lang='lat' dir='ltr'><strong>ut</strong></span> <span class='ocrx_word' id='word_1_77' title='bbox 1299 925 1364 977; x_wconf 88' lang='lat' dir='ltr'><strong>pro-</strong></span> 
     </span>
     <span class='ocr_line' id='line_1_9' title="bbox 233 991 1365 1063; baseline -0.002 -17"><span class='ocrx_word' id='word_1_78' title='bbox 233 994 297 1046; x_wconf 86' lang='lat' dir='ltr'><strong>inde</strong></span> <span class='ocrx_word' id='word_1_79' title='bbox 309 995 415 1049; x_wconf 82' lang='lat' dir='ltr'><strong>Etrusci</strong></span> <span class='ocrx_word' id='word_1_80' title='bbox 429 993 471 1045; x_wconf 88' lang='lat' dir='ltr'><strong>his</strong></span> <span class='ocrx_word' id='word_1_81' title='bbox 487 992 678 1063; x_wconf 87' lang='lat' dir='ltr'><strong>comprehendi</strong></span> <span class='ocrx_word' id='word_1_82' title='bbox 692 991 820 1044; x_wconf 84' lang='lat' dir='ltr'><strong>debeant.</strong></span> <span class='ocrx_word' id='word_1_83' title='bbox 849 991 972 1046; x_wconf 82' lang='lat' dir='ltr'><strong>Alterum</strong></span> <span class='ocrx_word' id='word_1_84' title='bbox 986 991 1053 1043; x_wconf 94' lang='lat' dir='ltr'><strong>illud</strong></span> <span class='ocrx_word' id='word_1_85' title='bbox 1069 997 1126 1059; x_wconf 87' lang='lat' dir='ltr'><strong>est,</strong></span> <span class='ocrx_word' id='word_1_86' title='bbox 1144 991 1218 1061; x_wconf 92' lang='lat' dir='ltr'><strong>quod</strong></span> <span class='ocrx_word' id='word_1_87' title='bbox 1228 991 1365 1060; x_wconf 87' lang='lat' dir='ltr'><strong>Sibyllina</strong></span> 
     </span>
     <span class='ocr_line' id='line_1_10' title="bbox 231 1077 1364 1139; baseline -0.001 -8"><span class='ocrx_word' id='word_1_88' title='bbox 231 1079 414 1132; x_wconf 86' lang='lat' dir='ltr'><strong>Romanorum</strong></span> <span class='ocrx_word' id='word_1_89' title='bbox 433 1077 544 1132; x_wconf 88' lang='lat' dir='ltr'><strong>oracula</strong></span> <span class='ocrx_word' id='word_1_90' title='bbox 563 1077 695 1130; x_wconf 90' lang='lat' dir='ltr'><strong>iubebant</strong></span> <span class='ocrx_word' id='word_1_91' title='bbox 711 1077 817 1130; x_wconf 86' lang='lat' dir='ltr'><strong>ldaeam</strong></span> <span class='ocrx_word' id='word_1_92' title='bbox 834 1083 943 1130; x_wconf 84' lang='lat' dir='ltr'><strong>matrem</strong></span> <span class='ocrx_word' id='word_1_93' title='bbox 957 1077 1025 1139; x_wconf 81' lang='lat' dir='ltr'><strong>coli,</strong></span> <span class='ocrx_word' id='word_1_94' title='bbox 1050 1084 1080 1128; x_wconf 94' lang='lat' dir='ltr'><strong>ut</strong></span> <span class='ocrx_word' id='word_1_95' title='bbox 1094 1083 1190 1129; x_wconf 78' lang='lat' dir='ltr'><strong>auctor</strong></span> <span class='ocrx_word' id='word_1_96' title='bbox 1205 1081 1249 1128; x_wconf 90' lang='lat' dir='ltr'><strong>est</strong></span> <span class='ocrx_word' id='word_1_97' title='bbox 1264 1077 1364 1130; x_wconf 83' lang='lat' dir='ltr'><strong>Livius</strong></span> 
     </span>
     <span class='ocr_line' id='line_1_11' title="bbox 231 1159 1364 1233; baseline -0.003 -16"><span class='ocrx_word' id='word_1_98' title='bbox 231 1163 353 1230; x_wconf 82' lang='lat' dir='ltr'>XXXIX,</span> <span class='ocrx_word' id='word_1_99' title='bbox 366 1171 408 1224; x_wconf 83' lang='lat'><strong>10.</strong></span> <span class='ocrx_word' id='word_1_100' title='bbox 432 1163 523 1232; x_wconf 74' lang='lat' dir='ltr'><strong>Atque</strong></span> <span class='ocrx_word' id='word_1_101' title='bbox 539 1163 618 1216; x_wconf 89' lang='lat' dir='ltr'><strong>etiam</strong></span> <span class='ocrx_word' id='word_1_102' title='bbox 634 1163 722 1214; x_wconf 87' lang='lat' dir='ltr'><strong>Varro</strong></span> <span class='ocrx_word' id='word_1_103' title='bbox 743 1166 800 1233; x_wconf 88' lang='lat' dir='ltr'><strong>(ap.</strong></span> <span class='ocrx_word' id='word_1_104' title='bbox 819 1161 945 1214; x_wconf 81' lang='lat' dir='ltr'><strong>Serrium</strong></span> <span class='ocrx_word' id='word_1_105' title='bbox 962 1163 988 1214; x_wconf 94' lang='lat' dir='ltr'><strong>in</strong></span> <span class='ocrx_word' id='word_1_106' title='bbox 1002 1161 1080 1229; x_wconf 86' lang='lat' dir='ltr'><strong>Virg.</strong></span> <span class='ocrx_word' id='word_1_107' title='bbox 1097 1160 1166 1214; x_wconf 74' lang='lat' dir='ltr'><strong>Aen.</strong></span> <span class='ocrx_word' id='word_1_108' title='bbox 1185 1159 1232 1228; x_wconf 88' lang='lat' dir='ltr'><strong>Vl,</strong></span> <span class='ocrx_word' id='word_1_109' title='bbox 1248 1163 1297 1228; x_wconf 85' lang='grc'><strong>36)</strong></span> <span class='ocrx_word' id='word_1_110' title='bbox 1319 1162 1364 1214; x_wconf 87' lang='lat' dir='ltr'><strong>Si-</strong></span> 
     </span>
     <span class='ocr_line' id='line_1_12' title="bbox 231 1247 1362 1318; baseline 0 -18"><span class='ocrx_word' id='word_1_111' title='bbox 231 1249 330 1316; x_wconf 86' lang='lat' dir='ltr'><strong>byllam</strong></span> <span class='ocrx_word' id='word_1_112' title='bbox 351 1249 435 1316; x_wconf 93' lang='lat' dir='ltr'><strong>illam,</strong></span> <span class='ocrx_word' id='word_1_113' title='bbox 459 1265 529 1318; x_wconf 89' lang='lat' dir='ltr'><strong>quae</strong></span> <span class='ocrx_word' id='word_1_114' title='bbox 547 1247 701 1318; x_wconf 85' lang='lat' dir='ltr'><strong>Tarquinio</strong></span> <span class='ocrx_word' id='word_1_115' title='bbox 725 1247 836 1299; x_wconf 82' lang='lat' dir='ltr'><strong>oraculo</strong></span> <span class='ocrx_word' id='word_1_116' title='bbox 854 1247 1006 1312; x_wconf 80' lang='lat' dir='ltr'><strong>obtulerat,</strong></span> <span class='ocrx_word' id='word_1_117' title='bbox 1029 1265 1080 1315; x_wconf 88' lang='lat' dir='ltr'><strong>pro</strong></span> <span class='ocrx_word' id='word_1_118' title='bbox 1103 1248 1251 1315; x_wconf 79' lang='lat' dir='ltr'><strong>Erythraeo</strong></span> <span class='ocrx_word' id='word_1_119' title='bbox 1271 1247 1362 1300; x_wconf 84' lang='lat' dir='ltr'><strong>babet.</strong></span> 
     </span>
     <span class='ocr_line' id='line_1_13' title="bbox 231 1331 1364 1402; baseline -0.002 -16"><span class='ocrx_word' id='word_1_120' title='bbox 231 1333 311 1397; x_wconf 81' lang='lat' dir='ltr'><strong>Quae</strong></span> <span class='ocrx_word' id='word_1_121' title='bbox 328 1351 374 1386; x_wconf 89' lang='lat' dir='ltr'><strong>res</strong></span> <span class='ocrx_word' id='word_1_122' title='bbox 388 1333 542 1386; x_wconf 88' lang='lat' dir='ltr'><strong>Niebuhrio</strong></span> <span class='ocrx_word' id='word_1_123' title='bbox 563 1349 673 1402; x_wconf 89' lang='lat' dir='ltr'><strong>quoque</strong></span> <span class='ocrx_word' id='word_1_124' title='bbox 688 1332 715 1384; x_wconf 96' lang='lat' dir='ltr'><strong>in</strong></span> <span class='ocrx_word' id='word_1_125' title='bbox 731 1331 807 1385; x_wconf 89' lang='lat' dir='ltr'><strong>Rom.</strong></span> <span class='ocrx_word' id='word_1_126' title='bbox 824 1332 887 1385; x_wconf 89' lang='lat' dir='ltr'><strong>hist.</strong></span> <span class='ocrx_word' id='word_1_127' title='bbox 905 1332 917 1382; x_wconf 96' lang='lat' dir='ltr'><strong>l</strong></span> <span class='ocrx_word' id='word_1_128' title='bbox 934 1351 961 1401; x_wconf 90' lang='lat' dir='ltr'><strong>p.</strong></span> <span class='ocrx_word' id='word_1_129' title='bbox 976 1337 1030 1391; x_wconf 83' lang='lat'><strong>530</strong></span> <span class='ocrx_word' id='word_1_130' title='bbox 1049 1331 1092 1383; x_wconf 87' lang='lat' dir='ltr'><strong>ed.</strong></span> <span class='ocrx_word' id='word_1_131' title='bbox 1113 1332 1228 1383; x_wconf 78' lang='lat' dir='ltr'><strong>secrand.</strong></span> <span class='ocrx_word' id='word_1_132' title='bbox 1245 1331 1364 1385; x_wconf 89' lang='lat' dir='ltr'><strong>lonicam</strong></span> 
     </span>
     <span class='ocr_line' id='line_1_14' title="bbox 230 1416 1363 1486; baseline 0 -15"><span class='ocrx_word' id='word_1_133' title='bbox 230 1418 338 1472; x_wconf 88' lang='lat' dir='ltr'><strong>illorum</strong></span> <span class='ocrx_word' id='word_1_134' title='bbox 360 1419 530 1471; x_wconf 91' lang='lat' dir='ltr'><strong>oraculorum</strong></span> <span class='ocrx_word' id='word_1_135' title='bbox 553 1417 685 1486; x_wconf 83' lang='lat' dir='ltr'><strong>originem</strong></span> <span class='ocrx_word' id='word_1_136' title='bbox 704 1433 822 1484; x_wconf 87' lang='lat' dir='ltr'><strong>arguere</strong></span> <span class='ocrx_word' id='word_1_137' title='bbox 842 1417 961 1470; x_wconf 89' lang='lat' dir='ltr'><strong>videtur.</strong></span> <span class='ocrx_word' id='word_1_138' title='bbox 1006 1417 1067 1469; x_wconf 84' lang='lat' dir='ltr'><strong>Nos</strong></span> <span class='ocrx_word' id='word_1_139' title='bbox 1089 1416 1251 1469; x_wconf 83' lang='lat' dir='ltr'><strong>dixerimus:</strong></span> <span class='ocrx_word' id='word_1_140' title='bbox 1283 1418 1363 1471; x_wconf 88' lang='lat' dir='ltr'><strong>etiam</strong></span> 
     </span>
     <span class='ocr_line' id='line_1_15' title="bbox 232 1501 1362 1574; baseline -0.003 -15"><span class='ocrx_word' id='word_1_141' title='bbox 232 1505 352 1574; x_wconf 67' lang='lat' dir='ltr'><strong>laudium,</strong></span> <span class='ocrx_word' id='word_1_142' title='bbox 381 1503 600 1574; x_wconf 84' lang='lat' dir='ltr'><strong>quandoquidem</strong></span> <span class='ocrx_word' id='word_1_143' title='bbox 623 1503 716 1557; x_wconf 83' lang='lat' dir='ltr'><strong>Mater</strong></span> <span class='ocrx_word' id='word_1_144' title='bbox 736 1505 819 1557; x_wconf 81' lang='lat' dir='ltr'><strong>Idaeo</strong></span> <span class='ocrx_word' id='word_1_145' title='bbox 839 1502 872 1554; x_wconf 86' lang='lat' dir='ltr'><strong>ad</strong></span> <span class='ocrx_word' id='word_1_146' title='bbox 897 1502 1039 1570; x_wconf 87' lang='lat' dir='ltr'><strong>Lydorum</strong></span> <span class='ocrx_word' id='word_1_147' title='bbox 1061 1501 1210 1570; x_wconf 79' lang='lat' dir='ltr'><strong>religiones</strong></span> <span class='ocrx_word' id='word_1_148' title='bbox 1232 1502 1362 1572; x_wconf 79' lang='lat' dir='ltr'><strong>pertinet.</strong></span> 
     </span>
     <span class='ocr_line' id='line_1_16' title="bbox 230 1586 1363 1656; baseline -0.002 -13"><span class='ocrx_word' id='word_1_149' title='bbox 230 1591 287 1642; x_wconf 88' lang='lat' dir='ltr'><strong>lam</strong></span> <span class='ocrx_word' id='word_1_150' title='bbox 307 1605 367 1643; x_wconf 77' lang='lat' dir='ltr'><strong>carm</strong></span> <span class='ocrx_word' id='word_1_151' title='bbox 385 1605 461 1641; x_wconf 91' lang='lat' dir='ltr'><strong>nemo</strong></span> <span class='ocrx_word' id='word_1_152' title='bbox 484 1588 605 1654; x_wconf 86' lang='lat' dir='ltr'><strong>nesciat,</strong></span> <span class='ocrx_word' id='word_1_153' title='bbox 627 1604 704 1656; x_wconf 87' lang='lat' dir='ltr'><strong>quam</strong></span> <span class='ocrx_word' id='word_1_154' title='bbox 727 1587 779 1639; x_wconf 84' lang='lat' dir='ltr'><strong>vim</strong></span> <span class='ocrx_word' id='word_1_155' title='bbox 799 1586 981 1640; x_wconf 90' lang='lat' dir='ltr'><strong>Etruscorum</strong></span> <span class='ocrx_word' id='word_1_156' title='bbox 1003 1587 1112 1640; x_wconf 87' lang='lat' dir='ltr'><strong>oracula</strong></span> <span class='ocrx_word' id='word_1_157' title='bbox 1133 1589 1160 1640; x_wconf 93' lang='lat' dir='ltr'><strong>in</strong></span> <span class='ocrx_word' id='word_1_158' title='bbox 1180 1587 1363 1641; x_wconf 87' lang='lat' dir='ltr'><strong>Romanorum</strong></span> 
     </span>
     <span class='ocr_line' id='line_1_17' title="bbox 231 1672 1363 1744; baseline -0.004 -16"><span class='ocrx_word' id='word_1_159' title='bbox 231 1693 277 1728; x_wconf 87' lang='lat' dir='ltr'><strong>res</strong></span> <span class='ocrx_word' id='word_1_160' title='bbox 291 1674 445 1744; x_wconf 85' lang='lat' dir='ltr'><strong>antiquitus</strong></span> <span class='ocrx_word' id='word_1_161' title='bbox 460 1679 489 1725; x_wconf 91' lang='lat' dir='ltr'><strong>et</strong></span> <span class='ocrx_word' id='word_1_162' title='bbox 503 1673 536 1724; x_wconf 84' lang='lat' dir='ltr'><strong>ad</strong></span> <span class='ocrx_word' id='word_1_163' title='bbox 553 1672 661 1724; x_wconf 83' lang='lat' dir='ltr'><strong>Claudii</strong></span> <span class='ocrx_word' id='word_1_164' title='bbox 679 1688 768 1741; x_wconf 89' lang='lat' dir='ltr'><strong>usque</strong></span> <span class='ocrx_word' id='word_1_165' title='bbox 789 1673 961 1742; x_wconf 83' lang='lat' dir='ltr'><strong>imperatoris</strong></span> <span class='ocrx_word' id='word_1_166' title='bbox 978 1679 1100 1742; x_wconf 85' lang='lat' dir='ltr'><strong>tempora</strong></span> <span class='ocrx_word' id='word_1_167' title='bbox 1115 1673 1274 1740; x_wconf 75' lang='lat' dir='ltr'><strong>habuerint,</strong></span> <span class='ocrx_word' id='word_1_168' title='bbox 1298 1690 1363 1741; x_wconf 86' lang='lat' dir='ltr'><strong>pro·</strong></span> 
     </span>
     <span class='ocr_line' id='line_1_18' title="bbox 231 1757 1363 1827; baseline -0.004 -12"><span class='ocrx_word' id='word_1_169' title='bbox 231 1759 330 1816; x_wconf 83' lang='lat' dir='ltr'><strong>babilis</strong></span> <span class='ocrx_word' id='word_1_170' title='bbox 346 1758 504 1812; x_wconf 86' lang='lat' dir='ltr'><strong>coniectura</strong></span> <span class='ocrx_word' id='word_1_171' title='bbox 520 1765 579 1825; x_wconf 83' lang='lat' dir='ltr'><strong>est,</strong></span> <span class='ocrx_word' id='word_1_172' title='bbox 610 1757 679 1810; x_wconf 91' lang='lat' dir='ltr'><strong>illam</strong></span> <span class='ocrx_word' id='word_1_173' title='bbox 701 1757 864 1809; x_wconf 84' lang='lat' dir='ltr'><strong>mentionem</strong></span> <span class='ocrx_word' id='word_1_174' title='bbox 881 1759 978 1826; x_wconf 77' lang='lat' dir='ltr'><strong>bpdioc</strong></span> <span class='ocrx_word' id='word_1_175' title='bbox 992 1759 1066 1813; x_wconf 80' lang='lat' dir='ltr'><strong>Daue</strong></span> <span class='ocrx_word' id='word_1_176' title='bbox 1081 1757 1115 1809; x_wconf 87' lang='lat' dir='ltr'><strong>ad</strong></span> <span class='ocrx_word' id='word_1_177' title='bbox 1132 1758 1268 1810; x_wconf 87' lang='lat' dir='ltr'><strong>Etruscos</strong></span> <span class='ocrx_word' id='word_1_178' title='bbox 1283 1757 1363 1827; x_wconf 88' lang='lat' dir='ltr'><strong>prius</strong></span> 
     </span>
     <span class='ocr_line' id='line_1_19' title="bbox 231 1843 1363 1915; baseline -0.002 -18"><span class='ocrx_word' id='word_1_179' title='bbox 231 1862 311 1915; x_wconf 90' lang='lat' dir='ltr'><strong>quam</strong></span> <span class='ocrx_word' id='word_1_180' title='bbox 330 1845 364 1896; x_wconf 92' lang='lat' dir='ltr'><strong>ad</strong></span> <span class='ocrx_word' id='word_1_181' title='bbox 378 1843 515 1897; x_wconf 87' lang='lat' dir='ltr'><strong>Romanos</strong></span> <span class='ocrx_word' id='word_1_182' title='bbox 532 1843 704 1913; x_wconf 86' lang='lat' dir='ltr'><strong>pervenisse.</strong></span> <span class='ocrx_word' id='word_1_183' title='bbox 738 1843 814 1894; x_wconf 88' lang='lat' dir='ltr'><strong>Haec</strong></span> <span class='ocrx_word' id='word_1_184' title='bbox 830 1845 984 1898; x_wconf 79' lang='lat' dir='ltr'><strong>Crcuaerus.</strong></span> <span class='ocrx_word' id='word_1_185' title='bbox 1016 1843 1112 1912; x_wconf 89' lang='lat' dir='ltr'><strong>ltaque</strong></span> <span class='ocrx_word' id='word_1_186' title='bbox 1128 1843 1276 1911; x_wconf 87' lang='lat' dir='ltr'><strong>probamus</strong></span> <span class='ocrx_word' id='word_1_187' title='bbox 1287 1843 1363 1895; x_wconf 86' lang='lat' dir='ltr'><strong>Lan-</strong></span> 
     </span>
     <span class='ocr_line' id='line_1_20' title="bbox 231 1927 1363 1996; baseline -0.002 -13"><span class='ocrx_word' id='word_1_188' title='bbox 231 1930 301 1983; x_wconf 79' lang='lat' dir='ltr'><strong>ziom</strong></span> <span class='ocrx_word' id='word_1_189' title='bbox 324 1929 432 1982; x_wconf 85' lang='lat' dir='ltr'><strong>cautius</strong></span> <span class='ocrx_word' id='word_1_190' title='bbox 450 1929 484 1981; x_wconf 91' lang='lat' dir='ltr'><strong>de</strong></span> <span class='ocrx_word' id='word_1_191' title='bbox 504 1929 546 1980; x_wconf 88' lang='lat' dir='ltr'><strong>his</strong></span> <span class='ocrx_word' id='word_1_192' title='bbox 572 1927 751 1980; x_wconf 87' lang='lat' dir='ltr'><strong>disserent-em</strong></span> <span class='ocrx_word' id='word_1_193' title='bbox 774 1945 824 1980; x_wconf 88' lang='lat' dir='ltr'><strong>nec</strong></span> <span class='ocrx_word' id='word_1_194' title='bbox 838 1927 967 1996; x_wconf 75' lang='lat' dir='ltr'><strong>Dionysii</strong></span> <span class='ocrx_word' id='word_1_195' title='bbox 988 1927 1175 1981; x_wconf 87' lang='lat' dir='ltr'><strong>auctoritatem</strong></span> <span class='ocrx_word' id='word_1_196' title='bbox 1197 1935 1298 1981; x_wconf 90' lang='lat' dir='ltr'><strong>temere</strong></span> <span class='ocrx_word' id='word_1_197' title='bbox 1318 1947 1363 1981; x_wconf 88' lang='lat' dir='ltr'><strong>se-</strong></span> 
     </span>
     <span class='ocr_line' id='line_1_21' title="bbox 231 2012 1362 2086; baseline 0 -20"><span class='ocrx_word' id='word_1_198' title='bbox 231 2019 358 2086; x_wconf 88' lang='lat' dir='ltr'><strong>quentem</strong></span> <span class='ocrx_word' id='word_1_199' title='bbox 376 2014 403 2066; x_wconf 93' lang='lat' dir='ltr'><strong>in</strong></span> <span class='ocrx_word' id='word_1_200' title='bbox 422 2013 507 2082; x_wconf 85' lang='lat' dir='ltr'><strong>Sagg.</strong></span> <span class='ocrx_word' id='word_1_201' title='bbox 529 2013 557 2066; x_wconf 93' lang='lat' dir='ltr'><strong>di</strong></span> <span class='ocrx_word' id='word_1_202' title='bbox 573 2013 640 2080; x_wconf 88' lang='lat' dir='ltr'><strong>ling.</strong></span> <span class='ocrx_word' id='word_1_203' title='bbox 657 2012 770 2065; x_wconf 88' lang='lat' dir='ltr'><strong>Etrusc.</strong></span> <span class='ocrx_word' id='word_1_204' title='bbox 787 2012 809 2063; x_wconf 95' lang='lat' dir='ltr'><strong>l.</strong></span> <span class='ocrx_word' id='word_1_205' title='bbox 829 2032 855 2083; x_wconf 94' lang='lat' dir='ltr'><strong>p.</strong></span> <span class='ocrx_word' id='word_1_206' title='bbox 874 2018 916 2071; x_wconf 73' lang='lat'><strong>14.</strong></span> <span class='ocrx_word' id='word_1_207' title='bbox 939 2019 998 2075; x_wconf 76' lang='lat'><strong>147.</strong></span> <span class='ocrx_word' id='word_1_208' title='bbox 1022 2013 1059 2065; x_wconf 92' lang='lat' dir='ltr'><strong>ll.</strong></span> <span class='ocrx_word' id='word_1_209' title='bbox 1077 2031 1105 2082; x_wconf 92' lang='lat' dir='ltr'><strong>p.</strong></span> <span class='ocrx_word' id='word_1_210' title='bbox 1118 2017 1162 2072; x_wconf 73' lang='lat'><strong>82.</strong></span> <span class='ocrx_word' id='word_1_211' title='bbox 1174 2019 1299 2084; x_wconf 82' lang='lat' dir='ltr'><strong>83seqq.</strong></span> <span class='ocrx_word' id='word_1_212' title='bbox 1317 2015 1362 2066; x_wconf 82' lang='lat' dir='ltr'><strong>ed.</strong></span> 
     </span>
     <span class='ocr_line' id='line_1_22' title="bbox 234 2096 1362 2168; baseline -0.002 -16"><span class='ocrx_word' id='word_1_213' title='bbox 234 2119 306 2168; x_wconf 80' lang='lat' dir='ltr'><strong>seo,</strong></span> <span class='ocrx_word' id='word_1_214' title='bbox 331 2099 477 2153; x_wconf 85' lang='lat' dir='ltr'><strong>ubimulta</strong></span> <span class='ocrx_word' id='word_1_215' title='bbox 495 2099 564 2152; x_wconf 92' lang='lat' dir='ltr'><strong>idem</strong></span> <span class='ocrx_word' id='word_1_216' title='bbox 579 2097 671 2151; x_wconf 84' lang='lat' dir='ltr'><strong>attulit</strong></span> <span class='ocrx_word' id='word_1_217' title='bbox 690 2096 814 2166; x_wconf 83' lang='lat' dir='ltr'><strong>singulo,</strong></span> <span class='ocrx_word' id='word_1_218' title='bbox 837 2115 907 2167; x_wconf 84' lang='lat' dir='ltr'><strong>quoe</strong></span> <span class='ocrx_word' id='word_1_219' title='bbox 922 2100 955 2151; x_wconf 88' lang='lat' dir='ltr'><strong>ad</strong></span> <span class='ocrx_word' id='word_1_220' title='bbox 972 2100 1153 2152; x_wconf 86' lang='lat' dir='ltr'><strong>Etruscarum</strong></span> <span class='ocrx_word' id='word_1_221' title='bbox 1170 2117 1261 2152; x_wconf 91' lang='lat' dir='ltr'><strong>rerum</strong></span> <span class='ocrx_word' id='word_1_222' title='bbox 1277 2099 1362 2167; x_wconf 86' lang='lat' dir='ltr'><strong>origi·</strong></span> 
     </span>
     <span class='ocr_line' id='line_1_23' title="bbox 231 2181 1363 2253; baseline -0.002 -15"><span class='ocrx_word' id='word_1_223' title='bbox 231 2203 291 2238; x_wconf 88' lang='lat' dir='ltr'><strong>nem</strong></span> <span class='ocrx_word' id='word_1_224' title='bbox 312 2185 427 2253; x_wconf 86' lang='lat' dir='ltr'><strong>Lydiam</strong></span> <span class='ocrx_word' id='word_1_225' title='bbox 448 2183 492 2236; x_wconf 89' lang='lat' dir='ltr'><strong>vel</strong></span> <span class='ocrx_word' id='word_1_226' title='bbox 516 2189 590 2236; x_wconf 90' lang='lat' dir='ltr'><strong>certe</strong></span> <span class='ocrx_word' id='word_1_227' title='bbox 607 2181 753 2234; x_wconf 77' lang='lat' dir='ltr'><strong>Asiaticam</strong></span> <span class='ocrx_word' id='word_1_228' title='bbox 774 2183 886 2236; x_wconf 81' lang='lat' dir='ltr'><strong>faciant.</strong></span> <span class='ocrx_word' id='word_1_229' title='bbox 919 2183 1054 2253; x_wconf 81' lang='lat' dir='ltr'><strong>Equidem</strong></span> <span class='ocrx_word' id='word_1_230' title='bbox 1073 2183 1140 2253; x_wconf 91' lang='lat' dir='ltr'><strong>quid</strong></span> <span class='ocrx_word' id='word_1_231' title='bbox 1158 2189 1290 2250; x_wconf 88' lang='lat' dir='ltr'><strong>statuam,</strong></span> <span class='ocrx_word' id='word_1_232' title='bbox 1312 2201 1363 2236; x_wconf 83' lang='lat' dir='ltr'><strong>an·</strong></span> 
     </span>
     <span class='ocr_line' id='line_1_24' title="bbox 230 2267 1362 2340; baseline -0.003 -17"><span class='ocrx_word' id='word_1_233' title='bbox 230 2276 340 2340; x_wconf 86' lang='lat' dir='ltr'><strong>tequam</strong></span> <span class='ocrx_word' id='word_1_234' title='bbox 356 2269 383 2322; x_wconf 95' lang='lat' dir='ltr'><strong>in</strong></span> <span class='ocrx_word' id='word_1_235' title='bbox 402 2270 516 2323; x_wconf 89' lang='lat' dir='ltr'><strong>medium</strong></span> <span class='ocrx_word' id='word_1_236' title='bbox 531 2269 680 2338; x_wconf 78' lang='lat' dir='ltr'><strong>proteram,</strong></span> <span class='ocrx_word' id='word_1_237' title='bbox 701 2267 844 2320; x_wconf 89' lang='lat' dir='ltr'><strong>dicendum</strong></span> <span class='ocrx_word' id='word_1_238' title='bbox 859 2273 902 2320; x_wconf 87' lang='lat' dir='ltr'><strong>est</strong></span> <span class='ocrx_word' id='word_1_239' title='bbox 916 2267 950 2321; x_wconf 95' lang='lat' dir='ltr'><strong>de</strong></span> <span class='ocrx_word' id='word_1_240' title='bbox 966 2269 998 2320; x_wconf 86' lang='lat' dir='ltr'><strong>C.</strong></span> <span class='ocrx_word' id='word_1_241' title='bbox 1017 2268 1052 2320; x_wconf 90' lang='lat'><strong>0.</strong></span> <span class='ocrx_word' id='word_1_242' title='bbox 1068 2268 1194 2322; x_wconf 83' lang='lat' dir='ltr'><strong>llluclleri</strong></span> <span class='ocrx_word' id='word_1_243' title='bbox 1211 2269 1362 2336; x_wconf 85' lang='lat' dir='ltr'><strong>sententia,</strong></span> 
     </span>
     <span class='ocr_line' id='line_1_25' title="bbox 229 2351 1361 2424; baseline 0 -18"><span class='ocrx_word' id='word_1_244' title='bbox 229 2354 257 2407; x_wconf 93' lang='lat' dir='ltr'><strong>in</strong></span> <span class='ocrx_word' id='word_1_245' title='bbox 281 2354 357 2408; x_wconf 89' lang='lat' dir='ltr'><strong>librr.</strong></span> <span class='ocrx_word' id='word_1_246' title='bbox 384 2355 417 2408; x_wconf 94' lang='lat' dir='ltr'><strong>de</strong></span> <span class='ocrx_word' id='word_1_247' title='bbox 441 2353 570 2408; x_wconf 79' lang='lat' dir='ltr'><strong>Etruscis</strong></span> <span class='ocrx_word' id='word_1_248' title='bbox 592 2351 729 2405; x_wconf 86' lang='lat' dir='ltr'><strong>volumine</strong></span> <span class='ocrx_word' id='word_1_249' title='bbox 752 2353 838 2421; x_wconf 85' lang='lat' dir='ltr'><strong>priori</strong></span> <span class='ocrx_word' id='word_1_250' title='bbox 863 2371 891 2422; x_wconf 92' lang='lat' dir='ltr'><strong>p.</strong></span> <span class='ocrx_word' id='word_1_251' title='bbox 909 2357 943 2412; x_wconf 71' lang='lat'><strong>72</strong></span> <span class='ocrx_word' id='word_1_252' title='bbox 963 2372 1041 2424; x_wconf 86' lang='lat' dir='ltr'><strong>seqq.</strong></span> <span class='ocrx_word' id='word_1_253' title='bbox 1066 2357 1101 2412; x_wconf 76' lang='lat'><strong>82</strong></span> <span class='ocrx_word' id='word_1_254' title='bbox 1118 2372 1197 2424; x_wconf 86' lang='lat' dir='ltr'><strong>seqq.</strong></span> <span class='ocrx_word' id='word_1_255' title='bbox 1225 2359 1261 2415; x_wconf 84' lang='lat'><strong>88</strong></span> <span class='ocrx_word' id='word_1_256' title='bbox 1281 2373 1361 2424; x_wconf 85' lang='lat' dir='ltr'><strong>seqq.</strong></span> 
     </span>
    </p>
   </div>
   <div class='ocr_carea' id='block_1_3' title="bbox 229 2433 1363 2591">
    <p class='ocr_par' dir='ltr' id='par_1_3' title="bbox 229 2433 1363 2591">
     <span class='ocr_line' id='line_1_26' title="bbox 229 2433 1363 2510; baseline 0 -18"><span class='ocrx_word' id='word_1_257' title='bbox 229 2439 356 2510; x_wconf 91' lang='lat' dir='ltr'><strong>pluribus</strong></span> <span class='ocrx_word' id='word_1_258' title='bbox 381 2433 583 2510; x_wconf 82' lang='lat' dir='ltr'><strong>exposita**).</strong></span> <span class='ocrx_word' id='word_1_259' title='bbox 619 2437 744 2508; x_wconf 87' lang='lat' dir='ltr'><strong>Namque</strong></span> <span class='ocrx_word' id='word_1_260' title='bbox 772 2438 884 2490; x_wconf 91' lang='lat' dir='ltr'><strong>colonos</strong></span> <span class='ocrx_word' id='word_1_261' title='bbox 907 2456 940 2490; x_wconf 83' lang='lat' dir='ltr'><strong>ex</strong></span> <span class='ocrx_word' id='word_1_262' title='bbox 963 2438 1030 2490; x_wconf 75' lang='lat' dir='ltr'><strong>Asia</strong></span> <span class='ocrx_word' id='word_1_263' title='bbox 1045 2438 1151 2491; x_wconf 88' lang='lat' dir='ltr'><strong>&#39;minori</strong></span> <span class='ocrx_word' id='word_1_264' title='bbox 1172 2439 1200 2490; x_wconf 92' lang='lat' dir='ltr'><strong>in</strong></span> <span class='ocrx_word' id='word_1_265' title='bbox 1221 2439 1363 2492; x_wconf 82' lang='lat' dir='ltr'><strong>Etruriam</strong></span> 
     </span>
     <span class='ocr_line' id='line_1_27' title="bbox 229 2523 1362 2591; baseline 0 -15"><span class='ocrx_word' id='word_1_266' title='bbox 229 2524 341 2577; x_wconf 87' lang='lat' dir='ltr'><strong>venisse</strong></span> <span class='ocrx_word' id='word_1_267' title='bbox 359 2525 432 2577; x_wconf 90' lang='lat' dir='ltr'><strong>haud</strong></span> <span class='ocrx_word' id='word_1_268' title='bbox 446 2523 491 2576; x_wconf 92' lang='lat' dir='ltr'><strong>ille</strong></span> <span class='ocrx_word' id='word_1_269' title='bbox 508 2527 607 2591; x_wconf 79' lang='lat' dir='ltr'><strong>negat3</strong></span> <span class='ocrx_word' id='word_1_270' title='bbox 627 2540 677 2576; x_wconf 93' lang='lat' dir='ltr'><strong>nec</strong></span> <span class='ocrx_word' id='word_1_271' title='bbox 694 2541 758 2576; x_wconf 86' lang='lat' dir='ltr'><strong>vero</strong></span> <span class='ocrx_word' id='word_1_272' title='bbox 773 2523 868 2591; x_wconf 86' lang='lat' dir='ltr'><strong>Lydos</strong></span> <span class='ocrx_word' id='word_1_273' title='bbox 880 2523 968 2576; x_wconf 84' lang='lat' dir='ltr'><strong>luisse</strong></span> <span class='ocrx_word' id='word_1_274' title='bbox 985 2524 1149 2589; x_wconf 85' lang='lat' dir='ltr'><strong>arbitratur,</strong></span> <span class='ocrx_word' id='word_1_275' title='bbox 1167 2524 1216 2576; x_wconf 90' lang='lat' dir='ltr'><strong>sed</strong></span> <span class='ocrx_word' id='word_1_276' title='bbox 1227 2524 1362 2591; x_wconf 85' lang='lat' dir='ltr'><strong>Pelasgos</strong></span> 
     </span>
    </p>
   </div>
   <div class='ocr_carea' id='block_1_4' title="bbox 227 2607 1362 3276">
    <p class='ocr_par' dir='ltr' id='par_1_4' title="bbox 227 2607 1362 3276">
     <span class='ocr_line' id='line_1_28' title="bbox 231 2607 1361 2679; baseline -0.002 -17"><span class='ocrx_word' id='word_1_277' title='bbox 231 2608 372 2679; x_wconf 87' lang='lat' dir='ltr'><strong>palantes,</strong></span> <span class='ocrx_word' id='word_1_278' title='bbox 404 2609 451 2678; x_wconf 93' lang='lat' dir='ltr'><strong>qui</strong></span> <span class='ocrx_word' id='word_1_279' title='bbox 475 2607 555 2662; x_wconf 91' lang='lat' dir='ltr'><strong>iidem</strong></span> <span class='ocrx_word' id='word_1_280' title='bbox 575 2608 711 2676; x_wconf 84' lang='lat' dir='ltr'><strong>Lesbum,</strong></span> <span class='ocrx_word' id='word_1_281' title='bbox 740 2607 857 2661; x_wconf 87' lang='lat' dir='ltr'><strong>imbrum</strong></span> <span class='ocrx_word' id='word_1_282' title='bbox 880 2607 1003 2679; x_wconf 87' lang='lat' dir='ltr'><strong>aliasque</strong></span> <span class='ocrx_word' id='word_1_283' title='bbox 1024 2607 1125 2677; x_wconf 77' lang='lat' dir='ltr'><strong>Aegaei</strong></span> <span class='ocrx_word' id='word_1_284' title='bbox 1149 2609 1231 2661; x_wconf 84' lang='lat' dir='ltr'><strong>maris</strong></span> <span class='ocrx_word' id='word_1_285' title='bbox 1253 2607 1361 2661; x_wconf 88' lang='lat' dir='ltr'><strong>insulas</strong></span> 
     </span>
     <span class='ocr_line' id='line_1_29' title="bbox 229 2692 1361 2764; baseline -0.001 -17"><span class='ocrx_word' id='word_1_286' title='bbox 229 2694 290 2747; x_wconf 93' lang='lat' dir='ltr'><strong>olim</strong></span> <span class='ocrx_word' id='word_1_287' title='bbox 307 2694 450 2747; x_wconf 88' lang='lat' dir='ltr'><strong>tenuerint</strong></span> <span class='ocrx_word' id='word_1_288' title='bbox 463 2699 491 2746; x_wconf 88' lang='lat' dir='ltr'><strong>et</strong></span> <span class='ocrx_word' id='word_1_289' title='bbox 508 2693 535 2746; x_wconf 92' lang='lat' dir='ltr'><strong>in</strong></span> <span class='ocrx_word' id='word_1_290' title='bbox 549 2692 631 2746; x_wconf 77' lang='lat' dir='ltr'><strong>Asiae</strong></span> <span class='ocrx_word' id='word_1_291' title='bbox 648 2693 759 2746; x_wconf 90' lang='lat' dir='ltr'><strong>minoris</strong></span> <span class='ocrx_word' id='word_1_292' title='bbox 780 2711 828 2745; x_wconf 91' lang='lat' dir='ltr'><strong>ora</strong></span> <span class='ocrx_word' id='word_1_293' title='bbox 839 2692 928 2761; x_wconf 84' lang='lat' dir='ltr'><strong>Lydia</strong></span> <span class='ocrx_word' id='word_1_294' title='bbox 950 2710 1061 2764; x_wconf 90' lang='lat' dir='ltr'><strong>quoquc</strong></span> <span class='ocrx_word' id='word_1_295' title='bbox 1080 2693 1255 2746; x_wconf 84' lang='lat' dir='ltr'><strong>consederint</strong></span> <span class='ocrx_word' id='word_1_296' title='bbox 1271 2694 1361 2764; x_wconf 89' lang='lat' dir='ltr'><strong>(unde</strong></span> 
     </span>
     <span class='ocr_line' id='line_1_30' title="bbox 229 2773 1362 2848; baseline 0.001 -18"><span class='ocrx_word' id='word_1_297' title='bbox 229 2779 384 2846; x_wconf 83' lang='lat' dir='ltr'><strong>Tyrrhenis</strong></span> <span class='ocrx_word' id='word_1_298' title='bbox 401 2779 469 2832; x_wconf 88' lang='lat' dir='ltr'><strong>adeo</strong></span> <span class='ocrx_word' id='word_1_299' title='bbox 484 2778 539 2831; x_wconf 87' lang='lat' dir='ltr'><strong>illis</strong></span> <span class='ocrx_word' id='word_1_300' title='bbox 555 2779 734 2847; x_wconf 83' lang='lat' dir='ltr'><strong>cognomen),</strong></span> <span class='ocrx_word' id='word_1_301' title='bbox 760 2777 801 2830; x_wconf 92' lang='lat' dir='ltr'><strong>his</strong></span> <span class='ocrx_word' id='word_1_302' title='bbox 817 2778 887 2848; x_wconf 89' lang='lat' dir='ltr'><strong>ipsis</strong></span> <span class='ocrx_word' id='word_1_303' title='bbox 910 2779 1021 2832; x_wconf 81' lang='lat' dir='ltr'><strong>sterria</strong></span> <span class='ocrx_word' id='word_1_304' title='bbox 1040 2778 1107 2831; x_wconf 87' lang='lat' dir='ltr'><strong>mari</strong></span> <span class='ocrx_word' id='word_1_305' title='bbox 1123 2779 1238 2831; x_wconf 88' lang='lat' dir='ltr'><strong>traiecto</strong></span> <span class='ocrx_word' id='word_1_306' title='bbox 1254 2779 1288 2830; x_wconf 86' lang='lat' dir='ltr'><strong>ad</strong></span> <span class='ocrx_word' id='word_1_307' title='bbox 1305 2773 1362 2831; x_wconf 86' lang='lat' dir='ltr'><strong>lta-</strong></span> 
     </span>
     <span class='ocr_line' id='line_1_31' title="bbox 230 2863 1360 2934; baseline 0.003 -19"><span class='ocrx_word' id='word_1_308' title='bbox 230 2864 282 2918; x_wconf 87' lang='lat' dir='ltr'><strong>liae</strong></span> <span class='ocrx_word' id='word_1_309' title='bbox 304 2881 367 2918; x_wconf 88' lang='lat' dir='ltr'><strong>oraa</strong></span> <span class='ocrx_word' id='word_1_310' title='bbox 382 2864 551 2934; x_wconf 87' lang='lat' dir='ltr'><strong>Tiberisque</strong></span> <span class='ocrx_word' id='word_1_311' title='bbox 572 2865 657 2917; x_wconf 86' lang='lat' dir='ltr'><strong>ferme</strong></span> <span class='ocrx_word' id='word_1_312' title='bbox 677 2863 749 2917; x_wconf 87' lang='lat' dir='ltr'><strong>ostia</strong></span> <span class='ocrx_word' id='word_1_313' title='bbox 768 2863 881 2916; x_wconf 86' lang='lat' dir='ltr'><strong>venisse</strong></span> <span class='ocrx_word' id='word_1_314' title='bbox 900 2863 993 2934; x_wconf 91' lang='lat' dir='ltr'><strong>ibique</strong></span> <span class='ocrx_word' id='word_1_315' title='bbox 1011 2864 1170 2932; x_wconf 75' lang='lat' dir='ltr'><strong>Tarquiniae</strong></span> <span class='ocrx_word' id='word_1_316' title='bbox 1189 2864 1360 2934; x_wconf 86' lang='lat' dir='ltr'><strong>potissimum</strong></span> 
     </span>
     <span class='ocr_line' id='line_1_32' title="bbox 230 2941 1359 3028; baseline 0.001 -27"><span class='ocrx_word' id='word_1_317' title='bbox 230 2949 402 3016; x_wconf 86' lang='lat' dir='ltr'><strong>condidisse,</strong></span> <span class='ocrx_word' id='word_1_318' title='bbox 425 2967 504 3020; x_wconf 91' lang='lat' dir='ltr'><strong>qnam</strong></span> <span class='ocrx_word' id='word_1_319' title='bbox 523 2949 579 3019; x_wconf 88' lang='lat' dir='ltr'><strong>ipsi</strong></span> <span class='ocrx_word' id='word_1_320' title='bbox 593 2949 679 3001; x_wconf 89' lang='lat' dir='ltr'><strong>Tusci</strong></span> <span class='ocrx_word' id='word_1_321' title='bbox 698 2949 791 3001; x_wconf 91' lang='lat' dir='ltr'><strong>urbem</strong></span> <span class='ocrx_word' id='word_1_322' title='bbox 810 2941 1019 3028; x_wconf 69' lang='lat' dir='ltr'><strong>inter:reliqnas</strong></span> <span class='ocrx_word' id='word_1_323' title='bbox 1035 2949 1187 3019; x_wconf 85' lang='lat' dir='ltr'><strong>primariam</strong></span> <span class='ocrx_word' id='word_1_324' title='bbox 1204 2949 1359 3017; x_wconf 80' lang='lat' dir='ltr'><strong>habuerint,</strong></span> 
     </span>
     <span class='ocr_line' id='line_1_33' title="bbox 228 3034 1359 3104; baseline 0.002 -18"><span class='ocrx_word' id='word_1_325' title='bbox 228 3034 344 3086; x_wconf 86' lang='lat' dir='ltr'><strong>omnium</strong></span> <span class='ocrx_word' id='word_1_326' title='bbox 361 3051 449 3088; x_wconf 89' lang='lat' dir='ltr'><strong>rerum</strong></span> <span class='ocrx_word' id='word_1_327' title='bbox 467 3039 496 3086; x_wconf 87' lang='lat' dir='ltr'><strong>et</strong></span> <span class='ocrx_word' id='word_1_328' title='bbox 511 3034 663 3088; x_wconf 82' lang='lat' dir='ltr'><strong>divinarum</strong></span> <span class='ocrx_word' id='word_1_329' title='bbox 675 3039 703 3086; x_wconf 88' lang='lat' dir='ltr'><strong>et</strong></span> <span class='ocrx_word' id='word_1_330' title='bbox 714 3035 888 3088; x_wconf 85' lang='lat' dir='ltr'><strong>humanarum</strong></span> <span class='ocrx_word' id='word_1_331' title='bbox 905 3035 978 3104; x_wconf 84' lang='lat' dir='ltr'><strong>apud</strong></span> <span class='ocrx_word' id='word_1_332' title='bbox 989 3035 1098 3086; x_wconf 85' lang='lat' dir='ltr'><strong>Tuscos</strong></span> <span class='ocrx_word' id='word_1_333' title='bbox 1114 3035 1193 3104; x_wconf 86' lang='lat' dir='ltr'><strong>quusi</strong></span> <span class='ocrx_word' id='word_1_334' title='bbox 1209 3039 1359 3104; x_wconf 84' lang='lat' dir='ltr'><strong>parentem.</strong></span> 
     </span>
     <span class='ocr_line' id='line_1_34' title="bbox 228 3119 1360 3188; baseline 0.002 -18"><span class='ocrx_word' id='word_1_335' title='bbox 228 3119 326 3188; x_wconf 87' lang='lat' dir='ltr'><strong>Neque</strong></span> <span class='ocrx_word' id='word_1_336' title='bbox 341 3119 421 3173; x_wconf 89' lang='lat' dir='ltr'><strong>etiam</strong></span> <span class='ocrx_word' id='word_1_337' title='bbox 436 3119 513 3172; x_wconf 85' lang='lat' dir='ltr'><strong>urbis</strong></span> <span class='ocrx_word' id='word_1_338' title='bbox 525 3121 609 3174; x_wconf 83' lang='lat' dir='ltr'><strong>Caere</strong></span> <span class='ocrx_word' id='word_1_339' title='bbox 623 3119 755 3172; x_wconf 89' lang='lat' dir='ltr'><strong>rationem</strong></span> <span class='ocrx_word' id='word_1_340' title='bbox 770 3119 864 3172; x_wconf 92' lang='lat' dir='ltr'><strong>haberi</strong></span> <span class='ocrx_word' id='word_1_341' title='bbox 880 3127 973 3187; x_wconf 88' lang='lat' dir='ltr'><strong>negat.</strong></span> <span class='ocrx_word' id='word_1_342' title='bbox 1005 3119 1085 3182; x_wconf 76' lang='lat' dir='ltr'><strong>Quane</strong></span> <span class='ocrx_word' id='word_1_343' title='bbox 1104 3119 1311 3172; x_wconf 75' lang='lat' dir='ltr'><strong>sententiarum</strong></span> <span class='ocrx_word' id='word_1_344' title='bbox 1325 3122 1360 3172; x_wconf 86' lang='lat' dir='ltr'><strong>ab</strong></span> 
     </span>
     <span class='ocr_line' id='line_1_35' title="bbox 227 3203 1360 3276; baseline 0.003 -21"><span class='ocrx_word' id='word_1_345' title='bbox 227 3203 361 3256; x_wconf 83' lang='lat' dir='ltr'><strong>Herodoti</strong></span> <span class='ocrx_word' id='word_1_346' title='bbox 380 3209 487 3276; x_wconf 88' lang='lat' dir='ltr'><strong>(quem,</strong></span> <span class='ocrx_word' id='word_1_347' title='bbox 506 3206 641 3257; x_wconf 90' lang='lat' dir='ltr'><strong>Graecum</strong></span> <span class='ocrx_word' id='word_1_348' title='bbox 657 3205 801 3272; x_wconf 88' lang='lat' dir='ltr'><strong>hominem,</strong></span> <span class='ocrx_word' id='word_1_349' title='bbox 825 3206 947 3258; x_wconf 88' lang='lat' dir='ltr'><strong>Graecas</strong></span> <span class='ocrx_word' id='word_1_350' title='bbox 961 3204 1142 3258; x_wconf 88' lang='lat' dir='ltr'><strong>Etruscorum</strong></span> <span class='ocrx_word' id='word_1_351' title='bbox 1160 3205 1282 3272; x_wconf 84' lang='lat' dir='ltr'><strong>origines</strong></span> <span class='ocrx_word' id='word_1_352' title='bbox 1304 3223 1360 3258; x_wconf 93' lang='lat' dir='ltr'><strong>non</strong></span> 
     </span>
    </p>
   </div>
   <div class='ocr_carea' id='block_1_5' title="bbox 229 3369 434 3379">
    <p class='ocr_par' dir='ltr' id='par_1_5' title="bbox 229 3369 434 3379">
     <span class='ocr_line' id='line_1_36' title="bbox 229 3369 434 3379; baseline 0 -1"><span class='ocrx_word' id='word_1_353' title='bbox 229 3369 434 3379; x_wconf 71' lang='grc'><strong>,-.-.</strong></span> 
     </span>
    </p>
   </div>
   <div class='ocr_carea' id='block_1_6' title="bbox 228 3467 1358 3749">
    <p class='ocr_par' dir='ltr' id='par_1_6' title="bbox 228 3467 1358 3749">
     <span class='ocr_line' id='line_1_37' title="bbox 296 3467 1358 3540; baseline 0.002 -18"><span class='ocrx_word' id='word_1_354' title='bbox 296 3467 323 3534; x_wconf 83' lang='grc'><strong>*)</strong></span> <span class='ocrx_word' id='word_1_355' title='bbox 344 3470 424 3532; x_wconf 73' lang='lat' dir='ltr'><strong>„viu</strong></span> <span class='ocrx_word' id='word_1_356' title='bbox 445 3469 504 3522; x_wconf 90' lang='lat' dir='ltr'><strong>Tho</strong></span> <span class='ocrx_word' id='word_1_357' title='bbox 521 3469 649 3522; x_wconf 85' lang='lat' dir='ltr'><strong>classical</strong></span> <span class='ocrx_word' id='word_1_358' title='bbox 662 3470 755 3535; x_wconf 92' lang='lat' dir='ltr'><strong>journ.</strong></span> <span class='ocrx_word' id='word_1_359' title='bbox 776 3471 1121 3540; x_wconf 78' lang='lat' dir='ltr'><strong>1810.11.p.535seqq.“</strong></span> <span class='ocrx_word' id='word_1_360' title='bbox 1141 3473 1183 3527; x_wconf 85' lang='lat' dir='ltr'><strong>Or.</strong></span> <span class='ocrx_word' id='word_1_361' title='bbox 1222 3473 1264 3524; x_wconf 91' lang='lat' dir='ltr'><strong>Tu</strong></span> <span class='ocrx_word' id='word_1_362' title='bbox 1284 3473 1358 3524; x_wconf 84' lang='lat' dir='ltr'><strong>conf.</strong></span> 
     </span>
     <span class='ocr_line' id='line_1_38' title="bbox 229 3539 1358 3606; baseline 0.004 -17"><span class='ocrx_word' id='word_1_363' title='bbox 229 3555 298 3604; x_wconf 86' lang='lat' dir='ltr'><strong>quae</strong></span> <span class='ocrx_word' id='word_1_364' title='bbox 318 3539 351 3591; x_wconf 91' lang='lat' dir='ltr'><strong>de</strong></span> <span class='ocrx_word' id='word_1_365' title='bbox 369 3540 448 3606; x_wconf 86' lang='lat' dir='ltr'><strong>Atyis</strong></span> <span class='ocrx_word' id='word_1_366' title='bbox 467 3542 574 3593; x_wconf 89' lang='lat' dir='ltr'><strong>nomine</strong></span> <span class='ocrx_word' id='word_1_367' title='bbox 592 3541 708 3593; x_wconf 80' lang='lat' dir='ltr'><strong>diximus</strong></span> <span class='ocrx_word' id='word_1_368' title='bbox 727 3544 762 3594; x_wconf 85' lang='lat' dir='ltr'><strong>ad</strong></span> <span class='ocrx_word' id='word_1_369' title='bbox 779 3543 910 3594; x_wconf 84' lang='lat' dir='ltr'><strong>Herodot.</strong></span> <span class='ocrx_word' id='word_1_370' title='bbox 929 3545 953 3606; x_wconf 93' lang='lat' dir='ltr'><strong>I,</strong></span> <span class='ocrx_word' id='word_1_371' title='bbox 971 3547 996 3596; x_wconf 84' lang='lat'><strong>7.</strong></span> <span class='ocrx_word' id='word_1_372' title='bbox 1032 3545 1104 3595; x_wconf 89' lang='lat' dir='ltr'><strong>Hinc</strong></span> <span class='ocrx_word' id='word_1_373' title='bbox 1123 3544 1232 3594; x_wconf 86' lang='lat' dir='ltr'><strong>minime</strong></span> <span class='ocrx_word' id='word_1_374' title='bbox 1251 3544 1358 3605; x_wconf 83' lang='lat' dir='ltr'><strong>mirum,</strong></span> 
     </span>
     <span class='ocr_line' id='line_1_39' title="bbox 228 3609 1357 3678; baseline 0.002 -18"><span class='ocrx_word' id='word_1_375' title='bbox 228 3609 307 3661; x_wconf 84' lang='lat' dir='ltr'><strong>Gallo</strong></span> <span class='ocrx_word' id='word_1_376' title='bbox 325 3610 407 3662; x_wconf 92' lang='lat' dir='ltr'><strong>docto</strong></span> <span class='ocrx_word' id='word_1_377' title='bbox 425 3611 526 3678; x_wconf 85' lang='lat' dir='ltr'><strong>(Raoul</strong></span> <span class='ocrx_word' id='word_1_378' title='bbox 542 3611 689 3664; x_wconf 88' lang='lat' dir='ltr'><strong>Rochette:</strong></span> <span class='ocrx_word' id='word_1_379' title='bbox 714 3613 831 3664; x_wconf 85' lang='lat' dir='ltr'><strong>Histoir.</strong></span> <span class='ocrx_word' id='word_1_380' title='bbox 850 3613 884 3664; x_wconf 88' lang='lat' dir='ltr'><strong>de</strong></span> <span class='ocrx_word' id='word_1_381' title='bbox 901 3611 1044 3666; x_wconf 84' lang='lat' dir='ltr'><strong>l&#39;e&#39;tablisa.</strong></span> <span class='ocrx_word' id='word_1_382' title='bbox 1064 3615 1090 3665; x_wconf 87' lang='lat' dir='ltr'><strong>d.</strong></span> <span class='ocrx_word' id='word_1_383' title='bbox 1111 3613 1199 3665; x_wconf 91' lang='lat' dir='ltr'><strong>colon.</strong></span> <span class='ocrx_word' id='word_1_384' title='bbox 1216 3613 1313 3678; x_wconf 82' lang='lat' dir='ltr'><strong>Grecq.</strong></span> <span class='ocrx_word' id='word_1_385' title='bbox 1334 3615 1357 3664; x_wconf 95' lang='lat' dir='ltr'><strong>l.</strong></span> 
     </span>
     <span class='ocr_line' id='line_1_40' title="bbox 228 3677 1358 3749; baseline 0.004 -20"><span class='ocrx_word' id='word_1_386' title='bbox 228 3696 254 3744; x_wconf 91' lang='lat' dir='ltr'><strong>p.</strong></span> <span class='ocrx_word' id='word_1_387' title='bbox 274 3677 325 3732; x_wconf 76' lang='lat'><strong>358</strong></span> <span class='ocrx_word' id='word_1_388' title='bbox 341 3679 429 3746; x_wconf 84' lang='lat' dir='ltr'><strong>seqq.)</strong></span> <span class='ocrx_word' id='word_1_389' title='bbox 449 3681 634 3732; x_wconf 86' lang='lat' dir='ltr'><strong>Herodoteam</strong></span> <span class='ocrx_word' id='word_1_390' title='bbox 653 3684 839 3734; x_wconf 83' lang='lat' dir='ltr'><strong>narrationem</strong></span> <span class='ocrx_word' id='word_1_391' title='bbox 855 3689 885 3734; x_wconf 89' lang='lat' dir='ltr'><strong>ut</strong></span> <span class='ocrx_word' id='word_1_392' title='bbox 901 3685 989 3749; x_wconf 83' lang='lat' dir='ltr'><strong>magis</strong></span> <span class='ocrx_word' id='word_1_393' title='bbox 1007 3701 1101 3736; x_wconf 82' lang='lat' dir='ltr'><strong>voram</strong></span> <span class='ocrx_word' id='word_1_394' title='bbox 1121 3684 1239 3749; x_wconf 88' lang='lat' dir='ltr'><strong>probari.</strong></span> <span class='ocrx_word' id='word_1_395' title='bbox 1271 3684 1358 3744; x_wconf 81' lang='lat' dir='ltr'><strong>Adde,</strong></span> 
     </span>
    </p>
   </div>
   <div class='ocr_carea' id='block_1_7' title="bbox 228 3751 1358 3883">
    <p class='ocr_par' dir='ltr' id='par_1_7' title="bbox 228 3751 1358 3883">
     <span class='ocr_line' id='line_1_41' title="bbox 228 3751 1358 3872; baseline 0.004 -73"><span class='ocrx_word' id='word_1_396' title='bbox 228 3767 298 3871; x_wconf 63' lang='lat' dir='ltr'><strong>qasapp</strong></span> <span class='ocrx_word' id='word_1_397' title='bbox 316 3751 501 3872; x_wconf 54' lang='lat' dir='ltr'><strong>postppbidcm</strong></span> <span class='ocrx_word' id='word_1_398' title='bbox 519 3751 562 3802; x_wconf 85' lang='lat' dir='ltr'><strong>vir</strong></span> <span class='ocrx_word' id='word_1_399' title='bbox 579 3751 675 3804; x_wconf 89' lang='lat' dir='ltr'><strong>doctus</strong></span> <span class='ocrx_word' id='word_1_400' title='bbox 694 3753 806 3820; x_wconf 84' lang='lat' dir='ltr'><strong>scripsit</strong></span> <span class='ocrx_word' id='word_1_401' title='bbox 824 3753 853 3803; x_wconf 88' lang='lat' dir='ltr'><strong>in</strong></span> <span class='ocrx_word' id='word_1_402' title='bbox 864 3754 981 3806; x_wconf 78' lang='lat' dir='ltr'><strong>Journal</strong></span> <span class='ocrx_word' id='word_1_403' title='bbox 997 3754 1023 3804; x_wconf 91' lang='lat' dir='ltr'><strong>d.</strong></span> <span class='ocrx_word' id='word_1_404' title='bbox 1038 3754 1103 3805; x_wconf 88' lang='lat' dir='ltr'><strong>Sar.</strong></span> <span class='ocrx_word' id='word_1_405' title='bbox 1121 3753 1188 3807; x_wconf 68' lang='lat'>1843</span> <span class='ocrx_word' id='word_1_406' title='bbox 1201 3755 1287 3819; x_wconf 68' lang='lat' dir='ltr'><strong>pull</strong></span> <span class='ocrx_word' id='word_1_407' title='bbox 1299 3770 1358 3820; x_wconf 85' lang='lat' dir='ltr'><strong>seq.</strong></span> 
     </span>
     <span class='ocr_line' id='line_1_42' title="bbox 299 3835 433 3883; baseline 0.015 -15"><span class='ocrx_word' id='word_1_408' title='bbox 299 3855 305 3868; x_wconf 97' lang='lat'><strong>.</strong></span> <span class='ocrx_word' id='word_1_409' title='bbox 325 3835 351 3883; x_wconf 92' lang='lat' dir='ltr'><strong>p.</strong></span> <span class='ocrx_word' id='word_1_410' title='bbox 426 3857 433 3870; x_wconf 98' lang='lat'><strong>.</strong></span> 
     </span>
    </p>
   </div>
   <div class='ocr_carea' id='block_1_8' title="bbox 226 3899 1358 4394">
    <p class='ocr_par' dir='ltr' id='par_1_8' title="bbox 226 3899 1358 4394">
     <span class='ocr_line' id='line_1_43' title="bbox 296 3899 1358 3972; baseline 0.006 -20"><span class='ocrx_word' id='word_1_411' title='bbox 296 3899 339 3966; x_wconf 75' lang='grc'><strong>**)</strong></span> <span class='ocrx_word' id='word_1_412' title='bbox 358 3901 482 3955; x_wconf 86' lang='lat' dir='ltr'><strong>Muelleri</strong></span> <span class='ocrx_word' id='word_1_413' title='bbox 501 3906 655 3956; x_wconf 86' lang='lat' dir='ltr'><strong>sententiae</strong></span> <span class='ocrx_word' id='word_1_414' title='bbox 674 3904 837 3969; x_wconf 84' lang='lat' dir='ltr'><strong>subscripsit</strong></span> <span class='ocrx_word' id='word_1_415' title='bbox 854 3906 963 3972; x_wconf 78' lang='lat' dir='ltr'><strong>Kiimpi.</strong></span> <span class='ocrx_word' id='word_1_416' title='bbox 982 3907 1120 3959; x_wconf 88' lang='lat' dir='ltr'><strong>Umbricc.</strong></span> <span class='ocrx_word' id='word_1_417' title='bbox 1138 3907 1217 3972; x_wconf 85' lang='lat' dir='ltr'><strong>Spec.</strong></span> <span class='ocrx_word' id='word_1_418' title='bbox 1234 3908 1256 3958; x_wconf 93' lang='lat'><strong>1.</strong></span> <span class='ocrx_word' id='word_1_419' title='bbox 1278 3909 1358 3972; x_wconf 83' lang='lat' dir='ltr'><strong>p.ll,</strong></span> 
     </span>
     <span class='ocr_line' id='line_1_44' title="bbox 226 3972 1357 4042; baseline 0.005 -20"><span class='ocrx_word' id='word_1_420' title='bbox 226 3972 393 4038; x_wconf 85' lang='lat' dir='ltr'><strong>eandemque</strong></span> <span class='ocrx_word' id='word_1_421' title='bbox 411 3973 516 4038; x_wconf 86' lang='lat' dir='ltr'><strong>recepit</strong></span> <span class='ocrx_word' id='word_1_422' title='bbox 534 3976 655 4042; x_wconf 82' lang='lat' dir='ltr'><strong>adeoque</strong></span> <span class='ocrx_word' id='word_1_423' title='bbox 673 3974 852 4039; x_wconf 84' lang='lat' dir='ltr'><strong>amplificavit</strong></span> <span class='ocrx_word' id='word_1_424' title='bbox 864 3977 998 4028; x_wconf 88' lang='lat' dir='ltr'><strong>Uscbold:</strong></span> <span class='ocrx_word' id='word_1_425' title='bbox 1017 3977 1114 4028; x_wconf 84' lang='lat' dir='ltr'><strong>Gcsch.</strong></span> <span class='ocrx_word' id='word_1_426' title='bbox 1134 3978 1160 4027; x_wconf 85' lang='lat' dir='ltr'><strong>d.</strong></span> <span class='ocrx_word' id='word_1_427' title='bbox 1180 3977 1243 4041; x_wconf 88' lang='lat' dir='ltr'><strong>troj.</strong></span> <span class='ocrx_word' id='word_1_428' title='bbox 1258 3977 1357 4042; x_wconf 83' lang='lat' dir='ltr'><strong>Kriegs</strong></span> 
     </span>
     <span class='ocr_line' id='line_1_45' title="bbox 227 4041 1355 4112; baseline 0.004 -21"><span class='ocrx_word' id='word_1_429' title='bbox 227 4055 253 4104; x_wconf 88' lang='lat' dir='ltr'><strong>p.</strong></span> <span class='ocrx_word' id='word_1_430' title='bbox 272 4041 322 4092; x_wconf 79' lang='lat'><strong>207</strong></span> <span class='ocrx_word' id='word_1_431' title='bbox 341 4059 432 4108; x_wconf 81' lang='lat' dir='ltr'><strong>seqq,</strong></span> <span class='ocrx_word' id='word_1_432' title='bbox 457 4044 628 4110; x_wconf 80' lang='lat' dir='ltr'><strong>impugnavit</strong></span> <span class='ocrx_word' id='word_1_433' title='bbox 646 4043 814 4108; x_wconf 81' lang='lat' dir='ltr'><strong>Schwegler:</strong></span> <span class='ocrx_word' id='word_1_434' title='bbox 842 4046 1003 4098; x_wconf 82' lang='lat' dir='ltr'><strong>lioemiscbo</strong></span> <span class='ocrx_word' id='word_1_435' title='bbox 1022 4045 1120 4098; x_wconf 78' lang='lat' dir='ltr'><strong>Gesch.</strong></span> <span class='ocrx_word' id='word_1_436' title='bbox 1139 4049 1162 4100; x_wconf 90' lang='grc' dir='ltr'><strong>Ι.</strong></span> <span class='ocrx_word' id='word_1_437' title='bbox 1183 4064 1209 4112; x_wconf 87' lang='lat' dir='ltr'><strong>p.</strong></span> <span class='ocrx_word' id='word_1_438' title='bbox 1229 4047 1281 4098; x_wconf 79' lang='lat'><strong>262</strong></span> <span class='ocrx_word' id='word_1_439' title='bbox 1298 4063 1355 4111; x_wconf 84' lang='lat' dir='ltr'><strong>seq.</strong></span> 
     </span>
     <span class='ocr_line' id='line_1_46' title="bbox 227 4109 1356 4182; baseline 0.005 -22"><span class='ocrx_word' id='word_1_440' title='bbox 227 4109 259 4160; x_wconf 91' lang='lat' dir='ltr'><strong>ln</strong></span> <span class='ocrx_word' id='word_1_441' title='bbox 278 4109 333 4160; x_wconf 84' lang='lat' dir='ltr'><strong>alio</strong></span> <span class='ocrx_word' id='word_1_442' title='bbox 351 4113 421 4162; x_wconf 86' lang='lat' dir='ltr'><strong>abiit</strong></span> <span class='ocrx_word' id='word_1_443' title='bbox 432 4114 593 4167; x_wconf 83' lang='lat' dir='ltr'><strong>Grotelend:</strong></span> <span class='ocrx_word' id='word_1_444' title='bbox 613 4115 709 4166; x_wconf 82' lang='lat' dir='ltr'><strong>(lesch.</strong></span> <span class='ocrx_word' id='word_1_445' title='bbox 730 4130 757 4164; x_wconf 90' lang='lat' dir='ltr'><strong>u.</strong></span> <span class='ocrx_word' id='word_1_446' title='bbox 771 4115 924 4181; x_wconf 83' lang='lat' dir='ltr'><strong>Geogropb.</strong></span> <span class='ocrx_word' id='word_1_447' title='bbox 946 4133 972 4167; x_wconf 89' lang='lat' dir='ltr'><strong>v.</strong></span> <span class='ocrx_word' id='word_1_448' title='bbox 984 4115 1090 4166; x_wconf 80' lang='lat' dir='ltr'><strong>Altital.</strong></span> <span class='ocrx_word' id='word_1_449' title='bbox 1107 4117 1129 4168; x_wconf 93' lang='lat'><strong>1.</strong></span> <span class='ocrx_word' id='word_1_450' title='bbox 1149 4135 1174 4182; x_wconf 89' lang='lat' dir='ltr'><strong>p.</strong></span> <span class='ocrx_word' id='word_1_451' title='bbox 1184 4117 1216 4168; x_wconf 76' lang='lat'><strong>34</strong></span> <span class='ocrx_word' id='word_1_452' title='bbox 1232 4121 1260 4168; x_wconf 87' lang='lat' dir='ltr'><strong>et</strong></span> <span class='ocrx_word' id='word_1_453' title='bbox 1278 4133 1356 4181; x_wconf 87' lang='lat' dir='ltr'><strong>prae-</strong></span> 
     </span>
     <span class='ocr_line' id='line_1_47' title="bbox 227 4179 1356 4252; baseline 0.007 -24"><span class='ocrx_word' id='word_1_454' title='bbox 227 4179 306 4243; x_wconf 89' lang='lat' dir='ltr'><strong>cipue</strong></span> <span class='ocrx_word' id='word_1_455' title='bbox 324 4181 370 4231; x_wconf 86' lang='lat' dir='ltr'><strong>lv.</strong></span> <span class='ocrx_word' id='word_1_456' title='bbox 391 4197 416 4245; x_wconf 88' lang='lat' dir='ltr'><strong>p.</strong></span> <span class='ocrx_word' id='word_1_457' title='bbox 437 4182 467 4232; x_wconf 83' lang='lat'><strong>18</strong></span> <span class='ocrx_word' id='word_1_458' title='bbox 485 4201 560 4250; x_wconf 90' lang='lat' dir='ltr'><strong>seqq.</strong></span> <span class='ocrx_word' id='word_1_459' title='bbox 587 4184 688 4236; x_wconf 85' lang='lat' dir='ltr'><strong>nullam</strong></span> <span class='ocrx_word' id='word_1_460' title='bbox 706 4200 817 4249; x_wconf 86' lang='lat' dir='ltr'><strong>prorsus</strong></span> <span class='ocrx_word' id='word_1_461' title='bbox 834 4187 1024 4251; x_wconf 85' lang='lat' dir='ltr'><strong>cognationem</strong></span> <span class='ocrx_word' id='word_1_462' title='bbox 1047 4188 1119 4238; x_wconf 85' lang='lat' dir='ltr'><strong>iuter</strong></span> <span class='ocrx_word' id='word_1_463' title='bbox 1143 4187 1248 4252; x_wconf 78' lang='lat' dir='ltr'><strong>Lydiae</strong></span> <span class='ocrx_word' id='word_1_464' title='bbox 1271 4191 1356 4251; x_wconf 84' lang='lat' dir='ltr'><strong>atque</strong></span> 
     </span>
     <span class='ocr_line' id='line_1_48' title="bbox 226 4248 1356 4321; baseline 0.011 -25"><span class='ocrx_word' id='word_1_465' title='bbox 226 4248 355 4299; x_wconf 86' lang='lat' dir='ltr'><strong>Etruriae</strong></span> <span class='ocrx_word' id='word_1_466' title='bbox 366 4251 522 4315; x_wconf 85' lang='lat' dir='ltr'><strong>Tyrrhenos</strong></span> <span class='ocrx_word' id='word_1_467' title='bbox 537 4255 624 4308; x_wconf 84' lang='lat' dir='ltr'><strong>luisse</strong></span> <span class='ocrx_word' id='word_1_468' title='bbox 640 4259 717 4306; x_wconf 86' lang='lat' dir='ltr'><strong>ratus</strong></span> <span class='ocrx_word' id='word_1_469' title='bbox 737 4270 896 4321; x_wconf 86' lang='lat' dir='ltr'><strong>omnemque</strong></span> <span class='ocrx_word' id='word_1_470' title='bbox 909 4257 1011 4306; x_wconf 81' lang='lat' dir='ltr'><strong>lamam</strong></span> <span class='ocrx_word' id='word_1_471' title='bbox 1029 4273 1062 4307; x_wconf 84' lang='lat' dir='ltr'><strong>ex</strong></span> <span class='ocrx_word' id='word_1_472' title='bbox 1074 4256 1236 4308; x_wconf 85' lang='lat' dir='ltr'><strong>confusione</strong></span> <span class='ocrx_word' id='word_1_473' title='bbox 1254 4257 1356 4308; x_wconf 83' lang='lat' dir='ltr'><strong>utrius-</strong></span> 
     </span>
     <span class='ocr_line' id='line_1_49' title="bbox 226 4319 1355 4394; baseline 0.009 -26"><span class='ocrx_word' id='word_1_474' title='bbox 226 4333 277 4384; x_wconf 89' lang='lat' dir='ltr'><strong>que</strong></span> <span class='ocrx_word' id='word_1_475' title='bbox 296 4319 385 4384; x_wconf 80' lang='lat' dir='ltr'><strong>gentis</strong></span> <span class='ocrx_word' id='word_1_476' title='bbox 405 4327 492 4372; x_wconf 89' lang='lat' dir='ltr'><strong>ortam</strong></span> <span class='ocrx_word' id='word_1_477' title='bbox 511 4340 580 4376; x_wconf 88' lang='lat' dir='ltr'><strong>esse.</strong></span> <span class='ocrx_word' id='word_1_478' title='bbox 612 4327 670 4378; x_wconf 83' lang='lat' dir='ltr'><strong>Nec</strong></span> <span class='ocrx_word' id='word_1_479' title='bbox 688 4323 768 4376; x_wconf 87' lang='lat' dir='ltr'><strong>aliter</strong></span> <span class='ocrx_word' id='word_1_480' title='bbox 785 4324 841 4378; x_wconf 87' lang='lat' dir='ltr'><strong>lere</strong></span> <span class='ocrx_word' id='word_1_481' title='bbox 860 4325 1009 4392; x_wconf 87' lang='lat' dir='ltr'><strong>Hupicld.‚</strong></span> <span class='ocrx_word' id='word_1_482' title='bbox 1026 4327 1059 4379; x_wconf 95' lang='lat' dir='ltr'><strong>de</strong></span> <span class='ocrx_word' id='word_1_483' title='bbox 1079 4343 1132 4394; x_wconf 89' lang='lat' dir='ltr'><strong>quo</strong></span> <span class='ocrx_word' id='word_1_484' title='bbox 1146 4343 1209 4378; x_wconf 84' lang='lat' dir='ltr'><strong>mox</strong></span> <span class='ocrx_word' id='word_1_485' title='bbox 1226 4327 1355 4378; x_wconf 87' lang='lat' dir='ltr'><strong>dicemus.</strong></span> 
     </span>
    </p>
   </div>
   <div class='ocr_carea' id='block_1_9' title="bbox 0 0 1514 4930">
    <p class='ocr_par' dir='ltr' id='par_1_9' title="bbox 0 0 1514 4930">
     <span class='ocr_line' id='line_1_50' title="bbox 0 0 1514 4930; baseline 0 2"><span class='ocrx_word' id='word_1_486' title='bbox 0 0 1514 4930; x_wconf 95' lang='lat' dir='ltr'><strong> </strong></span> 
     </span>
    </p>
   </div>
  </div>
 </body>
</html>
