3088 4944
230 241 291 304 352

661 244 928 308 HERODOTI

165 454 168 462 ·
229 412 309 495 σούς
331 413 492 503 καλάμων
512 417 814 507 διαστοιβάζοντες,
847 425 984 509 ἔδειμαν
1005 427 1120 512 προῖκα
1142 422 1205 512 μὲν
1227 429 1285 513 τῆς
1305 424 1363 494 τά-

229 546 320 608 φρου
335 517 376 590 τά
395 527 524 608 χείλεα,
549 520 691 612 δεύτερα
710 523 748 592 dl
766 521 900 594 αὐτὰτὰ
916 541 1022 613 τεῖχος
1034 523 1094 596 τὸν
1107 525 1211 598 αὐτὸν
1225 527 1363 617 τρόπον.

229 622 342 692 ἐπάνω
363 623 400 694 δέ
419 629 480 692 τοῦ
500 633 625 712 τείχεος
643 625 733 716 παρά
752 626 793 696 τά
819 635 956 716 ἔσχατα,
981 629 1143 719 οἰκήματα
1164 633 1365 720 μουνόκωλα

229 731 385 816 ἔδειμαν,
404 732 611 818 τετραμμένα
625 731 658 810 ἐς
671 727 822 820 ἄλληλα.
847 731 884 800 sd
903 735 1006 821 μέσον
1028 735 1065 803 δὲ
1085 741 1153 805 τῶν
1173 737 1365 826 οἰκημάτων

230 836 346 901 ἔλιπον
368 839 546 926 τεθρίππῳ
574 836 777 923 περιέλασιν.
821 835 924 905 πύλαι
955 837 992 905 δέ
1014 840 1164 908 ἐνεστᾶσι
1190 844 1284 930 πέριξ
1305 849 1366 912 τοῦ

229 942 353 1024 τείχεος
373 933 508 1022 ἑκατὸν,
529 936 666 1024 χάλκεαι
682 944 801 1026 πᾶσαι,
823 942 879 1010 καὶ
895 949 1044 1030 σταθμοί
1057 969 1093 1011 τε
1113 945 1168 1013 καλ
1183 939 1364 1036 ὑπέρθυρα

229 1103 393 1154 arundineas
409 1103 525 1156 laterum
538 1106 677 1156 ordinibus
691 1107 773 1157 inter·
822 1099 1024 1190 μουνόκωλα
1016 1125 1070 1160 ram
1095 1117 1238 1176 acceperat
1263 1113 1366 1164 Grono-

229 1178 316 1224 sertas
339 1175 460 1240 integras
484 1191 555 1226 nunc
580 1193 686 1243 qnoque
710 1193 772 1227 con·
823 1177 898 1242 vius,
931 1195 982 1231 nec
1014 1180 1093 1230 aliter
1125 1181 1181 1232 iere
1211 1182 1365 1234 Laroherus

229 1244 299 1308 spici
309 1245 410 1309 optime
421 1251 555 1310 servatas,
570 1253 602 1297 ut
613 1252 676 1297 ante
689 1248 771 1297 breve
823 1256 908 1301 turres
924 1252 998 1300 unius
1014 1254 1140 1302 conclusis
1157 1251 1328 1319 intelligens3
1348 1268 1365 1302 a

228 1319 335 1364 tantum
351 1321 457 1380 tempus
476 1285 636 1367 interlertas
652 1333 698 1368 eas
712 1333 771 1367 esse
823 1334 876 1384 qno
900 1335 955 1371 non
979 1319 1059 1370 valde
1084 1320 1229 1372 abhorrent
1246 1323 1365 1373 Lauren

229 1385 378 1436 existimes.
407 1387 574 1436 Invenerunt
588 1387 769 1452 Beanchamp,
822 1389 877 1438 tius
895 1389 976 1440 Valla
999 1396 1081 1456 atque
1099 1392 1230 1442 Aemilius
1254 1394 1364 1456 Portus,

228 1455 406 1518 Niebubrius,
430 1456 463 1506 de
480 1455 507 1506 le
524 1456 617 1520 Velle,
636 1458 696 1520 alii,
720 1457 770 1507 has
822 1459 919 1524 quibus
938 1465 1003 1510 sunt
1019 1462 1180 1514 domunmilae
1197 1465 1270 1514 nnius
1288 1468 1365 1514 conti-

228 1529 318 1575 crates
343 1493 507 1576 arnuldineas
531 1527 694 1578 lateribus'
686 1543 771 1578 mser·
819 1533 954 1594 ρκολίοκλτ.
1010 1531 1144 1592 Quoniam
1175 1548 1240 1583 vero
1272 1530 1365 1583 scelos

227 1599 286 1657 tas,
311 1596 359 1646 sed
377 1595 463 1647 nitere
484 1612 591 1666 qnoque
613 1603 661 1649 ant
688 1599 771 1649 etiem
821 1598 903 1665 vulgo
914 1602 981 1650 λαιιιι
993 1601 1141 1666 significet
1161 1602 1284 1670 Schweig
1285 1604 1366 1654 baeu·

228 1633 320 1729 serlo,
340 1667 455 1731 septimo
474 1669 652 1718 etoetavoin
666 1668 769 1719 ordine.
822 1684 897 1720 serus
929 1670 1033 1720 mavult
1060 1671 1177 1736 intelligi
1206 1674 1366 1725 domuuculas

228 1703 332 1798 Quibris
362 1737 525 1787 testimoniis
555 1737 672 1790 confisus
701 1739 772 1790 Ren-

227 1804 314 1856 nelius
334 1807 513 1870 existimat,
505 1823 534 1857 ιιι
551 1809 707 1860 Herodoteo
727 1812 771 1859 rri-

224 1879 296 1942 ρίιιλο
313 1876 428 1928 laterum
446 1894 557 1929 numero
570 1879 695 1930 mendum
709 1879 771 1929 sub-

227 1961 287 1996 esse
303 1962 320 1996 a
337 1947 455 1997 librariis
473 1950 654 2000 commiss.um
689 1949 769 1999 (loni.

227 2016 326 2083 Geogr.
356 2017 490 2068 Herodot.
519 2035 546 2083 p.
577 2019 638 2070 559.
680 2019 770 2082 Quare

226 2085 356 2152 Stegerus
373 2089 496 2138 Praelnt.
512 2089 689 2149 adHerodot.
705 2104 770 2154 pag.

226 2157 251 2206 X
270 2171 327 2221 seq.
351 2172 433 2207 voees
460 2148 509 2207 διὰ
537 2150 690 2236 τριήκοντα
713 2174 771 2208 cor-

226 2225 280 2288 rigi
296 2225 381 2275 vult
373 2241 402 2275 ιιι
419 2214 510 2276 δύο
490 2243 508 2289 η
525 2225 613 2291 τριῶν
631 2242 699 2292 κου,
724 2228 770 2278 nbi

226 2291 281 2344 δυο
300 2295 418 2360 positum
436 2297 473 2346 sit
491 2312 539 2361 pro
560 2293 651 2360 δυῶν,
678 2265 759 2348 ele

226 2365 329 2418 uitivus
344 2365 462 2430 pendeat
477 2383 493 2416 a
505 2335 707 2445 praepositione
723 2314 772 2416 διά

226 2435 255 2484 λιι
275 2435 358 2485 verbo
383 2431 532 2502 διαστοιβα
526 2427 602 2501 Zeto,
629 2452 682 2486 κου
704 2453 769 2488 sero

226 2521 287 2556 esse
304 2508 415 2556 circiter.
441 2506 478 2556 Et
491 2506 537 2571 qui
554 2508 707 2572 nuperrime
719 2508 769 2558 hae

226 2575 351 2642 regiones
369 2575 465 2624 invisit
482 2583 709 2642 monumentaque
726 2577 770 2628 de-

227 2645 351 2711 scripsit,
379 2645 591 2711 Buclringbem„
629 2647 770 2698 confirmat

226 2717 346 2782 priorum
373 2716 607 2781 peregrinatorum
636 2719 770 2768 narratio-

227 2801 287 2837 nem
306 2785 339 2835 de
357 2786 477 2836 cratibus
501 2787 656 2837 arundineis
674 2789 769 2853 quinto

227 2862 275 2908 sut
293 2861 370 2907 sexto
393 2855 508 2906 laterum
529 2857 618 2907 ordini
643 2859 770 2909 interser-

226 2928 276 2990 tis,
302 2941 455 2991 causasque
472 2927 635 2993 investigat,
661 2944 708 2979 eur
729 2929 770 2978 ite

227 2998 342 3048 iecerint
359 2995 514 3061 Babylonii.
551 2998 584 3048 In
601 3014 712 3050 numero
730 2999 770 3048 la·

226 3073 327 3130 terum,
356 3067 454 3132 quibus
472 3072 562 3118 crates
580 3068 697 3118 iniectae
713 3068 769 3118 lue-

226 3137 298 3198 rint,
329 3135 409 3187 sacile
434 3136 559 3187 mendum
582 3138 699 3202 irrepere
724 3154 770 3203 po·

227 3207 314 3256 tuisse
335 3205 389 3270 ipsi
409 3221 516 3271 quoque
537 3208 678 3272 probabile
696 3208 770 3258 vide·
793 3219 796 3228 “

227 3281 280 3326 tnr.
320 3273 399 3326 Cous.
418 3277 477 3326 eius
496 3277 617 3329 itinerar.
638 3279 666 3328 in
681 3279 770 3329 Meso·

225 3345 374 3412 potamium
388 3344 518 3411 (Berolin.
532 3347 610 3415 1828)
629 3365 692 3414 pag.
706 3349 767 3400 449.

261 3475 356 3536 ἐπάνω
378 3479 410 3535 δὲ
433 3483 484 3536 τοῦ
506 3484 612 3551 τείχεος
636 3478 713 3550 παρά
735 3480 770 3536 τά

226 3550 384 3624 ἔσχαταλλ.
405 3571 429 3607 e.
449 3570 530 3620 super
547 3572 623 3607 muro
641 3555 701 3606 nd'
693 3571 768 3620 ipsas

227 3628 284 3678 eius
310 3631 445 3677 extremas
471 3629 562 3691 partes
586 3641 608 3675 s.
630 3625 660 3676 in
683 3629 770 3676 extre·

226 3699 277 3748 mis
295 3697 353 3747 eins
371 3695 531 3761 pertibuss
523 3711 551 3744 m
569 3699 683 3761 utraque
700 3697 769 3747 muri

227 3781 283 3816 ora.

267 3827 409 3900 οἰκήματα
428 3825 610 3952 &poscitote
644 3829 767 3898 ἔδειμαν,

224 3894 442 3967 τετραμμέναέ
442 3919 455 3961 ς
481 3895 595 3970 ἄλληλα]
627 3905 770 3970 Sequimur

224 3973 254 4022 in
276 3971 318 4022 bis
339 3971 508 4036 explicandis
527 3974 769 4038 Wyttenbacbium

225 4041 245 4092 l.
269 4040 288 4091 l.
314 4057 340 4106 p.
360 4041 411 4093 354
435 4043 673 4108 interpretantem:
699 4045 769 4094 aedi-

222 4111 283 4173 ficia
305 4113 378 4160 unius
401 4111 513 4174 membri,
543 4116 614 4164 unius
637 4115 769 4172 οοιιολανίε,

821 1756 892 1788 snum
917 1743 1054 1791 continuum
1077 1745 1158 1802 λολιιι,
1188 1759 1261 1793 unam
1287 1746 1365 1794 cocti·

821 1825 894 1858 ιιιιαιιι
917 1813 1071 1874 superficiem
1096 1813 1244 1876 offerentes,
1265 1813 1292 1862 id
1314 1819 1364 1876 est,

820 1881 951 1944 contiguas
973 1889 998 1930 et
1015 1897 1063 1932 uno
1086 1890 1173 1932 tenore
1193 1886 1363 1935 αοκλλιιιιαιοτ.

823 1949 903 2010 Quod
920 1949 985 1999 mibi
1006 1967 1061 2001 non
1083 1953 1229 2016 persuasit.
1267 1955 1364 2020 Negris

822 2019 907 2069 allata
923 2020 1054 2070 Lereheri
1071 2022 1296 2087 interpretatione
1313 2025 1364 2076 sibi

820 2089 908 2139 videri
927 2090 966 2139 sit
990 2091 1106 2141 indicari
1129 2092 1255 2143 aedilicia
1278 2108 1364 2156 μονο-

821 2155 948 2222 μέτωπα,
973 2175 1042 2225 quae
1064 2177 1118 2211 non
1140 2162 1194 2211 nisi
1217 2179 1300 2214 nuum
1317 2165 1364 2213 ha-

821 2228 904 2278 beant
929 2226 1069 2292 μέτωπον.
1115 2229 1202 2282 Italus
1230 2234 1364 2298 interpres

821 2299 967 2363 expressit.
985 2302 1097 2364 casipole
1108 2302 1184 2350 ιλίιιιο
1196 2305 1252 2352 sola
1267 2304 1363 2366 faccia,

821 2368 902 2432 idque
924 2375 1036 2434 propter
1059 2370 1100 2432 11,
1122 2370 1186 2434 126,
1207 2372 1253 2421 ubi
1272 2369 1364 2420 scitos

821 2437 915 2488 eodem
929 2439 1008 2489 modo
1021 2440 1184 2504 invenietur,
1198 2445 1288 2492 tuetur
1301 2455 1363 2490 con·

822 2513 865 2558 tra
882 2524 973 2558 eornm
991 2510 1249 2574 interpretationem,
1270 2509 1362 2576 quide

820 2593 874 2628 uno
887 2577 1011 2628 conclavi
1024 2581 1155 2646 cogitant.
1174 2581 1361 2644 „Pinttosto,“

820 2647 888 2698 haee
906 2653 970 2698 sunt
988 2649 1045 2699 eius
1063 2650 1159 2714 verba,
1177 2652 1242 2717 „qni
1261 2651 1288 2702 lo
1306 2655 1362 2700 sto-

820 2719 877 2768 rico
901 2733 1021 2769 accenna
1045 2719 1086 2769 cb'
1111 2735 1171 2772 esse
1195 2737 1249 2772 non
1272 2725 1363 2772 conte·

820 2803 926 2838 nerano
949 2804 1051 2839 nessun
1075 2791 1170 2841 cortile
1195 2807 1284 2842 enon
1301 2806 1363 2841 ave-

820 2873 891 2908 vano
911 2857 960 2908 che
977 2873 1033 2908 una
1049 2859 1199 2912 laeoiate.“

855 2919 886 2977 τὸ
906 2925 994 2991 μέσον
1015 2921 1047 2978 dl
1066 2927 1124 2979 reis
1149 2921 1312 2994 οἰκημάτων
1328 2961 1363 2970 -

795 3055 802 3068 ,
821 2995 994 3064 περιέλασιν]
1017 2999 1060 3048 Ex
1085 2999 1179 3051 eodem
1203 3001 1363 3051 Tevernerii

820 3069 961 3118 itinerario
995 3068 1050 3133 (ΙΙ,
1088 3068 1117 3134 8)
1152 3069 1197 3120 hic
1232 3071 1364 3120 adscribit

821 3137 988 3204 Schweigb„
1007 3139 1036 3187 in
1050 3154 1082 3189 ea
1098 3141 1219 3207 regione,
1237 3141 1285 3190 ubi
1300 3141 1362 3190 olim

820 3206 945 3271 Babylon
967 3208 1031 3258 urbs
1055 3211 1175 3273 steterit,
1204 3211 1274 3260 muri
1303 3210 1363 3260 reli-

820 3278 898 3342 quias
918 3279 1040 3344 conspici
1059 3295 1091 3330 eu
1110 3279 1307 3343 crassitudine,
1332 3284 1364 3329 ut

820 3363 868 3398 sex
892 3347 1024 3398 vehiculis
1048 3364 1103 3400 una
1125 3351 1215 3400 ironte
1233 3350 1364 3400 currenti-

819 3417 870 3468 bus
893 3419 1012 3482 spatium
1035 3418 1130 3482 luerit,
1162 3419 1262 3468 lateres
1286 3432 1363 3480 pras

819 3493 895 3538 terea
923 3487 987 3571 igne
1019 3495 1111 3539 coetos
1142 3487 1270 3538 denorum
1301 3499 1361 3534 esse

818 3557 942 3622 pedum’
934 3574 962 3607 ιιι
981 3557 1176 3623 longitudinem
1196 3561 1223 3604 et
1231 3552 1361 3634 latitem,

820 3643 894 3689 nem,
913 3628 995 3678 trium
1032 3627 1110 3677 edum
1129 3622 1283 3674 altitudine.

854 3664 941 3746 πάλαι
959 3689 990 3746 δὲ
1005 3641 1175 3746 deosum-
1182 3689 1296 3757 χαλκέαι
1308 3688 1361 3741 πᾶ-

821 3765 876 3832 σαι]
900 3765 986 3816 llffert
1005 3764 1111 3816 Ieseise
1128 3761 1218 3813 locum
1237 3762 1324 3824 XLV,
1344 3763 1360 3811 ‘3

819 3835 986 3896 Larcberus,
1005 3833 1051 3884 ubi
1068 3833 1162 3884 itidem
1183 3847 1284 3882 aeneae
1302 3847 1362 3896 por-

821 3909 865 3960 tes
895 3907 1085 3954 memorantur.
1130 3901 1280 3954 Herodotei
1309 3901 1362 3952 loci

819 3974 889 4024 bene
900 3988 1031 4024 memores
1045 3971 1155 4022 luerunt
1168 3971 1266 4024 Graeci
1280 3971 1363 4024 inter-

821 4048 910 4106 pretes
933 4042 968 4092 ad
988 4042 1099 4093 Homer.
1123 4041 1202 4092 Iliad.
1223 4042 1276 4104 IX,
1301 4040 1363 4102 383,

820 4111 867 4161 nbi
890 4111 1000 4162 Thebae
1018 4112 1170 4177 Aegyptiae
1192 4110 1364 4162 celebrantur

226 4193 329 4245 ᾳιιοινιιι
343 4179 427 4242 facies
451 4180 481 4245 (i.
501 4196 525 4232 e.
542 4182 770 4248 anteriorespar·

225 4247 278 4314 tes)
296 4249 426 4300 adversae
451 4252 770 4312 srmt,i.e.adreiu·
820 4249 1104 4318 11.1.p.758,15
1134 4257 1161 4302 et
1189 4250 1224 4300 ad
1247 4249 1363 4316 Dionys.

224 4319 301 4370 mm
314 4331 462 4372 sonemus.
489 4317 534 4370 Sic
549 4318 613 4370 olim
629 4313 770 4386 οἰκήματα
820 4321 927 4389 Perieg.
947 4319 1078 4376 1005.—
1096 4314 1248 4386 σταδμολ
1240 4333 1268 4369 ιιι
1287 4333 1363 4384 seqq.

821 4169 1026 4248 ἓκατόμπυλνις
1051 4182 1126 4234 coni.
1144 4180 1305 4232 Eustatlrius
1328 4179 1364 4230 ad
