3086 4952
601 303 774 366 OL10.1.
799 315 860 369 ros.
1237 301 1299 365 227

160 479 375 568 Ἀσσυρίους,
394 479 450 548 καὶ
465 475 651 566 ’Λσσυρίων
665 479 819 565 τούτους,
841 486 875 548 οἳ
889 487 999 549 Νῖνον
1018 477 1109 568 εἶχον
1123 479 1179 550 καλ
1195 467 1299 570 ἦρχον

167 584 332 674 πρότερον
355 580 510 668 πάντων,
545 581 619 652 τότε
643 575 785 671 dirique
808 586 1059 672 μεμουνωμένοι
1082 583 1144 672 μὲν
1166 585 1297 674 συμμύ-

168 715 252 776 χων,
272 682 329 754 ἅτε
346 681 583 770 ἀπεστεώτων,
607 681 713 766 ἄλλως
730 689 843 776 μέντοι
860 690 996 758 ἑωυτῶν
1012 678 1051 758 εὖ
1066 683 1219 778 ἥκοντες·
1243 690 1298 758 ἐπὶ

169 788 306 870 τούτους
325 786 367 877 δὴ
391 787 676 878 στρατευσόμενος
698 785 715 858 ὁ
734 789 906 879 Φραόρτης
930 788 1029 872 αὐτός
1054 819 1090 860 τε
1115 791 1295 884 διεφθάρη,

169 891 270 982 ἄρξας
288 891 351 962 δύο
366 893 422 962 καὶ
441 901 546 962 εἰκοσι
565 897 656 978 ἔτεα,
675 893 730 960 καὶ
753 887 770 961 ὁ
789 890 925 979 στρατὸς
943 891 1047 964 αὐτοῦ
1063 889 1080 964 ὅ
1098 896 1227 978 πολλός.

244 995 424 1084 Φραόρτεω
441 995 479 1065 di
492 994 766 1085 τελευτήσαντος,
783 997 949 1079 ἐξεδέξατο
962 1001 1155 1087 Κυαξάρης,
1171 995 1189 1070 ὁ
1203 1009 1293 1088 Φρα-
1306 1010 1365 1072 103

164 1099 270 1189 όρτεω
288 1104 349 1170 τού
368 1098 523 1190 Δηιόκεω
547 1114 633 1180 ταῖς.
657 1088 754 1179 οὗτος
776 1103 907 1186 λέγεται
926 1097 1051 1172 πολλὸν
1073 1107 1119 1170 ἔτι
1138 1106 1296 1190 γενέσθω

110 1271 120 1284 ,
163 1202 389 1293 ἀλκιμώτερος
410 1209 478 1274 τῶν
496 1201 700 1293 προγόνων,
718 1204 775 1274 καὶ
792 1203 923 1293 ττροῐτός
944 1231 980 1273 τε
1001 1201 1127 1291 ἐλόχισε
1147 1204 1230 1274 κατὰ
1246 1208 1298 1274 τέ-

197 1368 245 1422 sui
267 1361 419 1436 Ἀσσυρίων
442 1362 574 1433 τούτους,
587 1365 629 1420 αἳ
653 1369 708 1420 Ns*-
759 1377 844 1439 atque
864 1375 901 1438 is,
923 1389 1003 1440 quem
1016 1369 1232 1436 Sardanapalum
1250 1375 1302 1421 ter-

164 1455 217 1490 νον
245 1431 334 1508 εἶχον]
365 1439 407 1492 Ad
437 1445 624 1505 argumentum
652 1440 706 1492 loei
758 1447 825 1495 tium
837 1444 1004 1496 Rawlinsen.
1020 1441 1198 1508 significavit,
1217 1441 1302 1491 filium

164 1511 231 1562 bono
242 1511 416 1562 admonemur
427 1511 639 1576 aWesselingio,
651 1512 705 1562 Ηυ-
757 1515 971 1576 Eearheddonie,
982 1513 1053 1564 haud
1066 1513 1224 1564 decernam:
1239 1511 1302 1562 vide

164 1583 287 1633 rodotum
305 1581 479 1646 Assyriorum
501 1582 608 1631 nomine
626 1597 704 1630 usum
757 1586 922 1636 Rawlinson.
945 1585 1051 1636 Abriss.
1078 1583 1104 1634 d.
1128 1583 1227 1648 Babyl.
1251 1583 1301 1634 As-

165 1667 223 1702 esse
242 1666 324 1702 seusu
340 1651 447 1714 latiori,
465 1651 505 1700 ita
518 1655 549 1700 ut
560 1650 704 1716 Babylonii
756 1671 811 1721 syr.
829 1655 927 1706 Gesoh.
944 1671 970 1720 p.
986 1654 1019 1706 37
1038 1669 1108 1704 vers.
1127 1669 1237 1705 vernae.
1258 1657 1301 1702 at·

165 1737 284 1788 qnoque,
303 1721 351 1770 alii
370 1720 642 1786 eomprehendautur3
667 1721 702 1770 ei.
756 1741 808 1790 qne
826 1726 850 1777 1.
864 1742 880 1775 a
893 1723 1033 1790 Gumpaeb
1051 1723 1087 1774 ad
1100 1723 1128 1773 h.
1140 1723 1158 1775 1.
1176 1739 1240 1788 pag.
1254 1721 1298 1774 03.

164 1791 187 1854 Ῐι
207 1791 264 1844 178·
286 1790 345 1843 1⁸5·
382 1790 457 1840 ldfim
482 1793 574 1840 monet
592 1790 703 1842 Bennoi·
756 1795 831 1846 Idem
849 1793 1007 1846 Rawlinsou
1035 1794 1063 1843 in
1091 1793 1238 1858 scriptione
1267 1790 1300 1841 de

165 1861 192 1911 iu
215 1859 367 1927 Geograph.
392 1860 505 1910 Herod·
518 1876 544 1924 p.
569 1860 629 1912 tos.
666 1860 706 1910 Ao
756 1865 959 1915 Ecbatanurum
989 1864 1044 1913 situ
1075 1877 1157 1927 supra
1186 1861 1301 1912 laudata

164 1931 285 1996 pluribus
304 1931 375 1980 bauo
398 1931 426 1980 in
451 1945 508 1980 rem
525 1929 647 1995 disputat
664 1930 707 1979 Ia·
757 1951 783 2000 p.
805 1935 852 1985 141
870 1951 927 1998 seq.
964 1931 1153 1998 Arpbaxadam
1173 1931 1237 1982 libri
1256 1931 1300 1981 Iu·
1394 1955 1398 1964 ·

165 2000 280 2066 hionsky
299 2001 372 2050 Dies.
394 1999 427 2050 de
445 1999 512 2065 ling.
528 2000 650 2065 Lycaon.
672 2000 705 2048 Τ.
756 2003 816 2054 dith
834 2003 868 2054 ad
887 2004 1058 2065 Pbraortsm,
1077 2002 1187 2052 Deionis
1205 2000 1299 2063 filium,

165 2071 219 2120 111.
237 2087 265 2135 p.
285 2069 335 2120 lto
353 2069 485 2134 Opusoe.,
509 2069 638 2134 Assyriae
659 2084 706 2118 no·
756 2073 852 2125 referri
869 2089 949 2139 posse
965 2078 1061 2138 negat:
1085 2071 1118 2122 de
1133 2071 1234 2122 Doioee
1257 2085 1300 2121 eo

166 2141 239 2188 mine
257 2139 450 2204 antiquissimis
467 2140 632 2205 temporibus
650 2153 705 2188 non
758 2145 846 2210 gitaro
863 2142 980 2206 mavult,
1007 2141 1079 2208 quod
1101 2140 1166 2191 mihi
1191 2141 1300 2207 quidem

169 2209 253 2258 solam
272 2209 406 2274 Assyriam
421 2209 705 2275 inissasignifieatsm,
756 2214 829 2264 haud
856 2213 1002 2278 persuasit.
1045 2213 1103 2275 Quo
1130 2212 1230 2262 reotius
1257 2212 1299 2261 De

169 2293 260 2328 vorum
274 2283 301 2328 ot
312 2277 447 2344 compluto
457 2278 513 2328 olio
524 2293 621 2345 regns,
641 2293 706 2344 quo·
757 2282 857 2349 Sauley
872 2284 900 2333 in
916 2281 1142 2334 commentatione
1161 2286 1226 2332 ante
1240 2279 1299 2331 lau-

168 2363 224 2399 rum
242 2349 322 2414 potiti
332 2349 432 2398 fuerint
441 2349 560 2412 Assyrii,
576 2365 631 2400 non
644 2363 705 2398 raro
757 2354 823 2404 data
849 2369 876 2420 p.
900 2353 951 2405 284
979 2351 1168 2417 Arpbaxadam
1195 2350 1298 2402 nullum

167 2415 462 2484 comprehensiiuisso.
492 2417 705 2484 Indequsotiam
756 2423 838 2474 olium
867 2439 926 2474 sese
954 2437 1036 2488 posse
1065 2422 1118 2472 nisi
1139 2421 1297 2474 Phraortem

165 2489 331 2555 Babylonios
353 2489 411 2538 sive
429 2487 591 2552 Chaldaeos,
616 2486 706 2538 debel-
755 2493 889 2545 Herodoti
911 2493 1043 2553 ostendit3
1068 2493 1101 2542 de
1123 2491 1296 2557 Assyriorum

164 2558 235 2609 lotos
263 2559 298 2608 ab
316 2557 450 2623 Assyriis,
475 2557 570 2608 horum
596 2557 705 2608 nomino
755 2563 979 2628 regeKiniladan
1000 2562 1071 2614 idem
1088 2563 1214 2627 exposuit
1231 2575 1295 2626 pag.

165 2628 311 2694 aliqnando
338 2625 490 2693 appellatos
517 2643 578 2678 esse
602 2631 703 2678 monet.
756 2635 816 2684 277,

163 2697 498 2764 Add.I·'orbiger.Handb.
511 2697 537 2748 d.
548 2697 596 2748 alt.
605 2697 703 2762 Geogr.
788 2693 877 2760 ἄλλως
899 2699 995 2766 μέντοι
1018 2692 1131 2750 ἑωυτῶν
1155 2685 1189 2749 eri
1210 2685 1297 2763 ἥκον-

163 2769 201 2818 11.
221 2783 248 2833 p.
265 2767 325 2820 607.
361 2765 439 2818 Unde
462 2769 597 2834 sequitur,
620 2767 706 2816 Hero·
754 2771 810 2838 τες]
835 2773 853 2825 i.
876 2789 900 2823 a.
925 2779 1071 2832 „caerem
1090 2770 1207 2834 proferto
1230 2771 1298 2832 ipso-

164 2838 257 2889 dotum
280 2837 371 2888 verbis
391 2832 438 2886 τιαλ
463 2828 613 2896 Ἀσσυρίων
640 2827 705 2885 τού-
753 2859 806 2893 rm
823 2842 900 2894 rebor
914 2839 1097 2906 fiorendhus,“
1123 2855 1145 2889 s.
1164 2837 1241 2888 rohas
1257 2843 1299 2886 sut

164 2921 244 2970 τους,
263 2901 292 2956 οἳ
309 2905 404 2956 Νῖνον
421 2897 499 2972 εἶχον
517 2905 637 2956 indicare
656 2920 703 2976 το·
753 2915 828 2964 laeso
842 2927 873 2962 ae
884 2909 1033 2977 flormdbus
1049 2909 1172 2960 constitui.
1205 2907 1247 2955 De
1260 2903 1299 2954 io-

165 2977 248 3028 toisse
263 2991 322 3027 eam
333 2975 486 3042 Assyriam,
506 2991 575 3042 quae
587 2976 703 3026 arctiore
754 2984 863 3034 cutione
881 2979 953 3030 oens.
972 2979 996 3042 Ι,
1014 2977 1048 3029 30
1066 2977 1132 3043 ibiq.
1149 2980 1207 3026 not.

166 3061 247 3096 sensu
263 3062 296 3096 ao
307 3047 414 3112 proprie
427 3047 466 3098 sie
482 3045 635 3107 dicebatur,
654 3044 707 3109 pri-

167 3117 289 3166 mitivam
308 3117 436 3181 Assyriae
458 3115 611 3182 regionem,
635 3113 707 3164 unde
945 3149 1001 3202 Cn
1030 3147 1097 3201 cm

164 3188 251 3254 ipsum
276 3186 447 3251 Assyriorum
478 3199 591 3251 regnum
620 3184 707 3248 proie—
1005 3187 1010 3201 '
1099 3186 1105 3199 ·

166 3263 238 3306 etum
257 3259 312 3318 est,
337 3255 496 3306 Adiabenen
519 3269 599 3319 quam
624 3254 705 3304 etiam
790 3246 903 3318 πρῶτός
933 3269 961 3304 τε
985 3243 1092 3319 ἐλόχισε
1121 3241 1192 3300 κατὰ
1220 3248 1298 3300 τέλεα

165 3325 315 3388 voosbsnt;
334 3325 389 3376 oid.
407 3324 547 3390 Forbiger.
564 3323 583 3374 l.
602 3322 621 3374 l.
639 3339 703 3389 pag.
754 3317 822 3382 τούς
850 3314 881 3374 ἓν
909 3323 944 3390 τῇ
972 3315 1064 3388 Ἀσίῃ]
1093 3317 1213 3385 iustiore
1242 3323 1296 3398 est:

165 3397 226 3448 607.
249 3394 301 3446 000
319 3409 374 3461 seq.
411 3394 452 3444 De
470 3394 531 3443 Nini
552 3393 619 3443 urbe
648 3393 703 3444 rid.
756 3394 932 3455 distribuere,
951 3392 1071 3442 dividere
1088 3389 1235 3440 seeundum
1251 3387 1297 3435 λο-

165 3465 187 3525 I,
209 3463 266 3516 103.
289 3463 346 3517 103.
373 3461 431 3514 185.
452 3463 503 3515 178
520 3463 612 3528 ibique
634 3467 704 3513 nott.
755 3478 824 3529 χους
855 3460 925 3524 (sive
953 3460 1077 3512 cobortes
1106 3459 1207 3508 dixeris
1239 3455 1297 3505 sive

165 3539 193 3585 et
205 3535 244 3598 11,
259 3533 317 3585 leo.
349 3533 564 3584 Caeterumonm
577 3533 620 3594 iis,
636 3547 706 3597 quae
755 3529 930 3596 manipnlos).
967 3527 1141 3580 censoriam
1156 3524 1255 3576 suidas
1274 3539 1297 3573 s.

164 3604 319 3654 Herodotus
331 3601 364 3652 de
377 3601 579 3654 haoPhraortis
598 3601 705 3666 expedi·
756 3619 782 3653 v.
802 3606 829 3652 et
847 3602 967 3650 Zonaras
984 3599 1014 3648 in
1030 3599 1097 3648 Lex.
1115 3610 1141 3660 p.
1159 3593 1226 3656 605,
1251 3592 1299 3642 uhi

163 3674 238 3725 tione
250 3677 344 3723 eontra
359 3673 485 3738 Assyrios
499 3671 607 3734 scribit,
625 3670 706 3737 plano
754 3678 846 3721 tamen
858 3668 929 3719 male
941 3667 1081 3719 exhibetur
1093 3653 1215 3728 ἐλόχησε.
1226 3661 1298 3712 Hine

164 3743 309 3794 convenire
326 3741 420 3792 volunt
438 3757 482 3805 ea,
503 3757 572 3807 quae
590 3742 618 3790 in
636 3740 705 3790 libro
755 3739 878 3792 additum
889 3729 960 3787 κατὰ
975 3735 1066 3799 τέλεα,
1084 3749 1144 3783 eum
1159 3729 1237 3787 τέλος
1254 3730 1298 3781 hie

164 3812 257 3863 Iudith
272 3811 339 3864 1-6
350 3811 478 3877 leguntur
490 3811 523 3862 de
532 3809 705 3876 Arphaxada,
756 3813 858 3862 certam
884 3805 1019 3875 quandam
1041 3802 1157 3854 militnm
1180 3815 1297 3864 manum,

164 3882 304 3933 Medorum
323 3896 399 3946 rege,
424 3881 485 3948 qui,
505 3895 563 3932 eum
581 3879 706 3946 Assyrio·
756 3879 894 3934 eohortem
924 3881 976 3928 ete.
1005 3875 1107 3926 indieet
1136 3871 1298 3938 saepiusque

164 3967 223 4002 rum
251 3967 315 4017 rege
343 3949 546 4002 Nebokadnesur
573 3949 704 4001 deoimnm
756 3950 808 4001 boe
822 3963 912 4012 seusu,
931 3945 1090 4013 praesertim
1103 3941 1297 4006 adieotaprae-

164 4023 240 4086 regni
268 4035 368 4072 annum
396 4025 494 4086 agente
523 4019 705 4082 condictatus,
756 4020 892 4086 positione
915 4009 986 4066 aurit
1009 4013 1127 4067 notionis
1148 4011 1297 4064 distributi-

165 4089 241 4141 iusns
260 4095 303 4141 est
317 4091 346 4140 in
358 4105 453 4156 eampo
465 4091 573 4156 Ragau:
591 4089 619 4138 id
633 4087 719 4156 quod'
755 4105 822 4150 vae,
840 4087 912 4152 apud
922 4088 1050 4138 Nostrum
1062 4083 1223 4136 inveniatur.
1251 4081 1296 4133 Sic

163 4162 192 4210 in
210 4175 308 4211 anuum
325 4158 377 4212 635
394 4165 459 4210 ante
480 4159 543 4211 Chr.
562 4173 588 4208 n.
609 4159 705 4209 eadere
756 4159 824 4220 vn,
843 4157 886 4208 87.
905 4157 965 4208 211.
986 4157 1038 4219 lx,
1058 4156 1100 4208 20.
1120 4151 1162 4206 33.
1198 4153 1296 4204 Moneo

163 4229 278 4296 probare
294 4229 399 4280 studuit
415 4229 438 4280 1.
455 4245 472 4279 a
491 4227 639 4294 Gnmpsoh.
653 4228 671 4278 l.
684 4227 704 4278 l.
756 4232 866 4294 propter
890 4225 1072 4289 Schultsium,
1102 4223 1148 4290 qui
1171 4223 1200 4272 in
1226 4236 1297 4271 eom-

162 4316 189 4366 p.
210 4298 259 4351 161
278 4313 334 4365 seq.
371 4297 543 4366 Assyriorum
560 4312 607 4349 rex
624 4311 705 4348 voea-
757 4297 921 4348 mentatione
945 4295 978 4348 de
1001 4295 1087 4362 Cyro,
1113 4307 1194 4360 quam
1215 4303 1298 4366 snprq

162 4377 208 4420 tur
232 4367 386 4420 liiuitadaa:
415 4367 461 4434 qui
489 4365 645 4418 numidam
669 4365 706 4418 sit
757 4364 805 4432 (ad
823 4363 846 4429 1,
865 4365 910 4432 oo)
929 4362 1053 4428 landari,
1073 4375 1137 4429 ρος.
1157 4357 1207 4413 081
1226 4369 1299 4407 κατα

1023 4437 1087 4504 ih*
