3058 4928
214 263 276 324 560
648 261 917 324 HERODOTI

213 433 298 506 διότι
319 431 484 523 βάρβαροι
504 424 608 523 ἦσαν·
636 435 774 507 ἐδόκεον
795 439 836 506 δέ
850 458 912 526 σφι
932 431 1054 525 ὁμοίως
1067 433 1178 529 ὄρνισι
1198 441 1348 529 φθέγγε-

211 551 304 610 σθαι.
343 535 425 626 μετὰ
444 537 479 606 δὲ
496 536 618 628 χρόνον
637 537 699 629 τήν
717 540 880 610 πελειάδα
897 537 1101 631 άνθρωπῃΙῃ
1123 549 1221 636 φωνή
1240 541 1348 613 αὐδά-

213 646 333 725 ξασθαι
361 644 512 728 λέγουσι,
540 645 616 712 ἐπεί
638 671 675 712 τε
700 643 824 715 συνετά
850 665 910 733 σφι
938 641 1027 733 ηὔδα
1047 641 1068 733 ἡ
1089 645 1193 736 γυνή·
1226 650 1290 728 ἕως
1310 645 1349 716 δὲ

214 745 428 837 ἐβαρβάριζε,
457 741 597 834 ὄρνιθος
624 746 749 838 τρόπον
775 748 892 819 ἐδόκεέ
913 769 975 837 σφι
999 751 1223 836 φθέγγεσθαι.
1275 751 1351 820 ἐπεὶ

214 853 278 944 τέφ
299 847 412 942 τρόπῳ
433 842 476 916 άν
497 847 630 930 πελειάς
651 877 690 939 γε
713 849 915 941 άνδρωπῃΐῃ
937 857 1036 940 φωνῇ
1059 857 1260 941 φθέγξαιτοι
1289 857 1350 942 μέ-

215 964 335 1024 λαιναν
355 953 392 1022 δὲ
420 953 573 1038 λέγοντες
594 953 680 1024 εἶναι
702 952 765 1044 τήν
786 955 947 1025 πελειάδα
965 963 1185 1046 σημαίνουσι,
1210 954 1261 1026 ὅτι
1284 963 1352 1026 Αί-

216 1064 340 1147 γυπτίῃ
367 1051 389 1144 ή
417 1052 505 1144 γυνή
531 1047 583 1145 ἦν.
619 1053 663 1126 Ἡ
685 1058 721 1127 δὲ
749 1067 909 1148 μαντῃΐῃ,
941 1055 1023 1147 ήτε
1051 1063 1089 1130 ίυ
1116 1059 1244 1151 Θήβῃσι
1273 1066 1350 1150 τῇσι

217 1166 420 1249 Αἰγυπτίῃσι
444 1160 501 1228 καὶ
528 1163 565 1228 ἐν
587 1161 755 1252 Διιδιόνῃ,
784 1161 1010 1252 παραπλήσιαι
1036 1159 1197 1253 ἀλλήλῃσι
1225 1163 1349 1252 τυγχά-

216 1287 312 1334 νουσι
335 1267 457 1333 ἐοῦσαι.
481 1259 573 1332 ’Ἐστι
591 1263 627 1332 δὲ
639 1267 695 1334 καὶ
714 1271 782 1335 τῶν
803 1271 887 1356 ίριόυ
900 1261 921 1356 ή
935 1265 1078 1357 μαντική
1092 1264 1149 1337 ἀπ’
1174 1265 1351 1356 Αἰγύπτου

335 1370 362 1437 ’ν
387 1421 395 1434 .

172 1395 491 1560 δδαπινδλδιδγγόρις
512 1469 549 1539 δὲ
571 1466 635 1559 ἄρα
658 1471 713 1539 καὶ
735 1468 867 1559 πομπάς
891 1473 946 1540 καὶ
975 1470 1195 1562 προσαγωγὰς
1223 1477 1350 1564 πρῶτοι

219 1675 268 1735 ba3
293 1672 364 1722 dnae
381 1670 453 1722 aliae
471 1671 612 1722 columbae
627 1671 701 1722 humi
719 1687 761 1722 ar·
811 1674 870 1739 cepi
894 1688 942 1740 pro
965 1673 1039 1740 vulg.
1064 1663 1150 1754 ὁμοῖα
1173 1675 1231 1726 aive
1254 1687 1351 1740 opum,

219 1744 279 1795 bcri
296 1743 437 1794 adstantes
450 1742 669 1807 conspiciuntur:
689 1741 760 1807 qnod
811 1745 885 1795 etin
903 1759 977 1810 seqq.
997 1737 1099 1794 συνετά
1115 1759 1165 1810 σφι
1188 1743 1246 1826 (ubi
1268 1745 1351 1810 vulgo

218 1816 305 1880 ipsum
325 1811 399 1862 haud
421 1812 478 1862 acio
496 1827 533 1862 an
555 1812 590 1864 ad
612 1812 760 1862 ternarium
811 1813 955 1865 articulum
986 1821 1156 1880 praeponunt
1186 1807 1247 1898 τά,
1271 1830 1352 1881 quem

220 1883 391 1935 sacerdotum
410 1897 548 1933 numerum
569 1879 614 1946 (de
632 1897 685 1946 quo
703 1881 758 1932 vid.
812 1885 914 1935 omittit
927 1883 1114 1966 Florentinus)
1131 1889 1213 1951 atque
1231 1876 1353 1950 ὄρνιθος

220 1955 255 2004 ad
267 1954 306 2017 11,
319 1952 363 2016 55)
381 1952 550 2002 referendum
569 1953 614 2002 sit.
650 1953 692 2002 De
706 1950 760 2002 alio
810 1947 919 2018 τρόπον
937 1944 1033 2004 ἐδόκεέ
1049 1967 1100 2019 σφι
1119 1953 1171 2038 (ut.
1177 1953 1351 2020 plurimorum

220 2022 373 2074 huiusmodi
395 2037 476 2072 numo
500 2021 571 2072 coni.
591 2021 725 2072 Streber'
718 2038 759 2072 ιιι.
811 2023 891 2074 codd.
907 2024 960 2074 fert
976 2023 1171 2088 auotoritas)'
1163 2041 1272 2076 inverso
1291 2039 1353 2076 ver-

219 2092 365 2146 Abbandll.
381 2091 407 2142 δ.
422 2091 551 2142 Miinchn.
563 2089 680 2151 Aliud(
670 2089 761 2158 (1835)
811 2093 905 2144 borum
924 2093 1027 2144 ordine.
1046 2123 1082 2134 -
1104 2094 1173 2146 Ad'
1166 2110 1254 2160 ipsum
1274 2110 1352 2160 ergn-

220 2162 411 2229 Ῑμρ226ιοῃ.
450 2161 529 2223 Quod
546 2177 611 2211 vero
629 2161 701 2225 apud
711 2162 762 2212 ne
812 2168 930 2214 mantum
958 2163 1066 2214 videtur
1087 2163 1252 2228 notandum,
1278 2163 1352 2229 apud

221 2249 275 2300 gyp
259 2233 344 2298 ptios‚
366 2237 438 2282 teste
454 2230 631 2308 Horapollina
654 2231 698 2293 ΙΙ,
717 2229 760 2294 32,
812 2233 930 2285 Graecos
953 2233 1026 2282 baud
1050 2249 1112 2284 raro
1135 2249 1196 2298 eoa,
1223 2235 1270 2300 qui
1291 2235 1352 2284 bar-

221 2270 345 2354 colnmba
368 2305 430 2351 ntra
457 2292 590 2366 (πελειάς)
618 2268 760 2350 viduarum
811 2303 870 2353 bari
889 2307 916 2354 et
933 2303 1182 2370 origineetlingna
1199 2303 1243 2354 vel
1261 2307 1353 2354 assent

221 2374 273 2424 init
290 2373 398 2437 signum
416 2371 474 2421 sive
486 2385 578 2422 earum
592 2369 760 2432 seminarum,
811 2372 854 2423 vel
867 2373 1031 2423 haberentur
1047 2373 1082 2424 ob
1098 2374 1230 2425 sermonis
1248 2373 1353 2424 rudita-

221 2459 290 2528 puae
312 2443 409 2492 marito
427 2446 531 2491 mortuo
552 2439 625 2490 baud
646 2439 761 2490 altarum
812 2447 866 2492 tem
884 2447 933 2493 aut
949 2442 1143 2508 loquacitatem
1162 2459 1222 2495 eum
1245 2443 1352 2506 avibus,
1365 2453 1369 2460 “

220 2514 305 2564 iniere
326 2511 526 2562 matrimonium
543 2525 616 2560 more
633 2510 762 2575 Aegytio-
811 2512 999 2562 hirundinibus
1030 2514 1216 2579 potissimum,
1246 2529 1353 2579 compu-

221 2599 279 2633 ιιιιιι
297 2579 476 2638 sacerdotali,
499 2582 548 2631 sad
571 2581 656 2630 sacris
674 2595 708 2630 ae
722 2595 762 2629 rc·
811 2583 867 2632 rari
883 2581 1007 2665 adeoque
1021 2599 1068 2649 per
1084 2587 1248 2634 contemtum
1263 2583 1354 2633 birun-

221 2654 272 2703 bus
291 2651 391 2702 divinis
408 2665 438 2700 se
453 2648 534 2714 plane
548 2650 686 2712 dicarunt,
705 2649 761 2698 ide
812 2651 889 2703 dines
916 2652 1019 2704 vocari.
1059 2653 1122 2704 Vid.
1147 2652 1297 2704 Blomfield.
1324 2653 1352 2701 in

221 2727 314 2772 nostro
339 2721 397 2771 loco
418 2719 535 2770 alienn'm
553 2719 675 2782 videtur,
701 2733 762 2769 cum
812 2720 935 2773 Glossar.
966 2721 1001 2772 ιιδ
1033 2722 1161 2788 Aeschyli
1192 2723 1351 2788 Agamemn.

221 2791 377 2844 sacerdotes
396 2789 562 2840 Dodonaeae
579 2805 633 2839 non
649 2792 705 2840 tam
723 2788 1352 2858 vi-1017.Fritzseh.adnmtophanRau.

222 2861 292 2912 dnae
309 2876 389 2927 quam
401 2860 519 2925 virgines
537 2859 667 2922 innuptae
679 2865 706 2908 et
718 2874 762 2908 ea·
812 2877 875 2928 pa.
894 2861 938 2913 50.

222 2925 281 2982 stne
300 2932 385 2982 fuisse
402 2929 558 2990 videantur;
578 2929 616 2978 οΙ.
631 2928 763 2994 supraad
848 2877 938 2980 loss
924 2923 956 2980 dl
973 2925 1090 2980 καὶτῶν
1107 2922 1180 2994 Ιροιν
1195 2921 1213 2995 ἡ
1231 2919 1352 2994 μαντική

222 3003 260 3066 ΙΙ,
279 3003 313 3052 55
331 3005 401 3052 nott.
427 3005 454 3050 at
477 2997 532 3052 vid.
552 2965 673 3048 ’Irasaulx
697 3015 725 3064 p.
746 2996 763 3048 9
811 2991 852 3051 άπ
855 2991 1015 3064 Αίγυπτου
1023 2991 1208 3118 cumpton)
1188 3000 1267 3080 Quod
1277 3001 1352 3050 Wea

223 3069 356 3136 ι.ρ.298.
393 3071 450 3121 Nec
470 3069 556 3134 magis
574 3066 673 3132 placet,
693 3067 764 3134 quod
812 3070 928 3150 selipgic
951 3069 1059 3120 videtur
1080 3083 1139 3118 τοιν
1167 3067 1227 3133 ρῶν
1246 3059 1264 3134 ή
1282 3084 1353 3134 μαν-

224 3141 361 3204 (monente
385 3137 530 3204 Creunero)
553 3137 657 3204 Anglus
683 3138 763 3190 bomo
812 3131 1226 3204 ιιιιῃοιιιδιινιοιιοιιιιιιφίιι
1243 3142 1353 3204 quaeat

224 3211 320 3261 doctus
340 3208 410 3274 (The
423 3209 529 3274 history
546 3207 576 3259 οΙ
591 3207 637 3258 the
648 3207 764 3274 English
813 3209 950 3275 responsis
960 3213 988 3259 et
999 3209 1084 3275 signia
1095 3208 1295 3272 absolvebatur,
1304 3209 1352 3259 ob-

224 3283 332 3346 poetry,
350 3279 438 3330 Lond.
453 3279 534 3340 1824,
552 3279 639 3343 praei.
654 3293 681 3343 p.
701 3276 762 3342 101)
813 3280 932 3362 loquitur
946 3278 1242 3358 Schweighaeuserus,
1247 3269 1353 3329 οιιιιιτὰ

223 3349 377 3400 universam
412 3349 547 3400 Herodoti
581 3348 763 3398 narrationem
814 3343 872 3414 Ιρα,
890 3347 1195 3414 quemadmodnmalias
1214 3339 1353 3412 adseritur,

223 3419 287 3470 inde
304 3424 391 3470 ortam
412 3434 472 3470 esse
496 3421 602 3481 censet,
628 3417 700 3483 qnod
718 3431 764 3467 au·
815 3421 848 3471 de
865 3419 998 3482 victimis,
1018 3433 1088 3484 quae
1104 3417 1290 3480 immolantur,
1309 3431 1354 3468 ac-

225 3505 272 3541 ran
290 3489 428 3552 columba,
447 3488 548 3539 Diones
565 3487 729 3552 symbolum,
749 3501 763 3536 e
814 3490 868 3554 cipi
889 3455 1015 3540 debeanl.
1057 3488 1154 3552 Itaque
1176 3485 1354 3553 intelligenda

224 3575 325 3626 quercu
348 3560 497 3610 Dodonaea
518 3571 651 3621 suspensa
671 3556 763 3607 inerit.
814 3559 865 3610 erit
888 3559 1006 3610 diuinatio
1029 3573 1043 3608 e
1065 3559 1167 3608 υΙσΙΙνιΙι
1192 3572 1214 3607 s.
1237 3557 1355 3619 haruspi-

224 3631 282 3682 Nec
303 3627 415 3679 meliora
435 3627 539 3692 profert
560 3625 631 3676 alius
653 3626 694 3676 vir
717 3627 763 3676 do·
813 3631 884 3689 αἰιι,
907 3643 988 3692 quam
1005 3627 1107 3692 pariter
1130 3631 1212 3691 atque
1232 3625 1354 3678 oraculo·

224 3699 398 3764 ctusAugius
417 3699 445 3747 in
462 3696 520 3746 The
537 3695 670 3747 Classical
682 3697 763 3747 Jour-
813 3715 872 3750 rum
894 3697 1048 3748 institutum
1070 3713 1104 3748 ex
1121 3696 1246 3762 Aegypto
1268 3695 1356 3760 repeti

224 3768 279 3820 nal.
299 3785 339 3818 nr.
354 3767 456 3818 LVIII.
474 3783 501 3831 p.
515 3765 566 3818 390
579 3780 635 3831 seq.
664 3766 764 3830 Dispu-
813 3769 872 3820 vult
881 3767 1047 3818 Herodotus
1072 3765 1209 3818 Gronovio
1223 3764 1286 3816 οΙιιιι
1298 3763 1355 3830 pla

224 3843 299 3888 tasse
323 3838 356 3887 da
379 3837 421 3888 his
447 3850 554 3902 quoquc
578 3836 656 3886 rideo
682 3834 763 3886 Fred-
814 3841 921 3889 encrat·
945 3833 1004 3886 τῶν
1025 3825 1146 3899 Ιρὲιιν
1131 3851 1149 3898 ῃ
1167 3829 1289 3899 μαντικὴ
1313 3832 1355 3898 (ut

224 3907 336 3958 Cordus.
354 3907 382 3956 in
401 3906 586 3971 disputatione
603 3905 636 3956 de
654 3904 764 3956 oraculo
814 3909 843 3958 in
860 3905 983 3956 Mediceo
999 3903 1069 3955 libro
1087 3903 1202 3970 exsut),
1221 3905 1240 3956 i.
1253 3919 1277 3956 e.
1292 3904 1355 3954 dici·

225 3975 373 4028 Dodonaeo
397 3974 537 4040 (Groning.
558 3975 636 4042 1826)
662 3990 722 4040 cap.
741 3973 763 4024 Ι.
814 3978 951 4040 παιδίοιν
968 3974 1114 4026 sacerdotes
1130 3975 1206 4024 ratic.
1243 3973 1297 4026 Sed
1315 3989 1356 4023 re

226 4049 251 4108 ς.
272 4048 382 4110 διοῃῃ.
419 4044 481 4095 Alia
499 4044 612 4109 protulit
627 4045 710 4098 huius
734 4043 766 4092 li·
816 4047 939 4110 frigatur
956 4043 1154 4109 quodammodo
1169 4043 1262 4094 Nostri
1280 4043 1355 4093 locus

180 4133 193 4150 ·
225 4115 267 4165 bri
286 4129 383 4164 censor
400 4114 429 4163 in
441 4113 570 4165 Biblioth.
589 4115 684 4166 critica
701 4113 765 4166 See·
815 4117 854 4180 ΙΙ,
872 4115 916 4166 83.

225 4183 300 4233 bodii
320 4183 397 4234 1829.
413 4199 454 4234 ιιι.
471 4183 515 4236 50.
533 4199 597 4248 pag.
613 4183 673 4236 198.

261 4242 393 4315 ομοίως
376 4265 469 4317 ορνισι
478 4250 668 4320 φδιγγεσδυι]
687 4242 766 4317 ὁμοί·
992 4217 1058 4268 cst·
1077 4217 1179 4268 Lvm'

226 4335 264 4380 τοι
281 4335 341 4371 eum
360 4321 447 4374 (taisi.
465 4326 494 4373 et
510 4325 624 4374 raeentt.
645 4322 707 4374 edd.
726 4337 765 4372 re·
840 4310 1358 4385 ΠανῃγάριςδΙ-ιιροσαγοιγάςπριό-
