3032 4916
214 272 274 334 702
648 270 910 332 HERODOTI

212 441 302 532 ψυχὴ
323 438 492 522 ἀθάνατός
512 445 598 524 ἐστι,
620 447 681 510 τοῦ
693 440 845 530 σώματος
864 440 902 512 di
916 445 1185 530 καταφθίνοντος
1203 443 1236 520 ἐς
1249 437 1331 510 itte
1342 459 1395 514 163

213 656 319 705 gerere,
338 645 555 706 quaearguuut‚
574 639 754 690 dimiseratis
805 643 950 694 humanum
977 657 1075 707 corpua
1098 641 1199 702 redire;
1227 645 1254 690 et
1275 640 1348 690 lrunc

214 718 241 760 et
260 712 383 776 angustis
403 709 524 760 terminia
539 710 609 760 lione
621 709 753 760 Herodoti

214 781 301 830 locum
321 781 454 830 inolueum
472 795 488 828 e
508 780 573 830 virio
586 779 754 831 doetiaceae.

213 851 367 900 Plauiorem
391 855 419 900 et
439 850 570 900 veriorem
595 851 755 914 interpreta-

213 923 314 970 tionem
336 920 420 969 eidem
445 925 508 969 aute
524 919 689 969 Larelrertnn
708 921 755 970 itn·

213 991 343 1055 pertierat
355 988 580 1055 Wyttenbachiua
596 993 623 1038 in
638 988 753 1054 disput:

213 1062 284 1122 Quae
308 1061 389 1124 suerit
421 1067 529 1109 aeternna
557 1059 755 1122 plriloaoplrorrnu

207 1130 392 1180 emtentia'de
414 1132 465 1180 nita
487 1137 511 1178 et
534 1138 603 1180 emta
620 1132 755 1179 animorum

210 1208 271 1262 pont
287 1207 399 1261 nrorteru,
424 1197 574 1249 Ametelod.
597 1198 669 1249 17⁸3.
689 1214 753 1264 pag.

213 1269 295 1320 XVII
312 1267 395 1334 [Add.
412 1268 580 1320 Schmerltel:
599 1269 753 1332 Explicatio

213 1345 343 1390 aeutentt.
374 1339 407 1388 de
439 1339 523 1388 animi
548 1339 753 1390 immortalitate

213 1409 285 1473 apud
302 1407 415 1474 populea
439 1425 456 1458 a
482 1407 644 1458 ludaeorum
667 1409 752 1458 eaerie

211 1481 326 1529 ulieuoe.
346 1478 513 1543 Meraeburg.
533 1476 754 1543 183210010-

213 1549 302 1599 rodoti
337 1547 425 1598 locum
455 1549 556 1598 Lotine
587 1551 627 1598 aio
656 1549 752 1599 refert:

213 1620 370 1683 ‚mineram
401 1633 497 1683 qaoque
521 1620 599 1682 primi
623 1617 752 1686 Aegyptii,

212 1692 255 1754 qui
283 1690 408 1752 dicerent,
437 1689 541 1740 annnam
567 1688 668 1739 tomo
698 1703 754 1739 eane

211 1761 377 1822 imnrortolenr,
393 1767 450 1821 poet
467 1760 582 1821 eorporis
599 1773 657 1808 uero
676 1763 753 1810 inter-

213 1833 272 1878 itum
295 1833 319 1879 in
339 1829 411 1878 uliud
434 1830 552 1894 deinceps
569 1844 676 1879 noacene
697 1830 751 1878 ani-

212 1901 261 1948 niel
288 1900 446 1963 inumerare:
476 1913 576 1963 morique
599 1913 648 1960 per
672 1901 753 1948 muria

211 1971 360 2032 terrestria,
379 1972 475 2018 murino
493 1977 518 2018 et
534 1970 646 2018 volucria
658 1970 752 2018 cirinen-

211 2043 247 2090 lia
262 2042 388 2090 circuitum
398 2039 516 2103 fecisset,
534 2054 588 2088 earu
602 2041 689 2088 iterum
706 2055 752 2088 na-

212 2119 318 2160 scentem
338 2109 458 2174 [secutus
483 2107 589 2158 ridetur
609 2108 697 2173 Wytt.
717 2108 753 2158 le-

211 2181 330 2229 ctionem
349 2177 516 2242 γινομένην,
536 2179 613 2228 cuius
628 2177 688 2228 loco
703 2192 752 2228 uon

806 714 947 763 circuitum
984 712 1090 762 absolvi
1119 712 1199 762 trium
1233 710 1348 760 millium

806 797 937 832 annorum
960 782 1064 846 spatio,
1090 786 1117 832 et
1143 782 1198 831 sint
1219 781 1348 846 Aegyptii

806 868 860 902 non
874 857 929 902 tam
946 851 1168 913 immortalitatis,
1188 865 1268 916 quam
1281 855 1349 900 met·

806 922 1015 987 empeycheaeoa
1045 922 1227 972 auotoree.‘·“
1269 921 1347 970 Haec

807 991 1032 1057 Wyttenbaclriua
1062 991 1194 1056 planeque
1224 989 1260 1040 ad
1286 991 1347 1040 eine

806 1063 968 1112 sententiam
991 1065 1087 1125 postea
1110 1060 1273 1112 Larcherua.
1310 1061 1348 1110 Et

806 1133 867 1198 quia
884 1132 999 1192 dubitet,
1020 1130 1090 1182 hanc
1108 1132 1188 1181 unice
1204 1144 1296 1180 veram
1309 1129 1348 1180 lc-

804 1203 982 1268 gitimamque
1016 1200 1158 1252 verborum
1193 1199 1348 1250 Herodote-

805 1287 881 1322 orum
915 1271 1166 1335 interpretationem
1197 1271 1277 1320 eene?
1309 1269 1347 1318 lit.

804 1357 884 1404 vero,
912 1342 1051 1392 Hecataeo
1076 1345 1104 1390 et
1127 1340 1287 1404 Aristagora
1312 1353 1348 1388 ac

803 1410 968 1462 Manethone
995 1410 1167 1472 unctoribus,
1200 1409 1255 1460 alio
1284 1407 1348 1458 loco

805 1481 856 1532 lroc
871 1482 930 1545 ipae
947 1478 1088 1531 confirmat
1105 1481 1243 1543 Diogenes
1261 1479 1348 1528 Laer-

804 1552 860 1602 tius
878 1552 900 1612 1,
921 1551 967 1601 ll:
991 1543 1043 1668 cqc
1061 1543 1093 1598 di
1110 1531 1349 1626 reir'Aipumiu'c

803 1619 979 1684 φιλοσοφίαν
1001 1633 1075 1668 erui
1095 1633 1232 1682 τοιαντην
1250 1647 1286 1658 -
1309 1647 1348 1658 -

803 1682 857 1754 τὴν
879 1681 977 1754 ψυχὴν
1007 1684 1055 1738 nul
1081 1678 1273 1751 ἐπιδιαμένειν
1296 1682 1347 1736 καὶ

803 1755 1007 1825 μετεμβαίνειν.
1049 1759 1111 1821 Qua
1137 1758 1213 1808 brevi
1236 1763 1347 1808 eeuteu·

804 1831 844 1881 tia
862 1827 1035 1881 declarentur
1059 1827 1166 1892 eadem,
1192 1842 1262 1892 quae
1285 1826 1347 1892 plu-

803 1901 878 1950 ribus
897 1898 1037 1964 aliquanto
1054 1897 1144 1950 verbio
1160 1895 1282 1948 elocutus
1301 1901 1348 1948 eat

803 1969 971 2021 Herodotus.
1009 1968 1103 2034 Neque
1131 1966 1211 2018 aliter
1237 1966 1279 2016 hia
1311 1967 1348 2018 de

803 2041 883 2090 rebua
911 2039 1028 2090 eeneiaao
1058 2037 1166 2088 videtur
1192 2038 1283 2102 zoega
1311 2036 1347 2088 de

803 2109 929 2160 obelisco.
941 2123 1004 2174 pag.
1015 2106 1074 2171 300,
1087 2123 1147 2157 cum
1167 2107 1194 2156 in
1207 2106 1277 2156 hune
1290 2123 1347 2156 mo-

803 2179 865 2230 dum
880 2181 1052 2243 pronuntiat:
1076 2179 1155 2241 „„Et
1170 2175 1278 2228 videtur
1291 2175 1346 2226 hoc

213 2250 353 2314 vulgatam
384 2248 542 2298 retinuimue
574 2241 750 2312 γινόμενον;
802 2250 916 2314 primum
941 2248 975 2298 ab
994 2248 1137 2312 Aegyptiis
1156 2246 1285 2296 traditum
1304 2247 1345 2296 in-

212 2319 284 2369 uude
302 2321 341 2368 sic
359 2317 529 2367 vertendum:
553 2333 606 2366 eam
624 2320 711 2366 iterum
727 2319 752 2366 in
803 2319 890 2384 deque
912 2319 947 2368 ad
971 2318 1089 2369 Graecos
1119 2315 1272 2366 traductum
1302 2317 1344 2366 lu·

211 2389 314 2440 dominia
329 2402 421 2450 corpur
432 2401 547 2436 nascens
564 2384 713 2452 irnmryrere]
727 2389 752 2435 in
803 2390 870 2439 inae:
889 2403 950 2440 eane
968 2403 1028 2438 earn
1038 2387 1145 2438 animae
1160 2392 1295 2446 naturam,
1313 2391 1346 2435 ut

212 2458 314 2508 lerninis
341 2471 432 2519 corpus
460 2458 613 2520 irnmiprcre:
645 2464 671 2506 et
689 2456 752 2506 dunc
802 2459 948 2524 peruenit
971 2473 1003 2508 ac
1020 2457 1112 2519 duret,
1136 2456 1294 2521 habitetque
1314 2455 1344 2504 iu

213 2527 246 2576 alr
265 2545 295 2578 eo
313 2527 440 2576 circanam
457 2527 545 2587 confici
564 2529 636 2575 trium
654 2528 752 2576 millium
802 2543 915 2593 corpore
932 2526 1007 2578 velut
1024 2529 1052 2576 in
1070 2527 1161 2589 domo,
1185 2541 1266 2591 quarn
1283 2523 1345 2575 aine

213 2612 332 2646 annornm
354 2598 445 2659 spatio.
482 2595 616 2645 Herodoti
636 2595 752 2646 auctori-
803 2599 845 2648 eui
862 2598 968 2648 iactura
990 2597 1142 2662 relinquere
1163 2597 1251 2661 poerit
1267 2599 1294 2646 et
1314 2595 1345 2643 in

212 2670 297 2717 tatem
318 2665 524 2730 praeferendam
553 2679 613 2714 ease
636 2666 753 2716 auctori·
801 2665 1198 2718 aliamtraneire.““1demvir
1209 2664 1305 2716 doctus
1316 2664 1345 2712 in

212 2739 265 2786 tati
281 2735 415 2802 Diogenis
428 2735 516 2800 (vm,
539 2735 578 2796 14,
593 2735 638 2800 qui
651 2735 752 2801 Pytha·
802 2753 883 2802 opere
900 2737 1012 2788 laudato
1030 2736 1064 2786 de
1078 2735 1131 2786 liae
1148 2735 1346 2802 Aegyptiorum

213 2822 308 2872 goram
333 2806 448 2871 primurn
476 2805 531 2856 dici
555 2805 678 2869 perhibet
700 2803 752 2869 τῆς
802 2813 924 2858 veterum
947 2807 1071 2857 doctrina
1091 2806 1207 2858 maxime
1225 2804 1345 2856 omnium

211 2869 484 2942 μετενοαμανιόσεοις
494 2873 657 2938 auctorem),
676 2891 752 2941 prae·
802 2879 949 2944 promeruit
965 2891 1077 2941 eamque
1096 2875 1236 2940 sigillatim
1250 2881 1278 2924 et
1295 2889 1347 2938 per

213 2949 307 2998 eertirn
325 2951 409 2996 testea
421 2943 510 2996 nulloa
529 2946 684 3009 excitantia,
698 2961 752 2996 non
802 2963 865 2998 auos
882 2947 961 3013 quani
978 2952 1083 2996 mentua
1097 2950 1139 2996 eat
1155 2944 1345 3010 persecutus.“

215 3023 257 3067 eat
275 3017 394 3067 dubium.
430 3015 515 3067 Addit
533 3017 604 3066 enim
621 3015 680 3080 ipae
698 3017 750 3068 He·
837 3014 888 3067 rori
907 3009 1034 3082 σώματος
1057 3008 1088 3064 di
1106 3012 1345 3077 καταφθίνοντος

213 3089 339 3150 rodotua,
357 3086 681 3151 tanquamteetimonium
694 3101 753 3136 aen·
802 3115 837 3126 -
859 3077 998 3152 irriderer]
1023 3085 1041 3134 i.
1069 3100 1092 3136 e.
1122 3087 1261 3136 intereunte
1282 3097 1346 3134 nero

213 3159 334 3207 tentiae:
377 3157 438 3207 Hoc
470 3157 586 3220 placito,
623 3161 752 3221 tanquam

212 3241 263 3277 auo
282 3232 309 3277 et
326 3227 450 3291 proprio,
468 3226 577 3292 quidam
595 3225 692 3276 Graeci
711 3225 754 3275 uei

215 3301 291 3360 eunt,
327 3296 374 3346 elii
401 3297 555 3362 antiquiore
584 3295 631 3344 alii
660 3310 752 3346 reeen-

214 3367 283 3416 tiore
294 3371 427 3432 tempore:
445 3381 558 3432 quorum
573 3380 623 3431 ego
633 3365 752 3428 nomina,

214 3451 376 3502 quamquam
394 3437 466 3500 ecio,
482 3451 536 3486 non
554 3450 679 3486 memoro.
711 3435 753 3485 Sit

214 3507 298 3572 igitur
322 3506 455 3556 Herodoti
484 3505 574 3570 potior
601 3505 753 3564 eontentia;

213 3583 304 3628 tamen
321 3591 459 3638 caremus,
485 3591 518 3626 ne
541 3575 601 3640 plue
620 3575 645 3625 ei
668 3575 752 3624 tribu-

803 3171 910 3220 eorpore
932 3157 960 3205 in
979 3155 1050 3206 ettad
1066 3157 1158 3206 acirim
1177 3169 1275 3218 semper
1296 3167 1345 3202 nn·

803 3242 876 3278 scene
894 3223 977 3292 (quod
996 3239 1027 3276 eo
1041 3224 1100 3288 ipao
1114 3229 1234 3288 tempore
1248 3237 1347 3272 naem-

802 3295 857 3360 tnr)
876 3297 974 3346 intrare
996 3296 1114 3355 crineum,
1140 3293 1213 3356 aire,
1231 3297 1263 3344 ut
1280 3292 1348 3342 Gui-

803 3365 900 3431 gniaut
908 3365 984 3416 reddi
997 3363 1056 3414 vult
1069 3361 1218 3428 (Religiona
1227 3362 1261 3413 de
1270 3361 1347 3412 l'An-

801 3436 895 3500 tiquit.
920 3435 942 3496 1,
965 3437 989 3484 2.
1016 3449 1080 3498 pag.
1103 3432 1165 3498 882)
1198 3431 1243 3496 „le
1263 3445 1346 3496 corpe

802 3509 905 3555 venant
922 3504 939 3554 d
958 3519 987 3554 ae
1005 3503 1158 3565 diaaoudre,
1178 3499 1229 3552 elle
1241 3500 1346 3566 (l'tme)

803 3589 884 3640 paene
913 3574 1142 3624 successivement
1165 3571 1256 3638 (selon
1279 3571 1345 3634 eux)

214 3663 304 3710 amna,
328 3661 408 3712 quam
424 3647 483 3712 ipae
500 3644 596 3694 voluit.
631 3644 661 3695 ei
688 3644 752 3710 quid
804 3645 872 3694 dana
894 3643 926 3694 tle
949 3657 1093 3695 noureaux
1119 3657 1197 3707 corpe
1223 3657 1272 3706 par
1296 3639 1345 3690 dee

214 3719 283 3768 enim
302 3717 397 3779 video,
422 3717 449 3766 in
473 3715 649 3781 grammatica
673 3714 753 3763 inter·
803 3714 962 3764 naiaaanoee
980 3711 1148 3764 nouvellee.“
1184 3712 1346 3775 Rectaque-

214 3787 367 3853 pretatiouo
385 3801 439 3836 non
457 3800 567 3836 neceaee
587 3789 642 3847 eet,
661 3788 692 3832 ut
709 3783 752 3832 hic
803 3799 855 3850 que
874 3783 1006 3834 Rosellini
1029 3783 1163 3848 (Menum.
1189 3781 1263 3832 civil.
1288 3779 1344 3830 111.

214 3860 250 3908 eit
267 3871 377 3919 eenaua,
395 3855 545 3921 Aegyption
564 3853 685 3918 singulos
702 3851 751 3902 hae
802 3869 866 3919 pag.
890 3853 952 3918 301)
975 3851 1042 3902 haec
1065 3849 1197 3902 Italorum
1221 3865 1346 3902 sermone

213 3928 354 3992 opiniones
378 3927 492 3990 primum
516 3922 675 3989 protulisse,
704 3922 752 3973 aed
801 3925 841 3973 ita
859 3922 934 3973 reddi
951 3921 1023 3972 vult:
1043 3920 1172 3984 „l'anime
1189 3919 1344 3981 dell’uomo,

213 3997 355 4048 universae
378 3996 412 4046 ab
434 3994 490 4044 illie
515 3994 550 4044 ed
572 3993 642 4044 hano
660 3993 752 4044 doctri·
802 3993 920 4043 morendo
935 3994 955 4042 il
970 4006 1060 4054 corpo,
1082 3999 1156 4042 entra
1173 4005 1272 4054 accipre
1290 3989 1345 4053 (to-

213 4083 270 4115 ααια
294 4067 464 4130 conformatur
487 4080 556 4116 eane:
584 4069 615 4114 ut
634 4062 702 4113 odeo
722 4061 752 4112 il·
801 4071 854 4126 sto,
885 4063 1096 4123 continuomente,
1125 4064 1344 4118 reerectionem,

213 4135 261 4184 lud
277 4134 394 4185 voluerit
410 4134 580 4186 Herodotus:
601 4131 751 4198 Aegyptios
802 4147 817 4182 e
835 4147 917 4182 aenan
936 4135 1093 4182 ammettere
1116 4129 1251 4180 dilacione
1269 4145 1285 4179 ο
1303 4128 1344 4176 in·

213 4205 313 4268 primos
336 4205 449 4267 dixitne,
474 4204 603 4266 animam,
631 4219 691 4252 eum
715 4203 752 4250 eit
801 4201 928 4265 tervallo)
947 4205 972 4252 in
991 4204 1057 4250 altro
1074 4201 1180 4250 cumrale
1196 4199 1241 4249 clrc
1258 4199 1344 4247 allero

212 4273 384 4336 immortalia,
414 4275 441 4323 in
466 4273 521 4322 alia
542 4273 670 4338 deinceps
693 4287 750 4321 cor·
799 4271 905 4322 nneee.“
924 4269 1155 4335 Animamigitur,
1174 4268 1198 4318 ei
1210 4267 1344 4318 Herodoti

212 4357 279 4407 poro
298 4343 467 4409 immigrare,
496 4347 579 4407 atque
601 4341 699 4392 iterum
722 4341 750 4389 iu
801 4339 884 4392 verba
908 4353 955 4406 per
980 4352 1108 4404 praeaeua
1131 4333 1343 4406 (καταφθίνον-
