2980 4932
584 283 711 349 GLIO.
733 287 759 345 Ι.
778 293 823 349 31.
1234 287 1274 352 67

120 440 244 535 ’λευτὴ
261 454 322 517 τοῦ
342 457 418 537 βίου
438 459 648 549 λαμπροτάτη
667 463 852 550 ἐπεγένετο.
887 463 1070 552 γενομένης
1089 459 1153 552 γὰρ
1172 459 1274 550 Ἀδη-

141 555 267 619 ναίοισι
281 552 383 646 μάχης
403 553 485 645 πρὸς
500 557 577 640 τούς
595 560 829 653 ἀστυγείτονας
848 567 886 635 έν
902 561 1084 652 Ἐλευσῖνι,
1102 565 1275 656 βοηθήσας

142 653 199 721 καὶ
223 654 350 746 τροπὴν
377 658 515 748 ποιήσας
542 669 608 734 τῶν
631 678 815 758 πολεμίων,
839 666 990 742 ἀπέθανε
1013 670 1183 742 κάλλιστα.
1218 676 1278 740 καί

138 785 200 844 μιν
223 754 395 850 Ἀθηναῖοι
417 769 559 856 δημοσίῃ
580 795 614 837 τε
639 777 773 856 ἔθαψαν
797 769 917 862 αὐτοῦ,
945 780 1051 868 τῇπερ
1077 780 1193 860 ἔπεσε,
1217 775 1273 844 καὶ

137 861 303 951 ἐτίμησαν
318 865 479 955 μεγάλως.

212 961 270 1047 Ὡς
295 969 333 1039 δὲ
362 969 402 1039 τὰ
429 969 513 1042 κατὰ
542 971 601 1044 τὸν
627 979 752 1046 Τέλλον
775 979 998 1066 προετρέψατο
1025 976 1043 1049 ὁ
1064 980 1186 1052 Σόλων
1214 977 1317 1052 victl

135 1075 300 1159 Κροῖσον,
323 1083 419 1155 εἴπας
436 1077 546 1148 πολλά
560 1107 596 1149 τε
614 1079 670 1150 καὶ
689 1077 802 1168 ὄλβια,
823 1081 1000 1170 ἐπειρώτα,
1023 1089 1097 1153 τίνα
1115 1084 1274 1174 δεύτερον

133 1171 207 1263 μετ’
229 1172 466 1266 inescaverat,
495 1187 627 1254 δοκέων
649 1183 761 1274 πάγχυ
783 1189 957 1272 δευτερεῖα
976 1189 1045 1272 γῶν
1066 1195 1229 1256 οἴσεσθαι.
1257 1183 1275 1256 ὁ

135 1276 171 1346 δὲ
192 1277 281 1350 εἷπε·
309 1283 456 1372 Κλέοβίν
476 1313 512 1356 τε
533 1289 589 1356 καὶ
607 1295 753 1358 Βίτωνα.
787 1286 934 1357 τούτοισι
956 1285 1037 1378 γὰρ,
1069 1291 1161 1359 ἐοῦσι
1183 1293 1278 1376 γένος

130 1377 324 1472 Ἀργείοισι,
352 1394 424 1476 βίος
445 1416 481 1458 τε
503 1386 636 1480 ἀρκέων
651 1388 761 1480 ὑπῆν,
791 1392 846 1462 καί
865 1389 949 1480 πρὸς
965 1390 1073 1486 τούτῳ
1095 1391 1190 1484 ῥώμη
1209 1392 1275 1464 σοι’-

133 1515 233 1574 ματος
248 1489 380 1586 τοιήδε·1
405 1489 609 1586 ἀεθλοφόροι
629 1523 665 1568 τε
683 1491 867 1594 ἀμφότεροι
886 1489 1009 1586 ὁμοίως
1026 1487 1131 1586 ἦσαν,
1153 1499 1208 1567 καὶ
1231 1493 1275 1587 δὴ

133 1679 333 1756 ἀστυγείτονας
350 1683 382 1744 έν
391 1685 530 1748 Ἐλευσῖνι
549 1697 579 1762 (ἰ.
599 1715 624 1750 e.
643 1698 679 1748 ed
729 1694 873 1746 dammodo
903 1698 1060 1748 accuratius
1093 1697 1273 1760 illustrentur,

133 1759 299 1830 Eleusinem)
319 1780 387 1816 cave
401 1765 435 1816 de
446 1767 513 1832 ipsis
531 1767 697 1820 Eleusiniis·
730 1765 798 1815 satis
816 1766 944 1816 universa
959 1766 1014 1816 loci
1037 1768 1109 1817 ratio
1127 1769 1217 1818 docet.
1242 1769 1276 1818 Iu

134 1831 282 1897 intelligas,
302 1833 351 1884 sed
369 1835 403 1886 de
414 1833 621 1903 Megarensibus
640 1837 680 1885 vi·
731 1848 806 1898 seqq.
824 1849 904 1884 urum
927 1835 1077 1898 particulae
1100 1834 1158 1900 γῶν
1183 1835 1276 1900 (γοῦν)

134 1901 203 1950 cinis
233 1903 269 1953 ad
298 1903 455 1970 Eleusinem
483 1906 679 1972 pugnantibua.
731 1901 881 1954 illustrarit
898 1904 1028 1969 Hartung
1052 1903 1141 1954 Lahre
1160 1905 1186 1955 d.
1210 1906 1275 1956 Par·

134 1969 241 2022 Monuit
268 1973 299 2024 (λ.
322 1973 355 2026 Ο.
378 1975 493 2027 Mueller
515 1977 544 2026 in
570 1975 678 2027 Armall.
731 1971 782 2022 uk.
802 1973 841 2022 11.
862 1989 890 2038 p.
910 1973 952 2026 14.

134 2039 258 2108 Gotting.
279 2044 356 2098 1830.
375 2061 403 2111 p.
425 2047 474 2096 125
493 2061 551 2112 seq,
569 2063 603 2098 ac
621 2061 679 2112 per·
765 2038 888 2108 Κλέοβίν
916 2056 945 2092 τε
972 2035 1020 2092 καί
1051 2039 1174 2108 Βίτωνα]
1204 2041 1278 2094 Cele-

134 2113 221 2162 saealt
239 2113 376 2165 Lobeclrio
401 2114 594 2182 (Aglaophem.
614 2131 679 2182 pag.
732 2111 849 2163 berrima
868 2113 998 2175 narratio,
1012 2110 1106 2164 multia
1118 2114 1277 2178 pestilera·

135 2179 212 2232 1351.
227 2181 289 2234 coll.
301 2185 363 2250 214)
375 2185 601 2239 etSchoemanne
613 2188 679 2254 (Die
732 2181 825 2233 dotum
850 2198 957 2249 quoque
981 2181 1097 2243 tradita;
1124 2183 1153 2234 in
1178 2185 1276 2250 quibus

133 2251 473 2322 Veriarsungsgeschiohte
510 2258 614 2309 Athona
650 2273 677 2323 p.
729 2253 900 2318 potissimum
925 2252 1039 2304 laudaut
1062 2253 1149 2304 Cicer.
1176 2255 1275 2306 Tusce.

136 2321 200 2388 ru).
729 2323 855 2386 Quaestt.
880 2323 903 2386 Ι,
928 2325 962 2374 47
986 2323 1053 2388 ibiq.
1078 2325 1175 2376 Daris.
1196 2325 1273 2377 Serv.

727 2392 763 2443 ad
779 2391 875 2458 virgil.
895 2393 994 2459 Georg.
1014 2393 1066 2456 111,
1085 2393 1146 2446 532.
1163 2395 1271 2446 Fabric.

727 2462 763 2513 ed
781 2463 856 2516 Sext.
876 2464 979 2529 Empir.
1000 2462 1097 2527 Pyrrh.
1121 2465 1196 2530 Hyp.
1221 2465 1274 2524 ΠΙ,

729 2535 772 2586 24.
796 2549 823 2598 p.
849 2532 908 2584 186.
933 2533 977 2588 cr.
1002 2533 1066 2584 addi
1098 2533 1221 2586 Fischer.
1240 2534 1276 2585 ad

162 2589 211 2659 Ὦς
228 2593 260 2651 δὲ
276 2592 310 2650 τὰ
325 2593 397 2652 κατὰ
413 2594 464 2652 τὸν
475 2599 580 2653 Τέλλον
593 2613 678 2666 προε-
728 2603 837 2654 Platon.
869 2601 982 2654 Axioch.
1012 2619 1035 2654 o.
1096 2639 1103 2653 .
1133 2603 1274 2656 Plutarch.

131 2668 256 2736 τρέψαιτο
279 2661 295 2721 ὁ
323 2664 425 2721 Σόλων
451 2687 476 2722 τι.
500 2687 524 2723 τ.
550 2671 585 2738 1.]
613 2673 631 2723 l.
652 2687 676 2722 e.
729 2673 868 2724 Cousolat.
902 2672 937 2724 ad
963 2671 1053 2738 Apoll.
1083 2688 1146 2740 pag.
1176 2675 1224 2726 108
1252 2673 1276 2724 Τ

132 2757 184 2790 crea
206 2742 254 2792 λαα
276 2742 308 2792 de
332 2741 405 2793 Tella
428 2746 576 2794 cananeae
600 2741 678 2792 Solea
728 2742 999 2809 ibiq.Wyttcnhach.
1019 2757 1046 2807 p.
1067 2743 1275 2796 maceravit.

132 2811 249 2862 Croesum
265 2810 306 2876 (nt
324 2827 363 2863 sc.
388 2812 503 2878 amplius
523 2811 676 2879 quaereret)
728 2813 820 2864 Solon.
839 2814 919 2864 ο.21.
939 2829 966 2878 p.
985 2810 1029 2863 93.
1059 2813 1173 2864 Luclau.
1193 2813 1274 2864 Char.

130 2883 269 2945 incitasset,
292 2885 384 2948 quippe
408 2885 451 2948 qui
473 2881 578 2949 (Solon)
601 2884 677 2933 malea
728 2899 752 2935 s.
778 2881 929 2948 contempl.
955 2885 980 2946 5.
1007 2881 1048 2934 10.
1074 2880 1166 2946 ibique
1188 2883 1221 2934 G.
1242 2883 1275 2933 A.

131 2952 164 3002 de
181 2967 211 3002 ea
230 2949 335 3018 (Tella)
358 2953 467 3004 dicirret
485 2954 678 3018 felicitatemque
729 2952 816 3004 Koch.
843 2969 870 3018 p.
891 2951 1004 3003 59-62
1028 2949 1072 3000 ed.
1097 2951 1173 3016 Lips.
1198 2951 1276 3003 1839.

131 3023 185 3072 eius
216 3023 386 3085 seposuisses.
429 3023 519 3074 Verba
547 3015 581 3074 τὰ
607 3013 678 3072 κατὰ
730 3022 837 3074 chorio.
858 3023 925 3075 Gan.
949 3023 977 3071 in
1001 3019 1130 3085 Epitaph.
1150 3021 1277 3086 Procopii

130 3083 184 3140 τὸν
221 3087 326 3142 Τέλλον
357 3091 481 3143 absolute
517 3092 677 3158 accipienda
728 3109 755 3159 p.
784 3095 819 3144 20
848 3093 891 3144 ed.
917 3088 1080 3143 Boissonad.
1117 3091 1154 3142 Et
1186 3095 1278 3142 exstat

132 3165 209 3212 auctr
237 3163 325 3228 „qood
346 3164 437 3213 attinet
458 3164 494 3214 ad
517 3163 583 3214 Telli
603 3161 677 3226 ree,“
729 3163 803 3228 apud
821 3163 969 3215 Stobaeum
987 3158 1096 3225 (CXIX.
1113 3177 1139 3226 p.
1160 3161 1221 3214 603.
1241 3163 1274 3214 Τ.

131 3231 167 3280 ad
192 3245 277 3296 quae,
301 3232 324 3281 si
348 3231 454 3297 placet,
478 3239 567 3284 mente
590 3233 677 3283 addas
728 3233 781 3284 111.
801 3249 828 3298 p.
847 3231 899 3284 433
918 3231 961 3282 ed.
981 3229 1083 3294 Gaias.)
1097 3231 1207 3298 elegans
1222 3233 1281 3300 epi:

130 3297 228 3365 λέγων.
261 3332 296 3341 -
325 3301 534 3368 προετρέψατο,
559 3303 679 3353 breviter
729 3317 861 3368 gramma,
880 3317 934 3367 quo
953 3300 1056 3350 lectum
1074 3299 1190 3354 fratrum
1208 3302 1276 3354 cele·
1364 3307 1365 3310 ’

131 3369 249 3434 dictum,
282 3371 365 3438 vulgo
396 3372 435 3422 ita
464 3373 618 3437 accipiunt,
647 3374 679 3420 ut
729 3373 839 3430 bretun
857 3373 997 3434 receptum
1019 3367 1083 3419 iude
1105 3371 1133 3420 iu
1156 3371 1275 3422 Brunclr.

131 3441 312 3492 subaudiatur
324 3433 397 3505 πρὸς
412 3433 443 3492 τὸ
461 3433 583 3506 lectum
603 3445 680 3502 ιλιηια-
731 3439 867 3491 Analectt.
887 3437 941 3488 111.
959 3437 1051 3486 Lectt.
1070 3441 1097 3486 et
1115 3438 1229 3489 Emend.
1248 3455 1275 3504 p.

130 3513 161 3560 u's
179 3511 216 3560 od
238 3511 414 3578 quaerendae.
451 3509 633 3562 Schneiderua
652 3509 680 3557 in
731 3509 792 3559 214.
805 3507 838 3557 Τ.
850 3509 888 3558 1v
900 3523 928 3571 p.
944 3503 993 3555 123
1009 3504 1051 3554 ed.
1065 3505 1140 3569 Lips.
1165 3507 1278 3572 Signum

130 3582 232 3632 Lexico
242 3581 373 3631 reddidit:
387 3581 559 3648 uderzeupear
569 3577 597 3628 id
609 3576 682 3645 quod
731 3578 802 3628 hauc
815 3577 850 3628 ob
868 3591 925 3626 rem
938 3576 1058 3624 erectum
1066 3579 1198 3626 memorat
1208 3577 1278 3630 Pau-

130 3651 296 3702 adsensum
317 3651 417 3717 probat
446 3649 609 3702 Schaeierus
635 3645 681 3713 (ad
732 3646 882 3708 sanias11‚
903 3641 945 3696 19.
1077 3703 1083 3720 ,

132 3721 246 3788 Gregor.
271 3721 395 3772 Corinth.
423 3737 449 3786 p.
474 3717 549 3785 497),
568 3719 605 3770 ad
622 3733 681 3770 rer·
739 3774 750 3798 ἴ
768 3707 948 3780 ἀεθλοφόροι
962 3725 991 3762 τε
1003 3702 1160 3778 ἆμφοτεροι
1171 3702 1278 3780 ὁμοίως

131 3792 197 3842 bum
216 3791 316 3843 minus.
335 3791 498 3856 suspicatur
520 3791 592 3842 enlm
610 3802 681 3854 προ·
731 3784 816 3854 ηοαν]
835 3780 904 3836 ἔσαν
920 3786 1029 3850 practer
1043 3781 1104 3834 edd.
1117 3785 1220 3850 priores
1233 3785 1277 3838 hic

130 3859 290 3924 τρέπεσθαι
319 3875 394 3912 esse:
425 3864 566 3927 repellere,
595 3867 680 3912 νεαιρ-
731 3857 816 3940 pauci
839 3859 946 3908 tantum
965 3853 1040 3916 libri;
1062 3853 1158 3923 reliqui
1184 3873 1276 3910 omncs

131 3931 203 3990 dere.
222 3935 337 3994 reticere,
353 3931 479 3995 refutare,
498 3932 596 3984 ωτοὶίιτ·
609 3929 682 3996 quari
732 3941 821 3994 ησαν,
854 3926 882 3978 id
906 3924 979 3993 quod
1004 3941 1028 3978 o.
1055 3923 1099 3978 30.
1130 3925 1277 3996 multisque

131 4002 320 4066 reapondesdo.
340 4001 416 4065 Quae
431 4007 522 4052 tamen
539 4001 612 4052 ratio
625 4013 680 4050 non
732 3999 794 4050 aliis
813 3995 881 4048 locis
899 3998 928 4048 in
946 3995 1070 4048 omnihus
1088 4005 1226 4064 comparet
1246 4000 1276 4050 li·

131 4072 211 4123 rideo
244 4087 292 4123 cur
323 4070 399 4123 illam
427 4071 510 4138 vulgo
543 4075 681 4136 receptam
731 4069 789 4120 bris
818 4081 955 4134 unumque
984 4067 1013 4118 in
1040 4068 1182 4120 Herodoto
1212 4069 1278 4122 lerri

132 4139 682 4208 interpretationemlocomoveat.Verba
733 4154 814 4205 posse
851 4153 923 4192 nunc
952 4137 1020 4188 eatis
1051 4141 1277 4190 commonstravit

132 4212 250 4278 denique
273 4209 356 4270 τίτας
374 4204 464 4262 πολλά
487 4225 516 4262 τε
534 4207 582 4262 καλ
600 4200 682 4276 ὄλβια
731 4209 847 4262 Bredov.
863 4225 905 4290 ¹p.
923 4207 976 4260 406
995 4223 1051 4274 seq.
1071 4209 1169 4274 Itaque
1186 4209 1277 4259 ubivis

132 4281 289 4348 explicandi
299 4296 384 4333 causa
398 4281 473 4345 addi,
508 4281 587 4332 nibus
605 4283 681 4330 ante·
732 4279 839 4332 restitui
856 4292 940 4344 ησαν,
959 4279 1032 4343 quod
1051 4277 1134 4330 semel
1159 4276 1204 4326 hic
1223 4289 1278 4324 mo-

133 4351 261 4404 cedentia
279 4343 313 4401 τᾶ
331 4345 404 4402 κατὰ
421 4343 473 4402 τὸν
517 4349 599 4403 ε’λλον
617 4363 682 4418 qno·
732 4351 826 4402 nuhaa
843 4346 974 4401 sufficiat.

1022 4425 1067 4489 ὃ*

312 2495 378 2550 Car.
398 2499 499 2551 XXXI.
