3032 4916
514 249 762 310 EllTllRPE.
785 249 826 308 11.
851 259 911 311 ΓΠ.
1220 248 1281 310 689

146 425 261 490 κακῶν
280 418 589 508 ἀπαλλαγήσεσθαι.
634 419 675 490 οὐ
695 423 757 510 μέν
770 419 850 492 οὐδὲ
866 417 886 512 ἡ
904 427 1061 510 βασιληίη
1079 424 1112 501 ἐς
1126 417 1280 503 Ἀλέξαν·

148 531 231 613 δρον
244 524 391 614 περιήιε,
415 520 516 608 ὥστε,
537 524 693 613 γέροντος
708 527 864 616 Πριάμου
879 524 1006 610 ἐόντος,
1028 521 1082 592 ἐπ’
1099 527 1218 618 ἐκείνῳ
1240 524 1280 596 τά

148 629 323 718 πρήγματα
339 627 442 696 εἶναι·
464 624 548 696 ἀλλά
559 624 698 718 Ἕκτωρ,
716 632 771 699 καλ
785 628 1011 720 πρεσβύτερος
1019 629 1075 697 καλ
1089 625 1175 718 ἀνὴρ
1190 631 1275 698 ἑκεί-

43 761 48 770 ·
146 760 210 800 νου
229 737 357 819 μᾶλλον
376 729 456 814 inin,
478 737 596 818 ἔμελλε
615 729 722 821 αὐτὴν
736 734 892 822 Πριάμου
915 728 1148 812 ἀποθανόντος
1168 759 1274 820 παρα-

146 835 355 924 λάμψεσθαι·
382 832 441 902 τὸν
451 831 492 902 οὐ
506 841 653 924 προσῆκε
666 833 834 907 ἀδικέοντι
845 842 892 931 τῷ
901 832 1059 928 ἀδελφεῷ
1073 836 1275 926 ἐπιτρέπειν,

145 941 201 1008 καὶ
215 943 320 1006 ταῦτα
334 937 491 1026 μεγάλων
505 944 620 1008 κακῶν
633 937 680 1008 δι’
696 939 801 1010 αὐτὸν
814 939 1073 1030 συμβαινόντων
1084 945 1154 1028 ίδίῃ
1167 967 1203 1008 τε
1220 941 1274 1007 καὶ

145 1040 236 1136 αὐτῷ
252 1043 307 1109 καὶ
324 1057 410 1110 τοῖσι
424 1038 553 1110 ἀλλοισι
572 1047 652 1112 πᾶσι
676 1052 794 1133 Τρωσί.
836 1041 926 1115 Ἀλλ’
944 1039 985 1111 οὐ
1000 1040 1064 1132 γάρ
1080 1041 1171 1130 εἶχον
1183 1038 1273 1111 Ἑλέ-

144 1174 208 1234 νην
222 1141 429 1234 ἀποδοῦναι,
448 1141 527 1214 οὐδὲ
548 1144 683 1233 λέγουσι
697 1144 827 1218 αὐτοῖσι
841 1146 903 1237 τὴν
917 1143 1083 1235 ἀληθείην
1098 1149 1276 1214 ἐπίστευον

145 1245 360 1336 οίἝλληνες,
384 1243 428 1328 nic
440 1248 502 1336 μέν
518 1246 583 1336 ἐγω
603 1249 741 1340 γνώμην
754 1249 1002 1340 ἀποφαίνομαι,
1022 1255 1083 1318 τοῦ
1098 1255 1276 1338 δαιμονίου

106 1369 153 1425 159
162 1352 487 1442 παρασκευάζοντος,
515 1350 600 1432 ὅκως
620 1363 838 1446 πανωλεθρίῃ
859 1353 1060 1442 ἀπολόμενοι
1087 1352 1277 1442 καταφανές

143 1463 241 1526 τοῦτο
257 1471 342 1525 τοῖσι
364 1452 576 1543 ἀνθρώποισι
596 1459 775 1548 ποιήσωσι,
798 1455 842 1539 ὡς
858 1465 926 1528 τῶν
940 1456 1095 1547 μεγάλων
1108 1453 1273 1544 ἀδικημά-

143 1589 211 1630 των
228 1559 369 1648 μεγάλαι
393 1561 456 1628 είσλ
477 1562 533 1629 καὶ
552 1565 590 1629 αί
601 1571 756 1652 τιμωρίαι
771 1560 861 1652 παρά
882 1568 951 1632 τῶν
965 1567 1075 1631 θεῶν·
1100 1562 1274 1630 καὶταῦτα

143 1665 222 1753 μέν,
240 1669 281 1752 τῃ”
294 1665 366 1751 ἐμοὶ
382 1662 510 1748 δοκέει,
529 1674 668 1752 εἴρηται.

214 1765 371 1856 Πρωτέος
387 1766 423 1836 δέ
439 1766 638 1849 ἐκδέξασθαι
652 1765 714 1856 τὴν
727 1775 908 1858 βασιληίην
916 1764 1134 1858 Ῥαμψίνιτον
1144 1770 1272 1852 ἔλεγον,
1284 1768 1339 1829 121

179 1932 225 1991 ἐπ’
246 1931 344 2006 ἐκείνῳ
368 1933 402 1990 τὰ
425 1933 573 2006 πρήγματα
595 1935 681 2006 εἶναι]
734 1947 762 1992 et
780 1959 850 2008 qnae
868 1957 951 2007 supra
973 1942 1138 2003 nd11,115
1163 1939 1276 1990 educte-

143 2014 217 2063 Bene
239 2011 522 2075 Schweighaeuserus:
551 2021 577 2062 ut
600 2029 684 2064 rerum
734 2013 831 2064 vimus.
876 2014 946 2063 Num
973 2013 1093 2073 inerunt,
1122 2012 1168 2076 qui
1195 2009 1274 2074 plane

141 2097 233 2132 ιιιιπιιια
248 2096 327 2144 penes
342 2083 407 2131 illum
421 2083 498 2144 soret.
527 2083 594 2132 Nam
612 2073 683 2146 πρά-

142 2166 233 2217 γματα
246 2150 349 2202 indicat
367 2154 498 2214 inmeritae,
517 2168 600 2202 rerum
618 2169 683 2202 ταιο-

142 2239 213 2274 mnm.
241 2221 320 2272 Conl.
340 2225 409 2271 nott.
425 2221 459 2270 ed
471 2221 611 2272 Plutarchi
621 2222 684 2272 Fle-

139 2307 256 2412 tter
276 2289 484 2410 ¹1l⁹i00¹li0iil
507 2297 683 2428 lliliilll

143 2430 247 2482 monuit
266 2429 386 2480 Fischer.
407 2431 442 2480 ad
458 2431 566 2482 Wellsr.
584 2432 640 2494 111,
654 2431 681 2484 b.

143 2518 169 2566 p.
195 2501 256 2552 235.
280 2526 311 2536 —
340 2500 372 2549 In
399 2515 474 2565 seqq.
500 2492 573 2566 ἀνὴρ
602 2516 683 2552 sensu

142 2569 270 2621 eminenti
294 2569 494 2634 accipiendum,
517 2572 550 2622 de
573 2587 626 2636 quo
644 2571 681 2622 cf.

141 2641 203 2702 VII,
222 2641 273 2690 210
291 2641 381 2705 ibique
400 2639 530 2690 Valcken.
560 2642 624 2692 Mox
642 2656 681 2690 re-

140 2711 208 2777 liqui
225 2699 400 2773 έπιτρέπειν,
427 2711 498 2774 qnod
522 2712 550 2760 in
569 2701 681 2772 ἐπιτρά-

141 2795 207 2829 πειν
229 2780 388 2830 commutari
413 2779 522 2840 volunt;
553 2781 600 2832 sed
625 2780 680 2829 vid.

141 2853 209 2899 nott.
229 2846 264 2898 ad
283 2849 305 2910 l,
319 2849 362 2900 98.

176 2913 228 2966 τοι]
246 2913 398 2982 δαιμονίου
411 2907 682 2981 παρασκευάζοντος,

142 2975 216 3042 ὅκως
239 2983 422 3052 πανωλεθρίῃ
445 3002 471 3035 κ.
495 3002 519 3034 τ.
537 2984 572 3050 t]
598 2984 683 3036 Perti·

142 3059 207 3105 nent
226 3054 277 3105 hnc
295 3071 339 3117 ea,
358 3071 428 3120 quue
445 3056 481 3106 ad
498 3056 521 3116 Ι,
541 3054 574 3106 32
593 3055 683 3120 ‹lispu-

141 3125 257 3174 tavimus
272 3124 306 3174 de
316 3140 350 3174 ca
359 3125 453 3175 Nostri
464 3126 615 3186 sententie,
630 3139 684 3190 qus

141 3194 262 3244 homines
284 3195 414 3258 superbos
434 3201 647 3260 arrogentesque
665 3209 682 3242 a

734 2081 814 2134 aliter
839 2082 978 2132 traderent
1004 2081 1156 2147 bellumque
1180 2079 1275 2130 Troiu-

733 2169 796 2202 num
815 2152 935 2202 dicerent
952 2151 1122 2216 frequentiae
1137 2150 1274 2200 hominum

734 2223 920 2273 exonerandae
932 2236 1015 2272 causa
1032 2237 1049 2270 a
1059 2221 1112 2270 diis
1127 2220 1275 2270 conflatum

733 2308 805 2346 csse:
835 2291 861 2341 id
890 2291 960 2358 quod
990 2289 1025 2340 ad
1052 2287 1273 2354 philosophorum

734 2377 841 2428 quoque
852 2361 958 2412 scholas
972 2361 1091 2412 transiit.
1110 2359 1172 2410 Vid.
1188 2357 1273 2408 schol.

733 2433 768 2482 cd
787 2432 866 2482 Iliad.
886 2431 912 2490 l,
931 2433 956 2481 θ.
980 2429 1104 2494 Euripid.
1123 2427 1220 2480 Helen.
1241 2427 1274 2478 39

733 2518 808 2567 seqq.
836 2501 925 2552 Strub.
952 2500 1000 2550 IV.
1031 2515 1095 2565 pag.
1118 2498 1170 2548 ‘279
1189 2499 1221 2548 A.
1245 2513 1272 2561 p.

734 2571 784 2624 183
805 2573 829 2621 D
854 2576 881 2621 ct
905 2568 1049 2634 Chrysippi
1077 2569 1174 2632 fragm.
1202 2565 1273 2631 apud

732 2641 871 2692 Plutarch.
890 2641 958 2690 Mor.
980 2639 1017 2688 ΙΙ.
1035 2655 1060 2703 p.
1075 2637 1143 2688 1049
1155 2638 1186 2687 B.
1207 2637 1273 2686 1052

731 2712 862 2830 &Beguet
891 2713 1035 2759 comment.
1069 2706 1102 2758 de
1131 2705 1274 2771 Chrysipp.

756 2795 836 2830 ovan.
861 2777 938 2830 1822.
964 2794 989 2842 p.
1014 2775 1086 2841 208).
1129 2776 1183 2825 Sed
1207 2775 1274 2824 linco

732 2849 927 2913 displicuerunt
951 2847 1023 2912 patri
1052 2845 1198 2906 historiae,
1228 2845 1274 2908 qni

733 2917 788 2968 alio
806 2917 885 2968 modo
902 2918 1080 2968 Troianorum
1099 2913 1172 2962 muln
1191 2912 1274 2976 expli-

733 2985 820 3037 canda
839 2987 953 3038 censuit.
992 2985 1079 3049 litque
1097 2982 1178 3031 simili
1194 2981 1273 3030 modo

733 3056 872 3106 Stasiuum
889 3058 917 3106 in
936 3054 1042 3120 Cypriis
1056 3051 1221 3102 carminibus
1241 3067 1274 3100 ex

733 3126 839 3176 Helene
865 3126 995 3185 abducta,
1020 3121 1091 3188 quod
1110 3122 1152 3170 ins
1171 3121 1275 3183 gravis-

732 3197 800 3245 sime
823 3196 906 3246 luerit
929 3193 1073 3252 violatum,
1104 3189 1274 3240 calamitates

142 3263 194 3312 diis
217 3263 298 3313 deiici
316 3263 371 3314 alto
393 3265 477 3331 gradu
496 3271 578 3328 atque
597 3263 681 3314 everti
732 3267 866 3316 Troianas
897 3262 1071 3328 repetivisse,
1108 3259 1275 3325 eandemque

141 3333 289 3384 statuebat.
306 3335 401 3400 Neque
410 3335 532 3386 Nemesis
545 3333 600 3394 illa,
613 3348 682 3398 quac
733 3336 815 3386 etiam
830 3335 943 3385 eliorum
958 3335 1108 3396 poetarum,
1126 3330 1274 3392 Alcmauis,

140 3419 226 3470 prava
238 3404 360 3454 iocinore
371 3410 453 3469 utque
470 3403 551 3469 impia
570 3403 622 3452 sibi
635 3418 682 3468 pu·
732 3404 920 3470 Bacchylidis‚
944 3399 1086 3464 Aeschyli,
1111 3400 1275 3448 sententiam

141 3474 242 3525 nienda
259 3473 355 3536 sumit,
374 3475 497 3539 cuiquam
516 3473 613 3538 parcit,
633 3487 683 3522 nec
734 3475 818 3525 fnisse
837 3473 964 3524 admonet
981 3469 1119 3520 Welcker:
1140 3471 1195 3518 Der
1212 3467 1276 3532 Epi-

141 3545 197 3596 ulln
221 3543 301 3594 modo
325 3544 451 3605 remittit,
476 3559 536 3593 cum
560 3541 682 3592 homines
735 3545 798 3594 eche
817 3543 892 3609 Cycl.
915 3542 951 3592 ll.
976 3557 1002 3606 p.
1022 3537 1082 3589 159.
1101 3568 1135 3577 -
1159 3537 1276 3588 Coniun-

140 3615 268 3664 immissis
278 3611 479 3662 calamitatibus
489 3612 522 3662 ad
533 3611 681 3662 modestam
734 3615 833 3664 ctivnm
851 3603 1006 3676 ποιήσωσι,
1030 3607 1209 3674 praecedente
1227 3621 1274 3655 vo-

140 3689 168 3734 et
185 3684 326 3734 honestam
345 3683 429 3732 vitam
445 3681 591 3747 perducere
608 3687 635 3732 et
646 3681 682 3730 ab
733 3683 795 3734 culn
813 3671 900 3744 ὅκως,
927 3682 984 3730 iure
1005 3679 1033 3728 h.
1054 3677 1072 3726 l.
1097 3694 1151 3727 non
1174 3673 1275 3726 solliei-

141 3769 187 3813 σο,
213 3752 343 3819 quidquid
366 3751 448 3806 nelca
468 3757 522 3814 est,
547 3751 682 3802 deterrere
733 3758 826 3804 larunt
840 3751 973 3810 editores,
993 3747 1181 3812 explicandum
1199 3744 1274 3794 illum

140 3821 216 3872 velit.
253 3823 333 3871 Hanc
350 3837 415 3872 vero
438 3821 585 3872 vindictam
603 3820 682 3885 quasi
733 3823 838 3888 quidem
863 3819 1009 3872 seeundum
1030 3833 1076 3879 ec,
1102 3831 1172 3881 quae
1196 3830 1276 3879 expc-

141 3885 260 3940 llivinum
285 3890 407 3940 historiis
425 3893 481 3942 enis
498 3895 529 3940 nt
547 3905 681 3940 commou-
732 3894 788 3942 suit
810 3889 980 3941 Bueumlein:
1014 3887 1121 3938 Gricch.
1145 3885 1219 3934 Mod.
1247 3899 1273 3948 p.

141 3965 253 4024 strnret,
286 3961 453 4026 propositum
483 3960 578 4010 habuit
605 3963 682 4024 pater
733 3962 783 4013 113
796 3976 870 4026 seqq.
890 3961 927 4009 Et
938 3957 1010 4008 coni.
1023 3954 1274 4022 quequellushner.

139 4029 284 4092 historice,
317 4031 433 4097 indeque
460 4030 542 4080 etiem
569 4027 681 4080 Troiani
732 4030 938 4092 Gr.Gr.§.777.
963 4025 1276 4092 Itaquenoluirecipere

140 4099 204 4150 belli
221 4099 292 4150 male
310 4105 393 4166 atque
414 4100 583 4151 calamitates
607 4113 682 4163 repe·
732 4091 898 4163 ποιήσουσι,
913 4095 985 4163 qnod
997 4095 1090 4160 reponi
1106 4093 1164 4144 vult
1179 4093 1274 4144 Cobet.

140 4171 188 4231 tit,
208 4169 338 4220 divinitus
356 4171 491 4220 immissus
503 4168 628 4220 Troianis
647 4167 681 4218 cb

139 4240 232 4304 priora
242 4239 342 4290 delicte
355 4245 437 4306 atque
450 4243 575 4305 peccate.
602 4237 682 4288 Ocni.
913 4217 980 4267 eff·
1001 4215 1099 4308 (JXXL

141 4309 248 4374 laeger.
266 4309 389 4374 Disputt.
413 4308 533 4362 Herodd.
559 4322 622 4374 pag.
648 4307 682 4357 45
767 4294 820 4367 τὴν
841 4297 992 4368 βασιληίην
1018 4295 1195 4364 Ραμψίνιτον
1220 4293 1275 4346 ἔλε-

182 4410 349 4454 mrnonor.
373 4395 411 4453 1.'
1027 4383 1066 4443 44
