3058 4928
498 287 748 348 EU'l'ERPE.
773 289 815 348 Π.
837 297 882 354 82.
904 297 949 352 8³.
1231 283 1292 346 607

158 493 216 545 νος
238 460 360 534 ὁτέοισι
381 459 578 550 ἐγκυρήσει,
601 461 658 528 καὶ
682 456 769 540 ὅκως
790 461 997 552 τελευτήσει,
1028 462 1083 532 καὶ
1108 455 1219 538 ὁκοῖός
1244 483 1295 538 τις

160 575 262 638 ἔσται.
305 568 361 636 καὶ
385 564 530 636 τούτοισι
556 568 626 632 τῶν
647 559 816 652 Ἑλλήνων
844 570 879 636 ot'
899 570 936 636 ἐν
959 565 1090 655 ποιήσει
1117 561 1294 652 γενόμενοι

161 671 352 761 ἐχρήσαντο.
409 666 537 757 Τέρατά
553 694 589 736 τε
608 669 698 736 πλέω
717 687 778 754 σφι
803 665 986 759 ἀνεύρηται
1013 664 1140 758 ήτοισι
1163 665 1293 736 ἄλλοισι

106 782 110 790 “
159 771 262 844 ἅπασι
276 770 498 862 ἇνθρῶιιοισι.
532 773 718 860 γενομένου
733 767 798 860 γὰρ
825 775 960 861 τέρατος
980 772 1191 862 φυλάσσουσι
1209 797 1292 860 γρα-

160 876 301 967 φόμενοι
316 873 544 964 τώποβαῖνον·
566 876 622 944 καὶ
636 871 679 963 ήν
693 900 769 943 κοτε
782 870 924 964 ὕστερον
942 875 1174 965 παραπλήσιον
1187 872 1294 966 τούτῳ

129 983 133 1002 ’
160 985 312 1070 γένηται,
341 977 425 1048 κατὰ
448 974 555 1049 τώυτὸ
582 984 753 1066 νομίζουσι
779 975 1021 1068 ἀποβήσεσθαι.
1066 974 1225 1065 Μαντική
1253 976 1340 1046 3183

161 1081 291 1154 αὐτοῖσι
313 1073 380 1154 ὦδε
398 1084 575 1152 διακέεται.
616 1077 812 1170 ἀνθρώπων
836 1082 899 1172 μὲν
921 1079 1038 1152 οὐδενὶ
1057 1083 1253 1172 προσκέεται
1273 1075 1294 1168 ή

162 1289 216 1336 etc.
238 1284 276 1347 11,
295 1286 321 1334 ’2.
342 1297 404 1349 pag.
425 1281 483 1346 158,
509 1281 642 1334 Geseuius
667 1279 703 1331 ed
754 1297 780 1348 p.
799 1283 861 1336 234.
896 1283 962 1335 Mox
981 1275 1011 1332 oi
1032 1273 1063 1333 ἐν
1085 1273 1198 1348 ποιήσει
1217 1271 1297 1346 γευό-

162 1355 243 1406 Iessi.
267 1354 342 1416 XIX,
366 1353 407 1403 12.
426 1368 453 1418 p.
471 1352 532 1415 621,
550 1354 701 1404 Letronne:
753 1366 834 1416 μενοι
846 1357 910 1402 sunt
921 1356 964 1419 qui
975 1355 1063 1418 poesin
1078 1359 1202 1414 tructam,
1221 1353 1297 1417 quiin

162 1425 383 1475 Observatum
401 1422 440 1472 les
460 1422 567 1488 nodieq.
587 1438 651 1488 pag.
668 1422 702 1472 58
751 1425 825 1484 poesi
845 1425 974 1486 occupati,
1003 1427 1100 1475 uersati
1121 1431 1188 1474 sunt.
1231 1419 1295 1482 Vid.

163 1511 255 1560 seqq,
274 1495 315 1544 De
333 1493 360 1544 le
378 1493 474 1544 Neues
495 1492 523 1541 in
541 1493 650 1544 Momm.
669 1491 703 1541 de
753 1491 881 1542 Kuebner
899 1492 945 1544 Gr.
971 1493 1018 1544 Gr.
1044 1496 1069 1556 8.
1089 1493 1150 1546 800.
1186 1491 1297 1556 Reliqui

162 1563 267 1615 l'Aend.
287 1563 334 1614 des
353 1563 440 1614 lusor.
464 1562 539 1614 XIV.
563 1578 626 1628 ρος.
650 1560 702 1612 334
753 1553 881 1626 ποιήσει,
899 1577 916 1612 e
934 1567 1048 1614 reoentt.
1069 1562 1130 1614 edd.
1149 1566 1297 1627 praeeunte

162 1650 237 1699 seqq.
245 1638 272 1684 et
282 1633 356 1683 xvi.
365 1649 391 1698 p.
402 1633 452 1682 170
461 1648 537 1696 seqq.
552 1632 601 1684 193
614 1646 701 1695 seqq,
753 1631 888 1681 Bredovio
900 1647 927 1696 p.
940 1633 992 1684 266
1007 1637 1141 1683 mutatum
1156 1633 1185 1682 in
1197 1622 1296 1696 ποιήσι

162 1703 280 1753 Bohlenr
305 1703 363 1752 Des
387 1701 443 1750 ulte
463 1701 560 1750 ludien
581 1701 620 1752 11.
638 1716 702 1764 peg-
756 1701 850 1751 invitis
870 1707 944 1752 certe
965 1701 1042 1752 libris
1068 1703 1205 1766 omnibus,
1232 1715 1297 1767 quo-

162 1771 223 1834 240,
241 1770 390 1836 Seyfferth:
409 1771 538 1835 Beitrttge
556 1788 581 1822 τ.
602 1772 705 1820 Kenut·
756 1785 815 1820 rum
830 1772 1024 1829 auctoritatem
1048 1771 1092 1822 bic
1114 1773 1191 1836 sequi
1208 1771 1297 1822 setius

162 1843 220 1890 nise
238 1845 292 1891 ete.
315 1841 353 1890 11.
376 1855 440 1904 ρας.
467 1840 508 1890 10.
528 1841 563 1892 40
587 1855 645 1904 seq.
670 1853 704 1888 se
756 1839 909 1891 videbatur.
946 1839 1296 1905 Οοο1.11,173.11,143.

163 1910 308 1976 praecipue
323 1908 422 1960 Roetb:
443 1909 540 1960 Gescb.
556 1909 582 1959 d.
601 1907 705 1960 Philos.
758 1909 812 1970 ΙΙΙ,
833 1909 893 1961 109.
929 1911 995 1976 Ipse
1006 1926 1059 1960 vox
1069 1910 1185 1976 ποίησις
1193 1911 1227 1960 ds
1240 1925 1298 1960 cur-

163 1981 187 2032 1.
206 1985 279 2036 notu
296 1995 322 2043 p.
342 1978 394 2030 216
417 1993 485 2042 seq..
509 1979 555 2044 qni
572 1977 706 2028 Herodoti
757 1979 874 2030 minibus
885 1979 1033 2030 condendis
1045 1979 1117 2031 houd
1131 1981 1188 2032 reio
1199 1996 1234 2030 un
1245 1980 1297 2030 hoo

163 2049 274 2100 effetum
301 2049 369 2113 ipsis
394 2053 628 2098 monumentorum
654 2047 706 2097 Ae·
757 2049 818 2098 loeo
836 2051 951 2113 primum
973 2050 1071 2114 obvio,
1095 2051 1129 2100 de
1151 2065 1205 2115 que
1223 2050 1297 2100 coni.

164 2120 320 2184 gyptiorum
350 2116 459 2166 indiciis
484 2117 593 2182 probari
618 2117 658 2166 nit
677 2121 705 2166 ct
755 2117 842 2168 nllnte
866 2135 882 2169 s
903 2116 993 2171 Bode:
1024 2119 1121 2171 (iesoh.
1146 2120 1173 2172 d.
1197 2118 1296 2170 hellen.

164 2189 227 2238 iude
255 2204 288 2238 ex
319 2187 386 2252 ipsis
421 2187 494 2238 uotis
523 2186 705 2252 hieroglypbi-
755 2187 923 2240 Dichtkunst
940 2189 964 2240 1.
983 2205 1009 2254 p.
1030 2191 1080 2240 222
1098 2193 1156 2241 not.
1176 2190 1201 2242 3.
1230 2189 1297 2240 Coe·

164 2260 204 2309 cis
231 2257 324 2308 attulit
354 2256 464 2308 deorum
494 2257 619 2318 nomine,
657 2256 705 2320 qui
754 2261 842 2308 terum
860 2259 1022 2309 documento
1039 2263 1126 2322 esset,
1150 2264 1181 2309 ut
1206 2263 1299 2310 censet

164 2327 280 2393 singulis
303 2326 440 2377 mensibus
463 2341 591 2392 praeesse
609 2331 706 2390 poten·
755 2328 893 2378 Letronus
910 2327 929 2380 1.
954 2327 972 2378 l.
999 2344 1062 2394 ρος.
1086 2328 1120 2380 58
1144 2345 1201 2395 seq.
1229 2334 1297 2392 not„

164 2404 221 2459 τοι,
243 2396 365 2462 singulos
390 2401 493 2462 septem
517 2396 640 2446 cuiusvis
660 2395 706 2444 be·
756 2396 907 2461 hiemans,
927 2399 1023 2463 poitns
1036 2399 1176 2450 Herodoto
1194 2400 1297 2465 priores

163 2468 307 2518 bdomedis
325 2465 383 2517 dies
401 2465 518 2530 planetis
536 2465 706 2516 fuissededi·
756 2467 890 2519 similibus
921 2469 1103 2533 prognosticis
1134 2485 1199 2520 usos
1229 2485 1298 2530 esse,

164 2543 241 2588 catos
261 2537 331 2587 idem
355 2535 447 2598 addit,
472 2551 538 2586 usus
562 2536 706 2600 praecipue
757 2537 811 2586 nisi
830 2535 1196 2602 multoloretverisimilius,
1214 2539 1300 2589 histo-

165 2607 262 2658 Dionis
285 2606 373 2658 Cassii
392 2606 548 2656 testimonio
563 2605 706 2666 xxxvu,
757 2607 842 2656 ricum
866 2607 1017 2658 doctrinam
1039 2610 1217 2676 Aegyptium,
1245 2623 1298 2674 qus

167 2677 207 2738 18,
229 2675 270 2727 19.
306 2677 348 2726 De
367 2676 484 2742 quinque
506 2675 600 2725 diebus
625 2675 707 2724 inter·
758 2676 846 2726 obiter
862 2681 969 2728 tentum
988 2678 1070 2729 luerit
1085 2679 1218 2740 imbutus,
1237 2694 1300 2729 oon·

165 2746 264 2796 celetis
283 2745 318 2795 ud
337 2745 449 2795 totidem
475 2745 540 2795 deos
562 2743 645 2795 simili
666 2759 708 2794 τει-
759 2745 862 2796 fudisse
879 2763 940 2798 eum
962 2749 1145 2813 prognosticis
1170 2765 1202 2798 ex
1220 2747 1300 2798 lunse

165 2816 240 2866 tione
262 2813 356 2865 relatis
381 2815 437 2866 vid.
461 2819 531 2864 nott.
558 2814 593 2864 ud
616 2813 654 2876 11,
679 2816 706 2864 4.
758 2815 785 2864 vi
797 2816 895 2880 ceptis,
915 2832 985 2882 quse
998 2817 1051 2868 iem
1064 2819 1137 2884 epod
1149 2818 1300 2868 Hesiodum

165 2884 282 2935 Nomine
302 2883 412 2934 deorum
432 2884 639 2948 Aegyptiorum,
662 2882 709 2948 qni
758 2885 943 2938 invenientur.
967 2886 1035 2936 Mihi
1049 2892 1122 2937 recte
1132 2887 1239 2936 videtur
1254 2885 1300 2935 ed-

166 2953 281 3018 iugulis
291 2957 421 3016 praesunt
433 2953 579 3014 mensibus,
599 2967 631 3002 ex
642 2953 709 3018 ipsis
759 2971 868 3006 monere
886 2955 1004 3006 Lobeok.
1029 2955 1217 3022 (Aglaopbsm.
1235 2970 1299 3020 ρος.

167 3021 708 3087 monumentisprotulitquoqoeLepsiusr
760 3027 833 3088 427),
853 3025 887 3075 de
906 3025 1029 3076 Hesiodo
1054 3041 1086 3076 ee
1105 3026 1175 3091 siqui
1199 3024 1302 3075 luerint

168 3091 333 3155 chronolog.
346 3091 372 3142 d.
383 3093 499 3156 Aegypt.
516 3107 542 3156 p.
557 3091 606 3143 183
620 3107 707 3156 seqq«,
759 3094 860 3146 similes
886 3099 998 3159 postue,
1032 3095 1076 3145 hic
1105 3095 1221 3161 cogitari
1246 3107 1301 3144 uon

169 3160 217 3210 sed
235 3159 365 3210 Plunetns
383 3161 522 3226 praesides
546 3161 649 3212 dierum
669 3177 710 3212 se·
760 3179 854 3229 posse3
878 3165 913 3215 ud
932 3169 1027 3230 poetes
1052 3165 1188 3230 Orphicue
1205 3169 1233 3215 et
1248 3165 1302 3229 Py·

168 3236 241 3296 ptem
254 3231 283 3280 in
300 3231 480 3282 monumentis
491 3231 607 3282 inveniri
622 3246 710 3296 seque
759 3234 917 3300 thagorieee
926 3239 1017 3285 sectae
1032 3235 1171 3298 addictos,
1189 3249 1258 3300 quos
1272 3236 1301 3284 in

168 3305 252 3364 negot
276 3297 313 3365 (p.
336 3299 396 3363 132)
414 3305 498 3366 etque
515 3301 709 3352 hebdomadem
759 3303 812 3354 boe
833 3320 939 3369 quoque
962 3305 1104 3356 doctrines
1129 3321 1226 3371 genere
1250 3305 1302 3354 Ae·

168 3374 272 3434 septem
290 3369 407 3430 dierum;
428 3386 475 3435 per
492 3370 608 3422 decedes
620 3371 710 3436 singu·
760 3374 916 3438 gyptiorum
933 3374 1043 3426 decreto
1064 3375 1216 3426 aemulatos
1241 3389 1302 3424 esse

168 3438 210 3489 los
229 3453 335 3489 meuses
354 3453 413 3490 esse
431 3439 534 3490 divisos
551 3440 620 3491 vult.
759 3442 904 3493 admodum
922 3443 1051 3494 credibile
1070 3446 1116 3508 sit,
1134 3445 1201 3496 haee
1218 3443 1302 3494 verbu

203 3498 321 3574 ὁτέοισι]
339 3509 406 3559 Tres
428 3509 492 3560 libri
509 3508 611 3568 τέοισι,
637 3509 709 3574 quod
759 3517 884 3577 spectare
902 3513 971 3562 idom
991 3514 1082 3564 iudico

169 3593 217 3644 per
248 3593 278 3628 se
308 3593 362 3628 non
396 3579 577 3630 dumnnndum
607 3579 710 3628 iudicet
798 3573 906 3646 Τέρατά
924 3597 952 3632 τε
969 3579 1044 3632 πλέον
1063 3597 1112 3648 σφι
1143 3580 1302 3632 (1οἱε1.ει11-

169 3649 267 3699 struve
285 3648 364 3713 Spec.
385 3655 490 3714 quaest.
515 3649 549 3699 de
570 3647 635 3700 diol.
656 3649 710 3698 He·
761 3649 801 3700 dit
819 3648 904 3714 πλέα,
928 3651 1001 3703 houd
1018 3653 1075 3704 seio
1094 3651 1174 3704 uude.
1211 3651 1301 3713 Quare

169 3717 227 3768 rod.
248 3733 275 3782 p.
293 3717 337 3769 43.
374 3717 435 3780 Sed.
447 3710 565 3782 ὁτέοισι,
591 3723 622 3768 ut
639 3718 710 3767 idem
761 3718 860 3786 reliqui
878 3718 960 3770 πλέον.

169 3787 238 3838 bene
258 3787 350 3850 addit,
370 3789 465 3840 maiori
489 3803 537 3838 sex
561 3787 640 3838 codd.
662 3801 711 3837 uu·

168 3856 486 3992 mqrvossoqqpquptpgffl
508 3926 528 3974 i.
551 3939 575 3976 e.
599 3926 623 3974 ιἰι
647 3941 711 3990 quoe
805 3983 813 4005 ,
912 3893 978 3944 cm
997 3891 1152 3944 LXXXIII·

168 3995 276 4056 incidat,
293 4011 359 4060 quae
375 3997 400 4045 ei
415 3996 535 4046 occident
551 4009 572 4044 s.
592 4011 657 4060 quae
669 3995 712 4057 su·
796 3987 962 4059 ανθρώπου
982 3989 1035 4059 μὲν
1053 3985 1152 4045 οὐδενὶ
1170 3991 1302 4058 προσκέε-

168 4066 294 4114 turasius
304 4066 356 4114 sirit
370 4064 438 4126 suta.
471 4064 513 4116 Ad
523 4068 712 4128 argumentum
763 4078 808 4122 ται
826 4079 852 4112 κ.
876 4062 955 4131 τ.1..]
980 4064 1141 4116 Sacerdotes
1163 4081 1224 4116 oum
1249 4065 1301 4116 diis

169 4132 241 4184 oonf.
265 4133 378 4184 Diodor.
409 4133 465 4184 Sic.
489 4134 513 4196 1,
535 4133 578 4184 81.
620 4134 712 4199 lpssm
763 4133 926 4198 quibusdem
945 4132 1011 4186 solis
1037 4134 1147 4186 oraculo
1166 4133 1303 4184 adscribe·

168 4198 332 4254 locutionem
345 4201 408 4260 eliis
420 4202 487 4254 louis
505 4202 639 4254 similibus
651 4203 712 4254 illu·
763 4208 836 4264 rent,
856 4219 888 4254 eo
910 4205 968 4268 ipso
986 4219 1063 4254 suom
1085 4204 1140 4254 vim
1165 4208 1194 4254 et
1211 4207 1304 4254 sucto-

169 4271 268 4320 struvit
286 4270 450 4324 Vslokeuur.
479 4271 514 4322 od
539 4269 565 4322 b.
591 4271 610 4324 l.
635 4273 711 4322 item-
762 4272 871 4325 ritstem
897 4274 1005 4339 egregie
1029 4271 1152 4324 flrmssse
1174 4273 1305 4324 eonsendi

169 4351 221 4401 que
245 4339 367 4405 Leuuep.
391 4339 429 4394 ud
454 4337 594 4392 Phelorld.
620 4340 710 4406 Epist.
762 4344 836 4393 sunt.
873 4341 910 4394 nt
932 4341 1040 4394 omniuo
1064 4333 1197 4394 neminem
1223 4341 1304 4408 fugit,
