3008 4924
511 311 763 375 EU'PERPE.
786 311 829 370 H.
855 316 915 372 146.
1216 306 1277 370 763

146 487 231 560 κατὰ
252 488 424 560 εἰνακόσια
448 491 540 572 ἔτεα,
567 487 657 556 Πανὶ
681 485 718 555 δὲ
740 489 788 578 τῷ
808 487 844 554 ἐκ
859 481 1059 573 Πηνελόπης
1080 485 1093 560 i
1100 483 1137 550 ἐκ
1157 478 1279 570 ταύτης

145 591 209 684 γὰρ
223 595 279 662 καὶ
294 589 418 684 Ἑρμέω
432 593 562 678 λέγεται
576 591 737 678 γενέσθαι
750 585 817 658 dard
823 583 991 677 Ἑλλήνων
1004 581 1022 655 ὅ
1034 582 1125 669 Πὰν)
1148 583 1277 653 ἐλάσσω

144 696 220 768 isaei
241 701 310 767 ἐστι
331 701 400 765 τῶν
420 699 597 784 Teutanis,
623 691 768 763 κατὰτὰ
790 689 970 763 ὀκτακόσια
990 689 1131 779 μάλιστα
1152 690 1185 768 ἐς
1209 689 1276 776 ἐμέ.

149 801 285 871 Τούτων
301 791 350 869 ὧν
362 795 562 888 ἀμφοτέρων
576 797 715 888 πάρεστι
730 803 875 887 χρᾶσθαι
888 801 977 864 τοῖσί
987 821 1037 873 τις
1051 799 1201 862 πείσεται
1220 801 1274 862 ia·
1288 796 1347 859 146

178 963 255 1017 Πανὶ
273 962 305 1017 el
325 965 365 1035 τῷ
386 957 416 1016 ἐκ
435 958 601 1030 Πενελύπης
616 981 642 1016 a.
660 980 702 1016 τ..
735 973 856 1028 atomum,
875 965 1035 1026 explorabam
1053 968 1104 1041 aeq,
1128 961 1276 1024 respiciens

143 1037 178 1105 l.]
198 1039 276 1090 Pana
293 1037 422 1088 Mercurii
437 1039 519 1103 atque
532 1034 686 1101 Penelopae
736 1033 771 1085 ad
784 1034 917 1085 Herodot.
932 1033 980 1096 IV,
990 1031 1045 1112 ‚132
1060 1045 1133 1094 αντη
1149 1025 1202 1094 μὲν
1218 1030 1275 1079 Aor-

143 1107 226 1158 filium
245 1113 377 1158 memorat
399 1105 456 1157 Cic.
475 1107 509 1156 de
526 1107 591 1158 Nat.
611 1105 684 1156 deor.
736 1101 801 1171 ρείῳ
822 1095 841 1168 ἡ
866 1095 963 1168 ηνύμη
982 1097 1166 1150 auratarum:
1194 1099 1275 1166 quod,

143 1178 197 1240 ΙΙΙ,
216 1180 260 1239 22,
278 1177 325 1227 ubi
345 1177 458 1227 aliorum
476 1176 634 1227 testimonia
645 1181 685 1225 at·
734 1189 843 1225 sensum
859 1173 883 1224 si
900 1172 1068 1238 quaerimus,
1091 1169 1138 1220 vix
1162 1169 1276 1221 multum

142 1247 263 1298 tulerunt
277 1247 406 1298 Davisius
425 1249 508 1310 atque
525 1246 683 1297 Crenaerus.
736 1242 826 1294 differt
844 1243 878 1293 ab
892 1258 938 1304 eo,
957 1239 1030 1306 quod
1044 1240 1164 1322 eiusdem
1178 1239 1276 1320 capitis

142 1318 185 1368 Tu
203 1317 258 1367 vid.
277 1317 398 1381 inprimis
416 1316 531 1366 Lucisni
549 1315 637 1366 locum
656 1315 684 1366 iu
735 1313 813 1364 initio
832 1311 932 1378 legitur
950 1308 1075 1375 Δαρείου
1091 1325 1155 1374 -η
1177 1325 1275 1375 ηνωμη

141 1387 251 1453 Dialog.
277 1385 350 1437 deor.
370 1386 460 1437 XXII.
486 1401 550 1452 pag.
569 1387 603 1438 76
622 1385 683 1450 Bip.
735 1373 1275 1448 sirmadquemlocumsliosNostrilocos

141 1457 231 1522 ibique
256 1456 444 1507 Hemsterhus.
471 1471 534 1522 pag.
555 1454 606 1508 :319
624 1470 682 1520 seq.
734 1452 830 1516 attuli,
849 1451 989 1518 inquibus
1004 1448 1186 1501 baeclocutio
1203 1451 1276 1500 inve-

142 1533 169 1577 et
187 1541 257 1592 quae
275 1525 308 1576 de
324 1525 546 1591 bocargnrnento
563 1525 684 1588 disputa·
734 1523 821 1584 nitur,
849 1537 930 1587 quam
953 1519 1064 1570 eandem
1090 1521 1172 1600 etiam
1194 1521 1275 1602 attigi

141 1597 182 1646 vit
201 1597 350 1646 Crenasrus
367 1596 412 1645 in:
438 1595 559 1661 Symbol.
581 1595 636 1645 111.
655 1610 682 1660 p.
735 1593 770 1642 ad
787 1593 824 1656 II,
843 1590 1206 1643 24.-Genitivnsrovrcov
1225 1605 1276 1654 αμ-

142 1667 193 1716 502
212 1671 239 1716 et
257 1666 304 1728 IV,
324 1680 387 1729 pag.
402 1665 436 1715 62
448 1680 522 1730 seqq.
542 1663 604 1716 coll.
618 1678 681 1729 pag.

141 1736 172 1785 ἸΙ
195 1750 270 1800 seqq.
295 1750 328 1784 so
346 1735 433 1785 Marc.
457 1735 546 1799 Motty
570 1735 599 1784 in
621 1733 683 1783 Dis·

143 1808 237 1854 sertat.
257 1804 290 1853 de
299 1805 394 1853 Fauno
412 1807 439 1854 et
450 1805 546 1854 Fauna
557 1807 610 1854 etc.
623 1801 684 1867 (Be-

734 1657 864 1727 φοτέρων
890 1659 990 1725 pendet
1013 1676 1030 1711 a
1051 1659 1124 1708 τοῖσι
1147 1687 1181 1696 -
1198 1659 1276 1724 λεγο-

733 1723 856 1794 μὲνοισι;
869 1732 970 1782 Noster
982 1725 1071 1779 ταῦτα
1080 1720 1227 1794 ἀμφότερα
1237 1731 1276 1780 in·

735 1799 836 1867 telligit
858 1806 1002 1865 utramque
1029 1797 1104 1848 illam
1132 1801 1275 1864 rationem,

141 1873 221 1925 rolin.
233 1873 322 1938 1840.)
337 1888 400 1938 pag.
412 1873 445 1925 16
455 1889 530 1938 seqq.
558 1873 610 1923 Est
619 1888 683 1922 vero

141 1943 185 1992 bic
209 1943 384 2007 cogitandum
409 1942 442 1993 ds
464 1944 551 2004 Paua,
578 1941 684 2007 qualem

142 2012 322 2064 indicavimus
340 2011 417 2062 deum
442 2012 470 2062 in
489 2016 546 2062 not.
569 2013 604 2063 ad
630 2013 684 2062 He·

141 2081 199 2132 rod.
211 2082 250 2144 II,
269 2082 312 2144 43,
331 2086 414 2146 atque
426 2083 460 2133 ds
471 2081 600 2132 Memmia
611 2081 683 2148 lilip-

138 2151 262 2214 plmllica,
281 2151 315 2202 de
334 2167 387 2217 quo
404 2152 520 2202 diximus
536 2151 571 2201 ad
588 2152 625 2211 ΙΙ,
639 2153 682 2203 51.

139 2220 301 2288 Penelopam
316 2225 406 2272 autem
417 2221 528 2270 tradunt
540 2221 682 2286 virginem,

142 2296 286 2358 antequam
309 2291 384 2342 Ulixi
406 2292 542 2356 nupserit,
568 2291 682 2356 magicis

139 2361 244 2412 artibus
269 2377 285 2410 a
304 2361 438 2410 Mercurio
465 2366 572 2426 captam
596 2365 624 2411 et
647 2361 681 2411 ab

140 2431 247 2494 eedem,
267 2431 312 2496 qui
326 2431 392 2480 birci
407 2431 524 2496 speciem
540 2432 682 2496 assumsis-

140 2505 196 2562 set,
220 2515 401 2566 compressam
419 2501 513 2552 inisse.
549 2500 604 2552 Ubi
629 2502 681 2552 Pe·

139 2569 234 2636 nelope
252 2585 313 2621 eum
331 2569 388 2621 iere
411 2570 501 2622 locum
525 2574 618 2622 tenere
641 2572 681 2621 vi-

139 2639 231 2702 detur,
256 2656 334 2707 quem
357 2642 386 2690 in
405 2640 500 2690 similis
526 2643 679 2706 argumenti

139 2709 239 2760 tabulis
258 2715 287 2760 et
308 2709 445 2774 Pasipbad
470 2715 498 2761 et
515 2711 678 2776 Proserpina

139 2779 263 2845 adeoque
279 2781 340 2844 ipsa
353 2779 460 2830 Helena
477 2785 569 2830 tenere
586 2780 681 2831 dicun·

138 2853 191 2898 tnr.
228 2843 298 2900 Nolo
310 2863 382 2899 nuuc
393 2849 472 2914 plura
483 2849 591 2912 afferre,
610 2865 680 2916 qnae

139 2917 298 2968 ecreuzeri
317 2917 387 2968 libro
409 2917 429 2970 l.
446 2917 465 2968 l.
485 2920 614 2984 cognosci
633 2935 680 2985 po·

138 2989 241 3038 terunt.

309 3157 375 3208 Car.
394 3155 514 3209 cxnvl.

176 3253 295 3310 Τούτων
311 3247 352 3310 ὦν
374 3251 544 3325 ἀμφοτέρων
562 3251 679 3323 πάρεστι

138 3343 163 3378 κ.
182 3345 205 3381 τ.
221 3327 258 3395 4.]
278 3331 297 3382 i.
317 3345 339 3381 e.
359 3331 406 3380 Eo
428 3330 525 3379 duatus
543 3332 618 3394 ipilsr
639 3329 679 3380 lis

136 3399 285 3464 remonitus,
305 3416 370 3466 qaae
384 3401 508 3458 dicuntur,
524 3403 612 3465 cuique
624 3403 681 3450 licet

137 3471 174 3519 uti
189 3484 234 3532 ea,
252 3485 317 3536 qaae
330 3472 382 3535 ipsi
393 3469 552 3533 probabilior
567 3469 679 3530 videtum

136 3553 190 3588 mea
203 3539 235 3590 de
248 3539 287 3589 lus
295 3555 360 3605 qaae
372 3547 438 3590 esset
446 3543 579 3602 sententia,
595 3539 680 3589 (leola-

136 3609 202 3668 νοντ’,
222 3623 306 3674 snpra
324 3607 383 3661 scil.
396 3609 433 3672 11,
445 3607 479 3660 43
494 3624 579 3675 seqq„
593 3612 624 3658 ut
636 3624 677 3672 ea,

46 3686 50 3696 '
137 3677 240 3742 quaeb.
250 3677 268 3731 l.
285 3683 442 3746 sequnntur,
461 3679 496 3728 ad
509 3679 578 3729 hanc
591 3679 678 3742 ipsam

136 3749 299 3798 sententiam
327 3749 371 3800 vel
397 3749 485 3814 magis
511 3747 678 3813 probandam

735 1887 789 1938 qus
807 1871 872 1921 deos
891 1871 1011 1921 Graecos
1034 1884 1067 1918 ex
1084 1868 1209 1935 Aegypto
1227 1871 1276 1921 ad-

734 1945 829 1992 vectos
846 1955 907 1991 esse
924 1939 972 1989 alii
983 1938 1154 2000 statuebant,
1173 1939 1276 1991 aliine-

735 2011 847 2076 gabsnt.
884 2010 946 2060 Vid.
975 2025 1057 2073 supra
1079 2009 1117 2070 ΙΙ,
1140 2009 1174 2061 43
1199 2025 1274 2076 seqq.

734 2081 868 2131 Herodoti
883 2080 969 2144 ipsius
989 2093 1047 2129 eam
1064 2079 1148 2153 quisse
1168 2085 1275 2130 senten-

734 2151 800 2200 tiam
819 2149 993 2200 manifestum
1012 2152 1068 2210 est,
1092 2152 1122 2198 nt
1142 2151 1275 2216 antiquis-

734 2221 796 2270 simi
821 2220 923 2269 fuerint
949 2219 1144 2284 Aegyptiorum
1170 2219 1220 2282 dii,
1245 2221 1274 2269 in

734 2290 876 2341 Graeciam
894 2288 1036 2353 postmodo
1056 2287 1153 2352 delati,
1176 2290 1222 2340 ubi
1241 2305 1274 2340 eo

732 2361 791 2424 ipso
810 2363 931 2424 tempore
947 2359 1006 2408 nati
1020 2359 1183 2425 nominaque
1199 2375 1275 2412 acce-

732 2431 806 2496 pisse
825 2429 1006 2494 putabantur,
1026 2443 1079 2492 quo
1099 2443 1133 2480 ex
1149 2429 1274 2495 Aegypto

732 2499 810 2549 allati
828 2499 937 2549 suerint.
974 2499 1068 2565 Neque
1085 2497 1164 2550 aliter
1174 2501 1229 2551 iere
1240 2500 1274 2550 de

731 2569 863 2620 hocloco
886 2570 1017 2620 statuisse
1039 2567 1119 2619 video
1145 2569 1274 2637 Naegels-

731 2638 858 2690 bscbium
876 2638 895 2689 l.
919 2638 948 2702 1.,
967 2639 1012 2706 qui
1030 2643 1105 2689 recte
1122 2639 1188 2690 mibi
1211 2655 1273 2692 con-

731 2709 843 2760 tendere
860 2708 980 2772 videtur,
1005 2723 1117 2759 nervum
1135 2725 1275 2776 argumen-

732 2780 845 2829 tationis
861 2778 1034 2830 Herodoteae
1052 2792 1111 2828 eum
1131 2795 1199 2840 esse,
1223 2785 1273 2842 „ut

730 2847 855 2900 Herculis
878 2847 960 2914 longe
983 2847 1064 2897 aliam
1084 2851 1166 2912 atque
1188 2850 1273 2898 Panis

731 2933 763 2968 sc
782 2917 899 2982 Dionysi
923 2915 1105 2967 conditionem
1129 2931 1190 2967 esse
1210 2933 1274 2967 con·

730 2985 840 3049 tendat,
859 3001 946 3051 nsque
959 2987 1111 3050 Dionysum
1128 2989 1155 3035 et
1171 2987 1272 3036 Panem

730 3057 759 3104 in
778 3056 897 3106 eiusdem
911 3056 1038 3106 fortunae
1051 3054 1209 3105 societatem
1227 3055 1274 3106 ad-

731 3120 828 3188 iungat
837 3125 960 3188 Herculi,
974 3124 1022 3175 sed
1034 3124 1104 3174 buno
1117 3121 1170 3174 illis
1184 3125 1212 3174 in
1221 3125 1273 3177 bac

731 3194 1274 3261 quidemconiormationesententieeop·

731 3264 846 3330 penat.“
875 3263 972 3330 Itaque
993 3259 1041 3312 nal
1064 3250 1146 3313 οὗτοι
1169 3266 1204 3316 ad
1221 3267 1274 3317 Pa-

731 3349 792 3384 nem
810 3349 844 3384 ac
861 3333 1013 3399 Dionysum
1031 3337 1105 3384 recte
1117 3335 1219 3398 retulit,
1237 3335 1273 3386 ad

732 3419 799 3469 quos
812 3402 921 3455 eosdem
931 3406 1013 3455 etism
1022 3401 1141 3469 pe'rtinet
1151 3400 1198 3454 arri
1209 3397 1274 3456 τού-

730 3487 797 3530 τους
816 3474 843 3523 in
861 3488 947 3540 seqq,
967 3475 1013 3540 qui
1031 3472 1112 3524 iidem
1127 3490 1188 3525 eum
1206 3476 1273 3525 Her-

729 3543 788 3594 cule
811 3550 1010 3608 componuntur
1032 3544 1123 3594 verbis
1149 3536 1273 3609 κατάπερ

729 3639 763 3649 -
781 3609 829 3663 καὶ
849 3609 885 3676 δὴ
904 3609 963 3676 sul,
982 3615 1182 3680 quemadmodum
1196 3649 1202 3664 .
1215 3650 1221 3664 .
1235 3617 1272 3664 iia

729 3685 820 3742 eiiam
837 3684 912 3735 unde
925 3683 994 3734 baec
1009 3684 1094 3734 totius
1112 3682 1164 3734 loci
1183 3684 1273 3734 nasci-

729 3757 773 3802 tur
792 3754 942 3804 sententia:
969 3756 1074 3816 „etenim
1095 3754 1120 3802 si
1141 3754 1208 3802 olari
1225 3769 1272 3804 enr-

135 3817 341 3884 augendamque
350 3818 460 3870 adiecta
469 3818 678 3878 videanturrne·
725 3825 849 3874 adissent
866 3832 942 3890 atque
961 3823 1150 3872 consensissent
1166 3826 1238 3873 etiam
1248 3822 1276 3875 lri

135 3901 188 3951 que
205 3888 319 3938 multum
337 3888 401 3939 inde
419 3887 543 3939 recedere
559 3887 676 3952 credam,
727 3894 752 3942 iu
769 3893 892 3954 Graecia,
911 3895 1021 3944 uirairum
1039 3899 1066 3942 at
1084 3891 1209 3942 Hercules
1227 3890 1272 3955 (de

133 3956 205 4020 quod
223 3957 428 4023 Naegelsbach,
445 3959 489 4024 qni
502 3958 573 4008 hunc
590 3961 676 4008 totum
728 3976 874 4027 quosnpra
886 3962 923 4022 ΙΙ,
943 3961 977 4013 43
989 3959 1065 4024 dixi),
1082 3964 1116 4010 ita
1128 3963 1200 4011 etiam
1209 3963 1271 4011 Dio-

132 4023 221 4075 locum
238 4030 369 4079 tractauit
385 4029 413 4078 in
430 4028 545 4082 Jahrbb.
565 4027 592 4078 d.
612 4027 675 4077 Phi·
725 4046 804 4096 nysam
823 4039 848 4081 el
863 4033 937 4081 Pan:
956 4029 1068 4081 dixisset
1084 4033 1214 4094 quispiam,
1232 4035 1271 4081 oei

132 4092 213 4158 lolog.
230 4096 325 4162 suppl.
340 4099 379 4149 11.
396 4113 423 4162 p.
438 4097 472 4150 69
491 4113 558 4163 seq,
575 4097 673 4148 verba:
723 4101 768 4151 tas
793 4103 878 4164 ipsos,
902 4101 953 4150 oiri
971 4115 1023 4149 cnm
1043 4101 1214 4153 exstitissent.
1239 4104 1270 4151 il-

131 4153 193 4224 ἒμοΙ
212 4155 241 4212 δ’
261 4157 302 4215 οἷν
320 4157 338 4231 ἡ
357 4163 422 4227 περὶ
440 4159 599 4233 αύτῶνϋτα
612 4181 673 4217 cnm
724 4173 802 4220 laram
825 4171 926 4220 deorum
954 4177 1013 4220 ante
1035 4177 1149 4218 satanan
1172 4173 1269 4220 nomina

131 4237 245 4309 recentt.
268 4235 329 4286 edd.
360 4237 457 4301 scripsi
481 4252 529 4302 pro
551 4227 671 4301 αὐτέων)
722 4239 870 4289 tabm'sse.“
899 4239 967 4290 Cum
981 4253 1045 4289 vero
1060 4242 1174 4304 uterque
1189 4239 1267 4304 (Dio-

130 4314 227 4364 yvrapq
242 4295 430 4354 ἀποδέδεκται
442 4306 482 4356 sic
491 4306 580 4371 potins
595 4305 672 4356 reddi
722 4323 807 4373 nysus
831 4323 864 4358 ac
889 4307 958 4372 Pan)
986 4323 1073 4374 neque
1096 4309 1125 4357 in
1149 4309 1265 4360 Graecia

129 4367 202 4420 vult:
225 4371 283 4422 miti
298 4375 394 4444 quidem
413 4375 475 4446 qnid
492 4375 524 4428 da
539 4374 578 4428 tis
596 4375 671 4426 rebus
722 4376 1264 4447 apparueritnsqueconsenuerit(quem·
