3088 4944
624 260 799 324 0L10.1.
824 271 885 326 185.
1258 263 1321 326 369

182 435 342 524 Ἀσσυρίῃ
364 431 556 504 ἀπικνέεται
578 433 678 524 ῥέων.
710 439 753 524 τῇ
776 435 813 504 dl
833 434 928 526 κώμῃ
950 430 1079 526 οὔνομα
1097 431 1184 523 ἐστι,
1210 433 1244 518 ἐς
1257 435 1321 526 τὴν
1427 426 1434 445 Ι
1534 441 1535 536 J

186 538 379 610 ἀπικνέεται
399 533 417 605 ὁ
432 534 631 628 Εὐφρήτης,
650 535 856 628 Ἀρδέρικκα.
892 541 947 610 καὶ
968 545 1033 610 νῦν
1046 547 1080 610 οἳ
1096 535 1140 612 ἂν
1154 547 1317 632 κομίζων·

177 672 240 741 Ιται
259 639 325 712 ἀπὸ
346 646 448 730 τῆσδε
472 647 530 731 τῆς
550 640 722 734 θαλάσσης
746 638 779 723 ἐς
793 650 1000 734 Βαβυλῶνα,
1018 645 1263 726 καταπλέοντες
1287 642 1320 726 ἐς

187 843 291 894 reiecta
314 858 347 893 aa
371 842 523 908 sententia,
551 858 621 908 qnae
647 843 729 892 toties
780 849 831 896 ret.
870 845 903 896 In
922 845 1044 898 clausula
1061 849 1157 914 paucis
1177 847 1210 900 de
1229 863 1321 899 eorum

187 919 328 964 curvatum
348 913 433 964 fuisse
452 912 511 963 vult
529 913 653 974 flurium,
676 913 730 962 He·
781 930 871 965 errore
898 917 1033 966 monuisse
1063 919 1197 981 sufficiat,
1227 919 1251 966 si
1276 918 1321 982 qui

187 984 277 1034 rodoti
308 983 398 1034 verbis
424 982 464 1034 nil
493 982 567 1033 aliud
598 982 731 1032 contineri
782 985 951 1048 existiment,
968 1001 1052 1036 naves
1069 987 1097 1038 in
1109 987 1249 1054 Euphrate
1263 1001 1323 1052 per·

188 1053 344 1115 contendit,
367 1053 420 1101 nisi
438 1058 480 1102 ter
502 1052 536 1102 ed
561 1051 675 1102 eundem
693 1051 731 1101 lo·
781 1053 896 1104 meando
920 1069 974 1104 uon
998 1054 1084 1106 solum
1109 1073 1157 1122 per
1181 1058 1321 1108 anfractus

188 1137 249 1172 cum
267 1122 380 1172 rediisse
401 1121 520 1184 fluvium,
539 1121 648 1171 minime
665 1137 730 1172 vero
782 1125 886 1190 plures,
910 1123 957 1174 sed
977 1124 1058 1173 etiam
1079 1141 1126 1190 per
1145 1127 1231 1192 ipsam
1248 1125 1323 1175 lacu-

187 1197 228 1243 ter
251 1208 311 1242 eum
333 1193 432 1244 flexum
456 1207 525 1243 ease.
567 1192 657 1257 Atque
679 1191 731 1241 hoc
782 1209 845 1244 nam
876 1191 921 1256 (de
948 1208 1002 1258 qua
1025 1196 1098 1260 mox)
1126 1201 1220 1246 vectas
1252 1210 1322 1245 ease.

188 1264 227 1312 sic
246 1262 349 1312 laetum
370 1277 429 1312 esse
448 1262 500 1311 sibi
518 1261 612 1326 fingit,
632 1265 663 1310 ut
679 1261 732 1326 pri·
783 1264 903 1314 Obstant
924 1263 995 1314 enim
1016 1268 1043 1314 et
1060 1263 1174 1314 aliorum
1192 1270 1220 1314 et
1237 1264 1323 1328 ipsius

187 1349 230 1383 ruo
249 1333 347 1382 fluvius
365 1347 480 1397 superne
499 1331 588 1381 vicum
606 1329 730 1392 allueret,
781 1333 917 1384 Herodoti
928 1333 1094 1398 testimonia,
1109 1334 1267 1399 utpluribus
1278 1349 1324 1382 ex-

187 1402 306 1454 secundo
332 1418 397 1453 vero
426 1402 487 1452 loeo
510 1399 592 1452 semol
615 1401 730 1451 inflexus
781 1405 873 1468 posuit
892 1403 1013 1468 Breiger.
1032 1403 1051 1454 l.
1071 1404 1090 1456 l.
1108 1421 1134 1469 p.
1156 1406 1191 1456 44
1208 1419 1266 1469 seq.

187 1488 234 1538 per
258 1471 374 1522 medium
399 1472 488 1523 vicum
513 1473 623 1533 flueret,
652 1471 729 1522 cuiue
812 1464 983 1539 Ἀρδέρικκα]
1003 1474 1089 1526 Notat
1105 1475 1257 1524 Heerenius
1271 1471 1290 1522 l.
1304 1471 1323 1524 l.

187 1541 223 1592 od
247 1542 360 1593 alterum
384 1547 488 1606 partem
514 1539 610 1591 deinde
632 1541 728 1590 iterum
781 1559 845 1608 pag.
869 1542 928 1605 139,
947 1558 981 1592 ex
1003 1543 1054 1594 boo
1075 1543 1183 1594 nomine
1208 1543 1324 1593 forsitan

187 1618 315 1662 curvatus
333 1613 414 1662 tertio
434 1612 493 1662 loco
508 1611 643 1662 edricum
659 1609 729 1660 rodi·
781 1613 872 1678 colligi
891 1627 981 1678 posse,
1000 1613 1115 1664 indicari
1133 1613 1235 1676 urbem,
1255 1627 1324 1678 quoe

188 1688 244 1746 ret,
270 1698 349 1747 quem
370 1682 422 1732 beo
446 1683 507 1732 vice
530 1681 603 1730 inira
626 1679 730 1730 alluere
781 1699 852 1733 nunc
879 1687 994 1732 vocetur
1021 1683 1171 1748 Akkerlrus,
1201 1697 1324 1747 quaeque

187 1757 290 1817 posset.
327 1751 380 1802 Sed
396 1751 497 1815 fateor,
517 1749 730 1800 mihihsecma-
781 1767 862 1817 snper
880 1751 995 1816 Bagdsd
1017 1754 1111 1803 urbem
1129 1753 1183 1816 sitq
1206 1758 1249 1802 est
1272 1752 1325 1802 rni-

188 1823 230 1887 gis
248 1823 374 1887 quaesita
381 1822 527 1886 minusque
544 1819 677 1886 simplicia
690 1820 731 1870 vi-

189 1891 246 1940 deri
264 1907 328 1957 prae
352 1891 400 1941 illa
420 1891 572 1952 sententia,
597 1905 666 1956 quae
684 1889 731 1940 flu·

188 1962 261 2010 vium
273 1967 315 2012 ter
324 1965 465 2012 curvatum
481 1976 541 2012 esse
553 1961 640 2023 docet,
656 1974 732 2025 prae-

189 2031 281 2080 sertim
299 2047 359 2081 cum
377 2031 446 2081 nibil
463 2031 570 2098 legatur
587 2029 660 2094 apud
677 2029 732 2080 He-

189 2099 322 2164 rodotum,
334 2101 445 2151 flurium
454 2117 502 2166 per
514 2100 630 2151 medium
641 2099 732 2149 vicum

189 2170 363 2234 perfluxisse;
387 2171 415 2220 id
438 2170 510 2236 quod
528 2169 605 2236 ponit
623 2169 733 2234 Breige·

190 2255 247 2289 rua.
283 2239 414 2290 Addimus
426 2240 499 2290 hisce
513 2239 676 2290 Haerenium
689 2239 730 2290 ins

190 2308 360 2372 Ideeu1,2.
384 2325 446 2374 pag.
473 2308 522 2362 1:38
546 2325 603 2374 seq.
623 2308 656 2358 de
680 2308 732 2358 boc

191 2379 251 2430 loeo
282 2379 467 2430 disserentem.
508 2379 562 2430 Ubi
594 2378 733 2429 existimat

190 2465 259 2514 opus
276 2448 328 2499 boc
340 2449 416 2499 fluvii
433 2449 538 2500 curvati
554 2449 588 2498 iis
606 2449 634 2498 in
647 2448 734 2513 regio-

190 2519 270 2569 nibus
288 2518 392 2570 factum
416 2535 491 2582 esse,
514 2519 560 2568 ubi
578 2517 732 2582 Euphrates

191 2587 311 2654 scopulis
334 2590 462 2653 saxisque
491 2587 609 2653 repletus
633 2587 732 2638 labitur

190 2658 271 2709 celeri
282 2675 371 2722 eursu,
383 2657 499 2724 indeque
510 2657 662 2723 periculosa
675 2657 733 2708 eins

191 2729 342 2795 navigatio.
381 2728 431 2778 Cui
443 2733 473 2778 ut
491 2728 655 2790 subveniret,
673 2743 734 2792 pro-

190 2799 319 2850 babiliter
329 2798 485 2848 institutum
498 2797 565 2848 illud
580 2813 640 2848 esse
650 2795 734 2862 (quod

190 2866 254 2919 inde
275 2883 404 2934 magnum
432 2867 517 2918 fuisse
549 2867 734 2930 ,βιωτικα-

191 2937 279 2989 werk“
302 2935 455 3002 coniicias),
479 2936 613 3001 simulque
642 2937 734 2997 etiam,

192 3024 253 3058 eum
271 3013 381 3074 propter
392 3007 546 3072 frequentes
559 3005 662 3056 canalis
676 3021 734 3055 cur·

191 3079 316 3128 vationes
326 3078 403 3143 plura
415 3076 548 3128 eiusmodi
560 3091 650 3140 opera,
665 3088 735 3140 qnae

193 3163 242 3198 nos
273 3147 441 3213 appellamus
474 3146 637 3206 schleusner,
677 3159 736 3208 per·

193 3217 309 3286 meando
328 3221 432 3280 essent,
444 3215 519 3266 illud
537 3215 578 3266 sie
596 3214 736 3266 diductum

193 3289 293 3350 fuisse,
311 3292 342 3338 ut
359 3287 501 3352 navigatio
519 3301 567 3350 per
580 3286 670 3336 vicum
688 3283 738 3333 Ar-

193 3357 302 3408 dericca
324 3357 406 3408 trium
432 3355 513 3408 fuerit
536 3354 654 3416 dierum,
679 3358 736 3404 turn

193 3433 304 3492 propter
332 3425 456 3489 canales,
486 3425 602 3474 fluminis
631 3423 738 3488 lapsum

193 3497 381 3550 vehementem
391 3511 444 3562 quo
454 3495 620 3556 minuerent,
635 3493 676 3542 ita
687 3491 739 3542 eir·

195 3567 369 3626 cumductos‚
398 3570 429 3616 ut
456 3569 576 3616 extrema
599 3563 653 3612 rici
674 3575 737 3626 pars

195 3641 311 3702 utraque
336 3640 480 3700 utrumque
510 3634 592 3684 etiam
615 3631 738 3682 canalem

196 3707 355 3771 attingeret,
370 3705 528 3770 mediusque
540 3699 643 3754 canalis
650 3701 738 3766 ipsam

195 3777 289 3826 urbem
300 3779 464 3840 permecret,
482 3777 539 3824 tum
551 3775 662 3836 propter
673 3769 739 3820 mul-

196 3850 254 3898 tum
274 3849 395 3910 tempus,
415 3843 487 3910 quod
506 3843 540 3892 iis
552 3839 739 3892 insumendum

197 3915 289 3977 inerit,
303 3915 350 3979 qui
364 3903 449 3976 totieq
460 3911 507 3963 illa
517 3926 599 3978 opera
615 3909 740 3974 (Sollerte-

196 4000 240 4034 ιτα
264 3983 375 4048 vocant)
393 3983 551 4033 transirent.
585 3981 663 4030 Haec
681 3978 739 4044 qui·

198 4053 257 4104 dem
284 4053 437 4118 probabilia
461 4055 567 4102 tentum
595 4050 672 4114 ponit
697 4047 739 4098 vir

198 4123 309 4185 doctus,
336 4120 521 4188 probabiliora
538 4123 630 4169 tamen
646 4115 739 4177 babet,

197 4192 321 4257 quamsi
344 4190 405 4257 quis
427 4191 508 4241 unice
530 4191 639 4254 propter
661 4201 741 4236 cana·

199 4259 264 4312 lium
287 4261 484 4328 longitudinem
508 4263 563 4308 tres
587 4257 645 4308 dies
667 4254 742 4304 navi-

198 4331 308 4396 gatione
333 4333 507 4394 consumptos
530 4325 615 4378 fnisse
642 4329 744 4376 statue-

240 4431 406 4476 HHRODOT.
430 4431 453 4472 1.

782 1837 885 1886 uaeque
900 1821 989 1872 adhue
1002 1823 1124 1872 eontinet
1134 1837 1249 1886 magnas
1263 1836 1325 1886 ope-

781 1893 819 1940 ris
836 1891 1007 1956 Babylonioi,
1025 1891 1122 1956 quibus
1138 1907 1236 1942 nomen
1251 1891 1325 1940 Nim-

782 1961 840 2011 rodi
869 1961 951 2010 turris
982 1976 1005 2010 s.
1042 1961 1187 2026 palatium,
1222 1959 1325 2011 medias

782 2031 853 2080 inter
871 2030 984 2096 paludes
1001 2045 1033 2080 ac
1049 2035 1148 2096 stagna
1166 2029 1232 2094 (vid.
1248 2031 1326 2096 plura

783 2101 854 2164 apud
877 2100 967 2150 [litter
989 2100 1130 2151 Erdkund.
1155 2099 1204 2150 x1.
1227 2116 1255 2165 p.
1273 2099 1325 2149 847

782 2186 857 2235 seqq.
877 2169 938 2220 coll.
957 2169 1067 2234 Layord
1079 2171 1252 2221 Discoveriea
1272 2174 1326 2220 etc.

782 2256 845 2306 psg.
863 2239 934 2305 476).
970 2240 1034 2304 Ipse
1056 2245 1148 2291 temen
1165 2241 1207 2290 vir
1229 2244 1326 2290 cautus

783 2326 844 2360 mox
857 2309 986 2374 relinquit
998 2310 1069 2360 hanc
1081 2310 1252 2372 sententiam,
1265 2325 1326 2360 cum

784 2379 928 2430 Akkcrlrui
937 2380 1014 2444 Tigri
1032 2381 1114 2430 durio
1125 2380 1259 2442 adiseeat,
1277 2379 1326 2430 Ar·

785 2449 892 2502 dericea
910 2447 1055 2514 Euphrati.
1092 2451 1135 2500 Tu
1153 2449 1225 2500 coni.
1244 2449 1327 2499 etiam

784 2519 886 2570 Herod.
904 2519 952 2580 VI,
973 2519 1031 2582 llll,
1055 2520 1103 2570 ubi
1121 2519 1217 2570 similis
1242 2518 1328 2568 nomi-

783 2589 827 2638 nis
843 2588 908 2640 urbs
926 2588 961 2638 ad
972 2589 1077 2655 Tigrim
1094 2589 1148 2639 sita
1163 2593 1328 2650 memoratur

784 2659 812 2708 in
831 2658 941 2723 regione
966 2658 1068 2722 Ginaia,
1095 2658 1206 2710 multum
1232 2659 1328 2724 utique

784 2729 893 2778 diversa
909 2727 943 2777 ab
961 2741 1008 2792 aa,
1028 2729 1105 2780 cuius
1120 2729 1242 2780 hocloco
1255 2743 1328 2778 men-

784 2799 823 2848 tio
843 2797 972 2848 iniicitur.

818 2856 875 2916 ἀπὸ
894 2861 979 2930 τῆσδε
1002 2864 1053 2930 τῆς
1075 2855 1233 2928 θαλάσσης]
1254 2863 1328 2912 Cave

783 2935 904 3000 accipias
923 2933 955 2984 de
972 2935 1084 2985 Persico
1109 2934 1184 2996 sinu,
1209 2947 1269 2982 cum
1289 2932 1329 2980 in·

785 3005 927 3070 telligatur
939 3004 1072 3055 Graecum
1081 3018 1170 3064 mare,
1191 3002 1330 3065 Aegaeum

786 3075 843 3126 aive
869 3073 1089 3134 mediterraneum,
1121 3072 1155 3122 ab
1187 3069 1328 3121 Herodoto

785 3144 838 3194 hac
855 3141 1037 3208 appellatione
1054 3142 1190 3208 designari
1208 3141 1328 3201 solitum,

786 3219 817 3264 ut
843 3213 994 3264 monuimus
1024 3213 1058 3264 ad
1082 3213 1105 3274 I,
1131 3213 1155 3263 1.
1196 3211 1329 3274 intelligit

788 3283 859 3334 enim
883 3298 945 3344 eos,
971 3284 1016 3349 qui
1037 3283 1105 3334 mari
1129 3281 1180 3332 hoc
1203 3280 1330 3345 pernavi-

788 3359 867 3418 gato,
893 3352 955 3402 iude
979 3353 1044 3402 navi
1069 3350 1165 3402 relicta
1191 3349 1219 3398 iu
1249 3350 1329 3414 Syria

788 3421 952 3480 escendunt,
989 3419 1156 3486 Babylonem
1193 3423 1329 3481 petentes.

789 3493 848 3610 (5:10
867 3505 901 3542 ex
918 3490 1015 3540 itinere
1030 3488 1149 3554 pedestri
1167 3487 1214 3536 ubi
1228 3486 1264 3536 ad
1277 3489 1330 3552 Hu-

787 3579 804 3626 p
825 3564 909 3610 ratem
925 3563 1119 3622 pervenerunt,
1137 3570 1223 3606 naves
1242 3555 1329 3605 denuo

788 3627 973 3682 conscendunt
991 3633 1019 3678 et
1030 3625 1149 3678 seeundo
1161 3625 1270 3674 flumine
1286 3639 1331 3672 ve·

787 3701 888 3750 huntur
910 3713 996 3763 usque
1020 3697 1054 3747 ad
1077 3693 1261 3760 Babylonem,
1288 3697 1332 3742 ter

788 3773 852 3820 onte
871 3767 1111 3832 praeternavigare
1130 3763 1220 3814 coacti
1241 3763 1331 3813 vicum

789 3837 945 3890 Ardericce.
1257 3888 1264 3907 t

823 3901 1028 3962 καταπλέοντες
1048 3893 1140 3960 ioris
1158 3890 1329 3963 Εὖφρητην]

789 3979 850 4028 Hoc
867 3971 1084 4040 perincommode
1102 3971 1205 4022 dictum
1222 3967 1332 4021 videtur

790 4043 1060 4108 Schweighaeusero,
1084 4055 1144 4092 cum
1170 4041 1224 4089 iste
1247 4036 1332 4088 verba

790 4113 858 4164 nibil
875 4111 949 4164 aliud
967 4117 1064 4166 sonent
1079 4111 1146 4160 nisi:
1169 4111 1194 4159 iu
1212 4105 1332 4170 liupdru-

791 4183 838 4234 terit
855 4185 1014 4248 rumpentes,
1032 4181 1199 4232 Herodotum
1213 4192 1277 4226 vero
1293 4176 1333 4224 di-

792 4267 853 4304 cere
865 4251 984 4304 voluisse
994 4255 1136 4317 appareat:
1151 4249 1195 4313 qai
1201 4245 1333 4308 Euphrate

790 4323 866 4389 lisoio
873 4321 1024 4388 Babylonem
1027 4320 1229 4385 proficiscuntur.
1243 4315 1333 4376 Quare

1090 4399 1130 4460 24
