2980 4932
595 251 721 312 culo.
744 253 770 311 l.
795 261 838 315 11.
1247 259 1288 320 35

143 443 251 499 κεῖται
271 428 308 498 dl
328 423 346 496 ὁ
363 427 489 516 θρόνος
506 419 618 512 οὗτος,
648 433 735 496 ἔνθα
753 451 816 514 περ
841 431 878 498 oi
896 433 957 498 τοῦ
971 430 1090 518 Γύγεω
1108 435 1284 521 κρητῆρες.

143 529 216 603 iel
232 530 352 622 χρυσὸς
371 522 468 616 οὗτος
482 535 538 602 καὶ
556 527 575 600 ὁ
593 529 756 621 ἄμμορος,
778 527 839 600 τὸν
860 527 1005 623 ὁΙλέγης
1027 533 1192 624 ἀνέθηκε,
1215 533 1285 606 ὑπὸ

143 642 293 726 Δελφῶν
321 641 472 708 καλέεται
501 636 659 724 Γυγάδας
685 637 741 704 eut
770 639 831 703 τοῦ
858 633 1043 720 ἀναθέντος
1074 642 1284 730 ἐπωνυμίην.

139 739 294 830 Ἐοέβαλε
318 745 380 830 μέν
404 772 467 813 νυν
489 739 649 833 στρατιὴν
674 741 731 809 καὶ
758 727 872 828 οὗτος,
904 745 981 814 ἐπεί
1001 771 1037 814 τε
1059 735 1157 833 ἦρξε,
1188 750 1222 824 ἐς
1246 771 1283 814 τε

32 908 41 925 ,
144 853 301 935 Μίλητον
335 848 390 916 καὶ
425 849 458 926 ές
486 847 665 936 Σμύρνην,
699 843 755 912 ναὶ
779 851 984 935 Κολοφῶνος
1014 845 1051 917 τὸ
1083 844 1168 916 ἄστυ
1202 843 1283 920 εἷλε.

144 1046 262 1098 nr.122.
282 1063 308 1113 p.
328 1047 390 1100 305.
428 1049 494 1098 Mox
513 1047 612 1114 reliqui
633 1049 689 1098 nei·
741 1043 819 1105 Quod
837 1045 884 1095 isti
901 1047 940 1096 ita
957 1049 1078 1098 exsecuti
1102 1056 1178 1114 suut,
1200 1056 1231 1101 ut
1249 1066 1282 1102 ex

143 1132 203 1180 ται,
229 1133 246 1167 a
262 1119 404 1169 Dioteohio
428 1123 562 1169 mutatum
585 1120 614 1169 in
632 1118 690 1168 ae‘e-
741 1114 857 1164 ancillae
883 1117 1024 1166 cniusdam
1046 1119 1160 1170 consilio
1189 1136 1282 1171 servas

143 1201 205 1247 τμη
229 1187 285 1239 vid,
303 1189 329 1251 1,
349 1189 366 1240 9
384 1195 412 1240 ee
430 1189 504 1242 conf,
523 1190 641 1240 Bredov,
661 1205 687 1255 p,
741 1181 815 1234 laute
837 1185 954 1235 vestitas
983 1191 1146 1254 ornatasque
1170 1190 1282 1241 femina-

144 1258 204 1308 377.
229 1257 398 1310 Adformgm
407 1257 525 1324 Μίδην,
546 1265 687 1310 amente,
740 1268 799 1302 rnm
830 1254 891 1305 loeo
917 1254 1056 1306 Sardianis
1087 1260 1283 1322 permitterent,

144 1327 204 1376 edd.
218 1341 375 1380 conversam
387 1331 415 1380 in
427 1327 535 1394 Μίδεα,
552 1329 688 1394 eonf.1,8
740 1325 787 1388 qui
808 1339 869 1375 cum
892 1325 927 1375 ab
950 1325 992 1374 his
1015 1326 1162 1392 defatigati
1184 1335 1283 1391 esseut,

143 1398 236 1462 ibique
254 1398 347 1450 allata.
739 1409 801 1444 mox
830 1409 847 1444 a
875 1395 1032 1461 Smyrnaeis
1063 1399 1203 1463 oeeupati,
1233 1399 1286 1464 ipsi

177 1459 244 1516 ddi
260 1463 364 1554 qenais
387 1455 473 1527 οὗτος
491 1465 539 1519 παλ
564 1460 580 1518 ὁ
602 1459 687 1534 t’ae'oyv-
739 1466 814 1530 eapti
837 1471 910 1516 sunt.
947 1465 1044 1518 Tradit
1066 1473 1157 1519 autem
1181 1469 1286 1520 Pausa-

143 1551 193 1600 ρος
209 1569 245 1577 -
260 1531 317 1588 υπὸ
336 1537 458 1604 Δελφοῑν
480 1534 608 1589 καλέεται
630 1539 687 1588 Γυ-
738 1535 799 1585 niae
817 1535 866 1598 IX,
885 1537 927 1588 29.
947 1536 973 1598 ἃ.
987 1539 1012 1588 2.
1031 1537 1202 1590 Menum
1219 1555 1284 1606 poe-

141 1599 232 1671 γάὸας
254 1599 299 1659 ἐπὶ
320 1607 371 1660 τοῦ
393 1603 556 1667 ἀναθέντος
579 1600 687 1658 ἐπωνυ-
738 1609 795 1654 tam
819 1605 943 1656 versibus
969 1607 1099 1674 elegiacis
1120 1611 1284 1676 Smyrnaeo

143 1675 222 1741 μιήν]
243 1679 261 1727 i.
278 1695 302 1728 e.
322 1695 498 1739 „nummum
515 1677 585 1731 iantd
600 1687 626 1728 ει
643 1695 687 1728 or-
738 1689 797 1724 rum
806 1689 925 1740 pugnam
936 1691 996 1726 eum
1003 1679 1081 1746 Gyge
1090 1679 1282 1746 deeripaise;

144 1755 242 1809 penten
252 1775 284 1783 -
295 1767 310 1797 α
327 1751 430 1814 Delphis
445 1759 550 1801 nocetur
562 1750 688 1814 quaerrm
740 1760 810 1810 quae
828 1746 851 1792 si
866 1759 898 1794 ea
916 1745 981 1808 luit,
1001 1747 1034 1797 de
1052 1763 1105 1814 qua
1122 1751 1216 1800 retulit
1227 1753 1283 1801 Do·

147 1815 179 1864 de
201 1818 281 1876 illins,
303 1823 344 1882 qui
358 1821 536 1879 dedicauerat,
559 1817 688 1871 nosrdne.“
740 1814 858 1876 aitheua,
876 1813 950 1862 hand
961 1816 1089 1867 miramur
1099 1827 1220 1882 poetam,
1240 1833 1282 1870 re

144 1885 277 1951 Respexit
306 1887 373 1939 haee
396 1891 533 1940 Himerius
558 1889 689 1954 Sophiste
738 1884 789 1933 bus
818 1884 960 1933 amatoriis
992 1887 1120 1936 canendis
1153 1888 1282 1950 deditum,

146 1954 192 2016 19,
214 1957 224 2006 l
250 1956 307 2020 (ubi
325 1959 360 2008 cf.
378 1959 544 2011 Womsdorf.
565 1976 591 2024 p,
608 1959 686 2022 27S):
738 1953 794 2004 tale
812 1959 1001 2018 argumentum
1022 1956 1076 2006 sibi
1093 1957 1222 2008 summare
1241 1973 1284 2007 ea-

141 2015 211 2074 ὁδέ
228 2019 362 2092 ἡμέτερος
383 2027 504 2088 πλοῦτος
528 2020 563 2079 οὐ
582 2021 687 2094 lenonie
737 2023 865 2074 nendum.
906 2024 935 2074 Si
959 2039 1038 2089 vero,
1061 2041 1132 2092 quae
1148 2027 1284 2078 Schoene-

134 2110 183 2154 ,τις
200 2089 335 2160 Γυγάδας
358 2086 379 2164 ἤ
393 2091 510 2157 Λύδιος.
547 2099 580 2150 Iu
598 2100 685 2148 Hero·
737 2095 829 2144 manui
847 2099 890 2144 eet
913 2097 1051 2146 aenteutia
1073 2095 1113 2162 (in
1130 2096 1282 2150 comment.

140 2165 228 2216 doteia
259 2168 348 2219 verbis
381 2173 478 2220 notare
508 2169 574 2220 lieet
607 2183 685 2219 naum
737 2164 770 2214 de
788 2165 847 2214 vite
861 2169 889 2215 ei
903 2179 1013 2218 carmin.
1028 2165 1196 2231 Mimnermi,
1215 2167 1283 2218 nos-

139 2239 348 2304 praepositiouis
363 2229 409 2288 ἐπλ
422 2232 481 2303 (ἐπὶ
495 2237 549 2288 τοῦ
560 2229 685 2288 evante—
736 2235 804 2301 iing.
823 2233 900 2286 1823.
919 2251 946 2300 p.
959 2235 996 2302 2),
1015 2236 1078 2287 huie
1095 2252 1205 2304 pugnae
1222 2239 1282 2303 ipae

138 2309 197 2372 τος)
215 2308 243 2358 in
254 2309 330 2359 hisee
340 2309 413 2359 haud
427 2309 639 2374 infrequentem:
661 2309 683 2370 1,
736 2304 860 2354 interfuit
877 2305 1066 2369 Mimnermus,
1088 2312 1187 2372 poetae
1205 2313 1281 2360 aeta-

139 2376 172 2426 94
184 2378 249 2444 ibiq.
269 2383 326 2429 not.
345 2379 393 2440 IV,
412 2381 457 2430 45.
478 2377 538 2430 107.
550 2379 609 2430 148.
624 2379 682 2430 len.
735 2377 789 2424 tem
808 2375 881 2424 eirea
900 2373 1008 2494 Olymp.
1026 2375 1089 2439 XX,
1108 2378 1125 2427 5
1146 2391 1211 2429 ann.
1228 2377 1280 2429 700

138 2445 279 2508 unaue.
300 2449 380 2500 coni.
391 2449 530 2499 Kuehner.
540 2449 586 2499 Gr.
600 2449 645 2500 Gr.
658 2449 682 2510 ξ.
734 2458 759 2494 a.
772 2443 834 2494 Chr.
848 2460 885 2506 u.,
904 2459 957 2510 quo
989 2460 1034 2495 ere
1050 2450 1171 2511 tempore
1189 2448 1281 2513 Gyges

139 2514 198 2580 011,
213 2518 236 2581 1,
248 2518 306 2582 3,b.
325 2519 414 2568 Aliam
425 2519 570 2570 formulam
587 2518 684 2568 καλεῖν
734 2513 804 2564 hane
822 2513 1021 2580 expeditionem
1041 2515 1141 2566 iecisse
1158 2521 1279 2581 putatur,

138 2577 225 2636 τιέαλ
240 2587 482 2639 rrvsHeindorfiua
501 2588 632 2654 explicuit
649 2587 684 2637 ad
734 2583 920 2634 collocandam
945 2597 1007 2634 esse
1030 2584 1102 2636 idem
1129 2586 1280 2636 arbitretur

137 2655 245 2708 Platon.
265 2657 369 2724 Cratyl.
388 2675 415 2724 p,
436 2657 494 2710 103.
520 2659 553 2708 Iu
572 2672 683 2708 aconas·
734 2652 948 2704 Schoenemmn.
974 2669 1001 2719 p.
1031 2655 1073 2716 7.,
1107 2669 1167 2706 eum
1196 2655 1279 2722 vulgo

137 2726 194 2776 tiro
207 2718 381 2792 ἐπωνυμίην,
391 2743 425 2778 ex
435 2728 606 2786 abundantia
616 2742 682 2794 qua·
732 2721 817 2772 Suida
832 2723 1004 2788 potissimum
1022 2729 1134 2774 anctore
1151 2723 1280 2775 Mimner-

137 2795 198 2846 dsm
214 2798 346 2848 orationis
359 2797 433 2848 haud
448 2797 617 2863 infrequenti
634 2796 682 2847 ad·
732 2805 805 2842 mum
833 2793 907 2842 cirea
929 2791 1037 2858 Olymp·
1061 2793 1192 2844 XXXVII
1221 2795 1280 2844 eive

137 2865 208 2929 dito,
227 2869 337 2918 minime
354 2865 530 2918 haerendum.
566 2869 619 2918 Est
634 2882 683 2916 au·
732 2859 785 2912 030
802 2865 866 2912 ante
879 2859 941 2912 cnr.
965 2877 992 2912 n.
1017 2863 1142 2912 floruisse
1164 2867 1279 2928 ponantt

136 2941 190 2986 tem
210 2926 356 3001 έκωννμλη
374 2937 419 2987 hie
442 2937 499 2987 iere
520 2937 592 2988 idem
610 2935 683 3004 quod
733 2931 789 2980 vid.
813 2930 893 2982 modo
917 2931 1037 2982 Oliutou.
1067 2931 1146 2982 Suet.
1169 2931 1278 2982 Hellen.

137 2996 261 3070 οὕνομα,
280 3009 432 3070 appellatio,
453 3007 633 3071 denominatio,
652 3011 684 3055 nt
733 2999 756 3050 Ι.
775 3016 802 3066 p.
820 3001 881 3052 207.
925 3001 958 3050 In
980 3000 1032 3051 hoe
1054 3013 1120 3050 vero
1142 2999 1215 3051 bello
1239 3001 1281 3050 in-

136 3075 159 3138 1,
177 3074 212 3126 04
230 3074 276 3125 fin.
296 3077 356 3128 173.
375 3077 417 3139 Π,
436 3079 462 3128 4.
481 3077 533 3140 IV,
552 3079 596 3128 45.
621 3075 682 3128 148.
733 3071 812 3138 signe
838 3069 974 3136 quoddam
997 3071 1208 3136 Smyrnaeorum
1234 3085 1280 3120 ex-

136 3145 169 3208 V,
186 3144 231 3196 05.
734 3141 838 3192 stitisse
849 3141 964 3202 facinus,
980 3139 1024 3191 nel
1036 3139 1104 3191 illud
1116 3140 1278 3192 documento

170 3204 282 3280 ἐσέβαλε
297 3243 333 3254 -
348 3205 493 3279 στρατιὴν]
521 3213 683 3280 Plerumque
727 3225 794 3261 esse
802 3211 912 3276 poterit,
928 3211 1001 3275 qnod
1011 3211 1197 3262 Aristomenes
1205 3212 1278 3262 Mes-

137 3283 176 3347 (v.
191 3283 215 3345 1,
230 3283 271 3332 17.
287 3283 318 3333 lS
329 3284 392 3350 ete.)
407 3285 595 3335 accusativum
609 3285 683 3334 hune
733 3281 824 3330 senioe
843 3280 965 3329 excitans
983 3279 1018 3330 ad
1031 3281 1278 3332 fortiterreeiaten-

134 3353 200 3402 huic
215 3351 297 3401 verbo
309 3353 385 3402 addit
396 3355 509 3413 Neston
529 3355 682 3404 Pausaniae
734 3348 797 3398 dum
819 3348 1028 3412 Smyrnaeorum
1052 3349 1203 3414 exemplum
1225 3349 1279 3399 hoo

135 3422 268 3476 dativum.
305 3423 347 3472 De
370 3438 423 3488 quo
443 3424 549 3473 monuit
567 3421 682 3474 Siehelis
734 3417 876 3482 proponit,
899 3419 930 3464 ut
947 3415 1044 3468 scribit
1058 3417 1211 3468 Pauaaniae
1229 3417 1278 3478 IV,

137 3493 171 3542 ad
188 3493 308 3543 Pausau.
326 3493 363 3556 II,
383 3492 425 3544 30.
445 3493 470 3555 ᾗ.
484 3495 509 3544 5.
735 3487 778 3548 21,
797 3483 823 3534 3.
849 3483 1132 3547 Deipsoldimnermo
1169 3485 1198 3534 ui
1215 3499 1278 3549 ege-

170 3554 280 3628 ἐοέβαλε
291 3559 343 3627 μέν
360 3577 414 3611 νυν
428 3551 564 3626 στρατιὴν
574 3553 623 3607 καὶ
634 3545 682 3607 οὗ·
733 3556 813 3615 runi,
831 3549 1046 3604 laudaviomnes
1060 3553 1141 3606 inPa
1170 3551 1279 3616 ynan-

133 3645 229 3688 τος-
241 3625 269 3688 ἐς
285 3645 314 3680 τε
332 3629 466 3696 Μίλητον
483 3625 531 3680 καλ
547 3619 575 3686 ἐς
585 3619 681 3692 Σμύρ-
734 3620 928 3698 eneyclopql'.
947 3637 976 3688 p.
990 3619 1043 3701 Ι33,

135 3699 201 3766 νην]
226 3701 288 3752 Ηοα
307 3701 459 3752 Lareherus
482 3699 579 3760 refert,
611 3710 681 3762 qnae
768 3691 945 3756 Κολοφανος
968 3703 1000 3740 το
1024 3701 1095 3740 noro
1116 3681 1181 3754 εἷλε]
1200 3687 1279 3741 Colo·

134 3769 168 3820 de
186 3769 258 3820 bello
276 3770 392 3836 quodam
408 3771 480 3820 iuter
491 3767 639 3820 Sardianos
654 3769 682 3815 et
731 3764 849 3830 phonem
868 3775 929 3810 arce
951 3767 1060 3826 excepto
1077 3757 1152 3810 illum
1174 3759 1280 3826 cepisse

134 3839 297 3905 Smyrnaeus
316 3845 394 3906 gesto
408 3840 538 3905 leguntur
556 3851 590 3886 ex
600 3835 681 3885 Dosi-
732 3833 815 3900 vulgo
834 3829 1002 3896 intelligunt.
1039 3827 1093 3882 Sed
1110 3835 1203 3882 monet
1216 3847 1279 3884 oen·

133 3909 190 3960 thei
208 3909 371 3974 Lydieorum
396 3909 466 3959 libro
484 3907 571 3973 ¹tertio
590 3919 681 3954 excer-
733 3919 778 3953 sor
790 3901 818 3950 in
829 3901 988 3980 Ephemqrr.
999 3897 1122 3950 lenense.
1138 3899 1216 3952 1817.
1235 3917 1277 3952 nr.

132 3984 181 4044 pta
194 3979 267 4044 apud
277 3978 415 4029 Plutarch.
429 3977 527 4030 Moral.
538 3991 565 4041 p.
577 3973 628 4025 312
639 3987 680 4038 sq.
735 3973 793 4022 104.
811 3986 838 4035 p.
858 3971 909 4022 372
927 3981 999 4018 noso
1017 3969 1117 4035 opponi
1134 3969 1178 4020 hie
1201 3971 1295 4022 urbia.

131 4049 180 4099 ubi
196 4047 254 4098 vid.
273 4047 468 4111 Wyttenbaeh.
488 4047 633 4096 Annotatt.
652 4057 679 4106 p.
732 4039 832 4089 linibus
862 4038 989 4103 agrisque
1017 4053 1040 4090 s.
1066 4037 1177 4101 ditioni,
1207 4053 1278 4105 quae

132 4118 176 4170 80.
208 4115 335 4168 Sardiani
354 4117 518 4181 Smyrnaeos
538 4111 680 4163 obsidione
731 4109 792 4173 ipsa
808 4108 837 4156 in
855 4107 950 4157 Mileto
970 4121 1002 4156 ao
1014 4107 1130 4172 Smyrna
1147 4108 1183 4158 sit
1199 4107 1279 4158 intel-

131 4191 292 4254 presaerunt
314 4201 364 4236 nee
389 4191 453 4236 ante
477 4196 633 4235 recessuros
652 4195 682 4230 se
731 4175 850 4244 liganda.
892 4175 1020 4240 Alioquin
1046 4177 1202 4228 accuratius
1221 4176 1278 4238 No·

132 4257 342 4318 denuntiarunt,
363 4269 444 4320 quam
454 4250 598 4322 Smyrnaei
615 4264 681 4299 uxo·
732 4251 818 4298 strum
841 4244 928 4295 inissa
949 4243 1070 4296 locutum
1096 4243 1144 4293 ille
1166 4243 1279 4292 arbitra-

132 4341 191 4377 rum
211 4339 322 4376 suarum
334 4323 442 4390 copiam
460 4323 527 4388 ipsis
540 4319 680 4372 iecissent.
731 4320 786 4368 tur.
1018 4389 1065 4454 3*
