3064 4940
667 293 789 358 OLIO.
813 297 838 358 Ῑ.
860 304 905 362 57.
1291 296 1351 368 119

217 462 416 553 οίκερντων,
442 470 477 537 οἳ
492 459 634 552 ὅμουροί
650 495 723 538 κοτε
744 460 830 558 ἦσαν
851 467 937 542 τοῖσι
957 477 1023 542 νῦν
1037 478 1209 563 Δωριεῦσι
1231 463 1348 546 καλεο-

219 570 363 652 μένοισι,
383 574 496 634 οίκεον
509 566 546 636 di
560 574 740 654 τηνικαῦτα
755 575 817 663 γῆν
836 573 898 664 τὴν
911 565 974 646 νῶν
988 581 1217 649 Θεσσαλιῶτιν
1231 565 1349 652 κάλεον

221 670 343 756 pinpo,
364 669 421 736 κα1
434 671 502 736 τῶν
513 667 668 759 Πλακίην
685 701 720 742 τε
734 679 787 744 κα1
801 677 983 767 Σκυλάκην
996 689 1184 770 Πελασγῶν
1199 683 1348 754 οίκισῶνὲ

222 866 270 928 rit,
301 865 392 916 subito
420 867 597 919 Etruscorum
624 871 761 922 iuiicietur
810 884 950 928 monuerat
966 880 993 929 in
1008 881 1167 932 Orchomen.
1182 899 1207 948 p.
1226 886 1287 935 444.
1307 885 1348 937 Tu
1434 893 1437 902 “

221 935 331 984 mentio.
353 935 452 1000 Itaque
472 936 613 989 aliialiam
633 941 762 1004 interpre-
811 945 874 994 adt).
895 953 1000 1010 praeter
1018 965 1077 1011 eos,
1100 967 1167 1018 quos
1189 967 1272 1017 supra
1294 953 1348 1004 iem

220 1004 297 1054 tandi
315 1005 386 1054 viam
400 1005 516 1070 ingressi
529 1014 593 1058 sunt
611 1009 762 1060 duceWes-
810 1013 998 1080 indicavimus,
1022 1019 1184 1073 Dahlmann.
1212 1023 1346 1076 Herodot.

218 1074 343 1142 selingio.
363 1076 487 1140 Namque
500 1092 532 1126 ex
546 1077 704 1143 Thucydide
714 1080 760 1142 IV,
812 1099 837 1147 p.
857 1083 900 1134 511.
919 1091 975 1136 not.
993 1087 1036 1137 eo.
1055 1089 1151 1139 Kruse.
1170 1091 1264 1140 Hellas
1280 1093 1302 1142 1.
1321 1109 1347 1160 p.

217 1143 278 1196 109.
298 1145 433 1208 norimus,
457 1145 591 1217 Thraciae
613 1157 688 1199 o'rarn
707 1165 761 1199 ma·
811 1153 871 1202 4:35.
892 1153 953 1203 coll.
973 1155 1032 1206 464.
1052 1161 1079 1204 et
1096 1172 1165 1222 quae
1182 1159 1225 1208 Gr.
1242 1159 1348 1212 laudnt:

214 1214 333 1264 ritimarn
367 1213 513 1266 insedisse*
537 1213 669 1286 Pelasgos
703 1220 761 1270 sive
811 1219 943 1288 Schlegel.
973 1224 1001 1274 in
1029 1225 1135 1276 Annall.
1161 1227 1347 1295 Heidelbergg.

215 1281 386 1350 Tyrrhenos,
415 1285 460 1350 qui
488 1285 551 1336 elim
578 1288 709 1339 Lemnum
733 1295 759 1340 et
812 1291 887 1343 1816.
906 1309 946 1343 nr.
971 1293 1013 1345 53.
1038 1311 1064 1360 p.
1087 1296 1140 1347 855
1163 1311 1238 1361 seqq.
1263 1299 1350 1348 Raoul

214 1347 336 1404 Athenas
368 1359 523 1423 tenuerant,
554 1359 759 1429 eademqneduj
807 1363 941 1413 Rochette
958 1364 1080 1414 Histoire
1097 1365 1130 1414 de
1153 1365 1303 1416 l'Etabliss.
1324 1365 1349 1418 d.

214 1424 324 1488 regione
346 1421 432 1475 {hisee
450 1431 556 1490 gentem
578 1429 755 1485 Crestonrbmn.
807 1431 896 1483 colon.
912 1434 1008 1498 Grceq.
1022 1435 1045 1486 1.
1064 1449 1091 1498 p.
1105 1434 1152 1486 431
1167 1451 1242 1500 seqq.
1259 1436 1350 1488 Schol.

215 1494 291 1544 cuins
313 1494 399 1557 ipsius
423 1495 522 1546 Noster
547 1498 670 1566 meminit
692 1493 755 1564 Vll,
805 1493 920 1554 tristis.
937 1519 999 1568 pag.
1021 1503 1055 1556 33
1072 1507 1113 1556 ed.
1129 1505 1284 1568 Fromnrel„
1304 1507 1351 1556 ubi

216 1563 755 1634 124.vl11,116.Acreferrihueqno-
805 1571 873 1623 haec
897 1578 1019 1623 exstant:
1048 1572 1153 1638 λῇσταί
1177 1589 1252 1632 τινες
1275 1562 1349 1640 ἦσαν

215 1648 266 1698 que
284 1635 384 1699 poterit
406 1635 536 1700 Stephani
554 1629 701 1703 Byzantlni
720 1639 757 1688 Ιο-

214 1713 275 1754 cus:
291 1696 438 1768 Κοήστων,
450 1697 532 1763 πόλις
539 1699 669 1776 Θρηίκης·
685 1703 757 1756 ἔοικε

214 1765 246 1822 di
262 1764 336 1821 eivers
356 1763 374 1837 ἡ
392 1768 531 1840 Πρηστῶν
550 1768 619 1836 παρ’
638 1765 758 1838 ‘ricosi-

213 1857 268 1908 τφς
288 1842 414 1908 deinceps
438 1843 549 1896 effertur
570 1846 757 1911 Lycophronis

214 1925 308 1976 perena
330 1913 358 1962 in
383 1912 529 1964 Cassandr.
557 1914 608 1966 937
634 1923 661 1965 et
684 1931 759 1979 prae-

215 1986 255 2032 ter
282 1981 428 2033 Pindarum
455 1984 642 2049 Rhiannmque
669 1985 757 2034 Hecu-

216 2057 305 2114 taeus,
327 2053 373 2117 qui
395 2051 568 2117 Κοηστῶνας
594 2055 622 2104 in
647 2057 758 2118 Europa

217 2128 484 2184 commemoraverat,
503 2123 575 2174 haud
592 2124 673 2174 eliam
693 2139 757 2188 gen-

218 2196 271 2240 tem
288 2195 367 2256 atque
384 2193 567 2264 Herodoteam
589 2194 754 2255 intelligens,

218 2265 249 2310 ut
268 2267 337 2310 recte
360 2263 430 2312 vidit
443 2262 573 2315 ·Klausen
597 2265 632 2314 ad
656 2266 754 2314 Hecat.

216 2331 329 2395 Fragm.
343 2349 369 2397 p.
393 2333 436 2383 78.
462 2333 504 2384 79.
532 2334 611 2384 Nunc
629 2333 754 2384 loco'nc·

215 2401 497 2461 marceniensem
517 2403 646 2454 Eehidori
664 2401 753 2454 fontes

808 1635 838 1690 οί
872 1639 1010 1708 Πελασγοί
1038 1638 1187 1702 οἰκοῦντες
1214 1641 1277 1706 nael
1313 1638 1348 1695 τὰ

807 1703 877 1776 μέρη
895 1710 945 1777 τῆς
971 1705 1148 1798 Τνρηηνίας,
1170 1703 1209 1772 ῶς
1227 1705 1347 1779 ‘dioride-

808 1793 856 1836 τος
873 1771 902 1830 ἐν
920 1779 959 1846 τῶ
977 1774 1003 1844 d,
1021 1779 1050 1832 οἱ
1071 1772 1205 1840 ἐλθόντες
1221 1777 1346 1848 κατῴκη-

809 1862 862 1898 σαν
890 1840 920 1898 iv
949 1847 1097 1918 Θετταλίᾳ·
1131 1843 1348 1916 ἒκσιδαχθέντες

808 1911 839 1967 dl
855 1908 914 1968 ὑπὸ
936 1917 993 1967 τῶν
1016 1919 1181 1982 προσοίκων
1202 1909 1297 1984 ἦλθον
1320 1913 1348 1979 ἐς

805 1977 926 2051 Ἀθήνας
952 2003 977 2036 κ.
1007 2003 1031 2037 τ.
1062 1983 1102 2037 ts
1125 1989 1201 2050 Quae
1225 2005 1285 2040 curn
1308 1991 1349 2041 lta

806 2057 871 2120 sint,
890 2057 973 2108 nolim
992 2057 1169 2108 in'Herodoti
1187 2059 1277 2108 verbis
1296 2060 1348 2110 tol·

806 2126 859 2176 lere
877 2123 970 2177 vocein
988 2117 1060 2187 duic
1078 2125 1154 2192 (ante
1168 2127 1352 2195 Τυρσηνῶν).

805 2201 836 2246 nt
851 2197 977 2262 proponit
991 2195 1132 2261 Riedel.p.
1146 2193 1217 2258 ’5114ς
1231 2215 1281 2248 nec
1292 2215 1347 2249 ma·

804 2267 845 2330 gis
856 2266 954 2332 placet,
969 2267 1040 2332 qued
1053 2267 1204 2318 Fritzschio
1218 2267 1345 2334 (Quaest.

804 2337 941 2404 Aristoph.
969 2337 991 2387 1.
1016 2353 1042 2401 p.
1066 2337 1109 2386 21.
1131 2337 1302 2404 Euphrosyn.
1321 2339 1345 2398 1,

806 2407 829 2458 1.
860 2423 885 2471 p.
913 2406 960 2464 251
988 2405 1158 2458 scribendum
1187 2408 1343 2460 videbatur:

605 2537 608 2542 Ι
806 2472 878 2524 τοῖσι
914 2473 969 2525 νῦν
1004 2470 1043 2525 ἔτι
1078 2466 1156 2527 ἐοῦσι
1191 2476 1346 2542 Πελασγῶν

213 2541 328 2591 trionem
348 2553 442 2592 versus
457 2543 491 2593 ab
510 2559 542 2594 ea
559 2543 691 2604 nrbe,cni
707 2543 755 2593 ho·
807 2542 964 2610 Τυρσηνῶν
990 2541 1048 2594 τῶν
1082 2537 1154 2610 ὑπὲρ
1187 2545 1344 2612 Κρηστῶνα

213 2612 257 2662 die
279 2625 377 2662 nomen
396 2611 532 2664 Satenicdi.
557 2613 600 2663 Oi.
623 2613 755 2678 Perbiger
804 2605 889 2662 πόλιν
906 2606 1068 2664 οἰκεόντων.

212 2682 232 2732 1.
251 2680 270 2730 1.
289 2681 342 2732 111.
361 2697 388 2746 p.
408 2681 485 2734 1068.
503 2681 653 2746 Cousindry
672 2680 755 2747 (Vey-
840 2677 869 2732 ot
891 2671 1014 2748 ὅμουροί
1034 2696 1099 2732 κοτε
1121 2668 1195 2750 ἦσαν
1218 2699 1243 2733 κ.
1263 2699 1286 2733 τ.
1306 2683 1343 2750 1.]

212 2765 316 2816 agnen
333 2749 493 2802 Macedohre
510 2753 533 2804 1.
552 2766 578 2816 p.
602 2752 660 2804 143.
683 2749 754 2816 145.)
803 2753 936 2804 Herodoti
958 2753 1025 2804 haec
1049 2756 1091 2803 est
1117 2754 1267 2804 sententia:
1295 2754 1344 2804 Ps-

212 2820 352 2872 Crestonis
371 2820 459 2872 locum
479 2831 511 2872 a'c
528 2819 657 2888 reliquias
675 2835 754 2887 quss-
802 2821 895 2887 laapes
913 2824 990 2886 istos,
1010 2823 1056 2888 qui
1079 2838 1151 2874 nune
1175 2823 1203 2872 in
1226 2823 1343 2874 Threcia

212 2891 276 2941 dam
306 2905 335 2942 se
362 2891 498 2942 invenisse
526 2895 604 2956 putat
630 2892 659 2941 in
685 2889 755 2942 colle
802 2891 928 2942 habitant
952 2891 978 2954 (e
996 2893 1095 2958 quibus
1111 2899 1298 2956 argumentum
1311 2893 1345 2943 de

212 2975 296 3026 prope
313 2960 403 3011 vicum
421 2962 544 3024 Lobana,
562 2962 608 3026 qui
626 2961 697 3012 inter
714 2975 754 3010 re·
803 2961 898 3024 lingua
915 2963 991 3013 ducit
1008 2959 1200 3028 Noster)‚olim
1217 2962 1245 3010 in
1259 2961 1344 3012 Thes·

212 3031 340 3080 centioris
355 3032 456 3081 aetatis
472 3032 552 3082 nrbes
570 3029 708 3082 Saleniehi
727 3035 754 3080 et
804 3031 872 3082 salia
896 3033 980 3082 inisse
1003 3031 1093 3096 iisque
1120 3031 1147 3080 in
1172 3030 1253 3092 locis,
1274 3047 1344 3096 quae

212 3101 305 3152 Serres
324 3100 380 3150 iere
401 3101 505 3151 medius
526 3102 595 3151 situs
618 3108 668 3151 est.
686 3099 753 3151 ded
803 3099 1259 3152 nuneadThessaliotidemterram
1273 3115 1343 3166 quae

213 3169 252 3236 nil
270 3170 329 3234 ¹nisi
357 3186 482 3236 magnam
510 3170 629 3234 lapidum
656 3169 752 3221 molem
802 3175 917 3222 vocatur
931 3171 1081 3237 pertinent,
1099 3171 1221 3235 proxima
1234 3170 1275 3220 illi
1291 3176 1344 3222 ter·

212 3252 352 3304 superesse
370 3241 441 3308 idern
463 3241 570 3291 asserit.
590 3239 650 3290 Illic
668 3236 753 3306 igitur
790 3257 856 3304 rae,
877 3255 946 3306 quae
963 3257 1034 3292 nunc
1047 3241 1128 3291 Doris
1145 3241 1306 3307 appellatur.

211 3310 345 3361 Herodoti
385 3311 528 3362 Greetoeem
562 3307 752 3361 ‘collocandam
837 3305 884 3360 κα1
900 3309 957 3360 τῶν
974 3309 1104 3374 Πλακίην
1121 3325 1150 3360 τε
1167 3307 1214 3360 κα1
1234 3303 1343 3360 Σκνλῶ-

211 3395 272 3430 esse
298 3379 366 3430 bene
393 3379 462 3442 vidit
490 3379 693 3445 Wesselingius.
729 3381 752 3431 Α
802 3394 857 3444 νην
870 3377 1022 3444 Πελασγῶν
1034 3371 1203 3429 οἰκισάντων
1218 3395 1244 3428 κ,
1263 3397 1286 3429 τ.
1306 3379 1342 3445 1.]

211 3463 265 3514 quo
292 3450 331 3500 ita
364 3449 480 3502 discedit
508 3449 539 3500 C.
568 3445 602 3500 0.
629 3450 750 3501 Mueller.
803 3448 845 3499 Αι1
868 3449 1010 3498 verborum
1030 3453 1195 3500 structuram
1218 3450 1286 3498 bene
1310 3465 1342 3498 ex

211 3513 348 3582 (Etrusco.
369 3519 436 3585 Iup.
456 3515 578 3570 94-08.
598 3518 660 3570 coll.
679 3519 751 3584 345),
804 3517 1026 3568 antecedentibus
1043 3517 1097 3566 iam
1115 3517 1277 3582 wesseling.
1290 3517 1343 3568 hue

210 3593 242 3638 nt
264 3581 397 3653 duplicem
424 3595 531 3655 gentem
560 3605 594 3640 ac
615 3589 752 3656 regionem
803 3591 981 3638 revocaverat
1003 3585 1148 3636 articulum
1173 3583 1245 3647 τῶν;
1270 3587 1342 3638 unde

210 3658 396 3710 Crestonicam
423 3659 555 3726 distingui
580 3657 660 3720 velit,
686 3657 752 3709 alte·
803 3657 870 3708 heec
892 3657 1031 3706 enascitur
1048 3655 1101 3704 loci
1124 3656 1270 3706 sententia:
1295 3661 1343 3720 „et

209 3743 268 3778 ram
287 3743 359 3790 earn,
384 3729 418 3780 de
446 3745 500 3794 qua
522 3728 602 3780 modo
625 3727 751 3792 diximus,
803 3729 826 3778 si
848 3741 929 3792 porro
957 3725 1139 3776 coniecturam
1166 3726 1257 3776 facere
1279 3725 1343 3776 licet

210 3798 324 3848 alteram
352 3799 392 3866 in¹
409 3799 564 3850 Chalcidice
592 3793 753 3869 paeninsula
803 3813 835 3848 ex
861 3797 895 3845 iis
923 3795 1061 3858 Pelasgis,
1092 3795 1137 3859 qui
1165 3795 1285 3846 Plsciam
1315 3801 1343 3847 et

210 3868 292 3918 sitam
306 3867 477 3932 Creatorem,
499 3881 568 3934 quae
586 3883 669 3933 supra
683 3869 751 3933 'Pyr-
802 3865 935 3932 Scylacen
958 3865 986 3914 in
1009 3861 1195 3930 Peloponneso
1216 3865 1341 3918 condide-

210 3937 309 3990 rbenoe
338 3939 366 3988 iu
385 3939 456 3990 Atho
482 3943 573 3990 monte
594 3937 751 3988 habitantes
801 3942 878 3996 runt,
911 3935 1011 4000 quique
1044 3950 1103 3985 curn
1132 3935 1342 3988 Atheniensibus

211 4008 295 4058 inerit
312 4007 367 4060 site
385 4015 412 4061 et
429 4009 481 4059 hoe
497 4008 558 4059 1οσο
569 4006 703 4058 Herodoti
715 4005 752 4057 sit
801 4020 856 4056 nne
871 4004 1069 4068 habitaverant,
1088 4005 1111 4054 si
1128 4005 1242 4072 deniqne
1260 4021 1292 4056 ex
1307 4007 1342 4056 iis

209 4071 396 4143 intelligenda.
428 4075 524 4128 Utram
547 4077 669 4143 sequaris
693 4089 751 4127 sen·
802 4075 985 4128 coniecturam
1000 4075 1097 4126 ducere
1115 4073 1188 4138 licet,
1207 4079 1342 4144 quotquot

209 4149 335 4208 tentiam,
353 4141 386 4198 de
395 4148 507 4198 Etruria
525 4147 634 4198 minime
650 4146 695 4196 hic
708 4159 752 4197 co·
802 4145 872 4196 aliae
891 4145 970 4196 urbes
984 4144 1074 4210 (olim)
1086 4146 1246 4212 Pelasgicos
1256 4145 1340 4212 (pest)

209 4213 361 4284 citandum,
371 4217 486 4282 indeque
496 4217 571 4268 nulla
584 4231 652 4282 opus
665 4229 752 4266 ernen-
801 4217 912 4266 nomina
938 4215 1115 4266 immutarunt
1146 4217 1220 4268 ete.“
1259 4216 1342 4268 Nulla

209 4285 322 4336 datione
345 4287 373 4335 in
396 4287 463 4352 ipsis
491 4287 623 4338 Herodoti
650 4285 750 4347 verbis,
801 4286 885 4350 igitur
898 4285 942 4336 hic
965 4301 1032 4352 opus
1056 4285 1253 4336 emendatione.
1278 4287 1342 4336 Ete-

208 4359 241 4406 ut
259 4355 331 4406 idem
346 4356 378 4408 G.
397 4355 431 4407 0.
451 4356 571 4408 Mueller.
594 4359 649 4406 iam
671 4359 753 4406 antea
801 4356 856 4406 nim
872 4355 954 4423 vulgo
970 4355 1112 4422 legebatur
1129 4349 1176 4404 κα1
1193 4346 1255 4416 τὴν
1267 4352 1342 4402 Πλα-

213 2471 286 2521 intra
304 2471 473 2536 Strymonem
491 2477 518 2523 et
529 2465 636 2536 Axium,
648 2477 755 2538 septen·
