3020 4930
467 247 716 308 EUTERPE.
740 248 781 309 Il.
807 255 866 310 180.
893 253 950 310 101.
1216 244 1277 308 829

217 425 440 510 Κυρηναίοισι
456 417 494 488 δὲ
507 417 643 508 ’Ἁμασις
657 419 818 510 φιλότητά
837 445 873 488 τε
892 419 948 488 κοιλ
963 425 1156 509 συμμαχίην
1174 441 1275 490 συνε-
1288 425 1343 487 181

146 520 286 610 θήκατο.
328 525 503 592 ἐδικαίωσε
527 522 565 592 δὲ
586 525 643 592 καί
664 529 765 613 γῆμαι
787 521 951 610 αὐτόθεν,
981 519 1043 592 είτ’
1069 523 1279 614 ἐπιθυμήσας

143 622 334 716 Ἑλληνίδος
348 624 523 714 γυναικὸς,
545 637 612 696 είτε
625 629 682 696 καί
696 625 804 709 ἄλλως
818 626 995 717 φιλότητος
1007 633 1213 718 Κυρηναίων
1230 633 1277 698 εἳ·

147 757 238 800 νεκα.
266 733 382 820 γαμέει
403 726 437 800 δ’
454 720 519 816 ὦν,
540 735 575 800 oi
584 731 647 820 μὲν
665 733 800 820 λέγουσι
817 730 962 815 Βάττου,
983 733 1018 799 oi
1030 728 1061 798 d'
1081 727 1279 822 Ἀρκεσίλεω

148 838 338 923 θυγατέρα,
353 839 388 904 οί
398 833 437 903 δὲ
450 835 699 926 Κριτοβούλου,
723 833 846 926 ἀνδρὸς
862 839 931 904 ταῖν
944 830 1055 903 ἀστῶν
1068 839 1225 924 δοκίμου,
1239 839 1280 926 τῇ

147 935 275 1027 οὔνομα
288 929 331 1028 ἦν
345 941 487 1028 Λαδίκη.
517 943 557 1030 τῇ
572 941 648 1009 ἐπεί
663 966 699 1010 τε
719 946 932 1028 συγκλίνοιτο
951 932 969 1006 ὁ
985 934 1137 1026 Ἄμασις,
1163 945 1277 1030 μίσγε-

148 1109 192 1156 tur
207 1104 374 1156 intellexisse
388 1105 476 1156 Attica
489 1105 592 1156 talentu
603 1120 688 1171 esque
739 1123 816 1170 men,
836 1107 882 1172 qui
894 1106 957 1157 dein
967 1105 1052 1171 Misy,
1072 1105 1141 1168 Sory
1152 1103 1196 1156 vol
1207 1109 1279 1156 utra·

147 1174 285 1240 vulgaria,
300 1190 413 1242 quorum
428 1175 635 1241 unumquodque
648 1191 689 1226 se·
739 1181 858 1228 mentum
885 1176 1017 1226 sutorium
1042 1173 1195 1240 appellatus
1219 1175 1280 1226 suit.

148 1245 262 1310 uaginis
277 1245 356 1296 minis
374 1249 497 1306 constat,
518 1251 546 1296 et
558 1244 592 1296 53
605 1246 689 1296 ferme
739 1247 855 1297 Constet
871 1261 935 1296 vero
953 1244 1080 1296 aluminis
1093 1245 1225 1310 coquendi
1240 1259 1280 1294 er·

149 1315 208 1365 libr.
228 1315 317 1368 Paris.
335 1316 394 1366 sive
414 1317 448 1367 55
465 1315 527 1366 libr.
545 1314 641 1366 Colon.
661 1319 688 1366 et
739 1321 794 1366 tem
812 1317 858 1366 vix
885 1315 1015 1366 trecentis
1037 1313 1137 1365 abhinc
1160 1315 1239 1365 annis
1263 1329 1280 1364 u

148 1383 220 1450 quod
232 1386 359 1449 excurrit,
376 1390 484 1451 aequet,
501 1389 572 1435 teste
582 1385 687 1436 Wurm.
739 1386 818 1451 Syrie
837 1386 872 1436 ud
890 1387 1027 1450 Europum
1039 1382 1151 1436 allatam
1164 1399 1234 1436 esse.
1246 1411 1281 1422 -

149 1455 183 1506 de
204 1455 310 1507 Pondd.
330 1461 395 1507 rstt.
420 1471 447 1520 p.
472 1456 514 1506 47.
551 1456 688 1505 Letronne
741 1455 820 1518 Quod
839 1455 936 1507 Graeci
957 1470 1006 1521 per
1029 1454 1182 1522 Aegyptum
1205 1453 1281 1506 hebi-

147 1523 166 1578 l.
185 1525 220 1574 sd
237 1542 298 1590 cup.
317 1525 442 1576 snteced.
460 1525 480 1576 l.
495 1540 559 1591 psg.
575 1526 607 1576 27
621 1525 689 1575 hoec
740 1531 831 1576 tontes
853 1527 939 1591 oipirrti
959 1527 1038 1574 nriuur
1061 1524 1168 1576 dedisse
1182 1525 1281 1576 dicun·

148 1593 221 1644 mille
241 1593 346 1646 talentu
370 1610 431 1646 osse
460 1593 578 1644 eiiirmat
606 1594 690 1644 l'erme
741 1601 798 1658 tur,
817 1594 845 1644 id
863 1596 887 1645 si
902 1594 935 1645 de
951 1593 1214 1662 alwrbreintelliges,
1230 1595 1282 1646 uti·

150 1664 259 1726 „²5000
286 1664 520 1730 llilogrammes.“
569 1665 690 1714 Aiwuinis
741 1681 793 1732 que
806 1670 862 1716 tem
879 1663 1150 1729 tennedonum(num
1163 1669 1282 1732 aequent

149 1748 256 1798 quoquo
270 1735 393 1783 meminit
406 1733 519 1784 Diodor.
531 1734 564 1796 V,
584 1734 624 1796 10,
643 1733 691 1783 nbi
741 1737 824 1786 ferme
845 1739 906 1786 octo
930 1734 1138 1800 Kilogrummes)
1162 1735 1227 1798 tuit,
1250 1739 1282 1785 nt

149 1801 346 1868 wesselingius
361 1803 416 1854 elis
428 1803 522 1854 rettulit
531 1803 565 1853 de
580 1803 647 1853 locis
658 1817 690 1852 ec
740 1807 799 1856 iure
810 1806 945 1868 miremur,
959 1819 1013 1855 nou
1024 1802 1102 1869 plurs
1111 1804 1282 1856 ebhisGrae·

151 1872 316 1937 regionibus,
328 1873 400 1923 unde
415 1874 559 1938 proveniat
573 1872 689 1935 alumen,
741 1877 790 1938 cis,
806 1875 1001 1927 mercatoribus
1020 1874 1115 1938 opinor
1131 1874 1280 1936 ditissimis,

150 1942 178 1991 in
193 1957 222 1991 re
234 1942 338 1993 medice
350 1958 367 1992 a
381 1943 517 1994 veteribus
531 1941 689 1993 adhibitum.
741 1945 843 1996 colluto
864 1946 963 2006 inisse,
991 1945 1150 2009 praesertin
1174 1945 1198 1994 si
1221 1959 1282 1996 cum

73 2050 76 2056 ,
151 2012 220 2062 Nero
230 2011 447 2063 laudatissimum
457 2029 488 2073 ex
497 2013 622 2078 Aegypto
632 2027 691 2077 pro·
741 2017 787 2079 iis,
808 2031 876 2082 quse
894 2015 1086 2080 Aegyptiorum
1103 2029 1150 2064 rex
1167 2015 1281 2080 dederit,

150 2081 244 2130 venire
256 2083 411 2144 dicebatur,
430 2082 579 2148 proximum
595 2081 691 2132 eMelo
742 2089 941 2150 comparentur.
978 2084 1247 2146 QusrcLetronnel.
1261 2085 1280 2136 l.
1316 2083 1319 2088 ’

152 2149 252 2200 insula.
288 2153 382 2202 Monet
394 2167 460 2202 vero
475 2151 641 2212 Beckmann.
657 2149 692 2200 ad
742 2156 896 2220 suspicatur
909 2153 1042 2204 excidisse
1059 2159 1121 2220 post
1137 2151 1223 2220 μνέας
1236 2169 1282 2205 vo-

150 2221 291 2272 Aristotel.
311 2221 343 2272 de
361 2221 476 2272 mirabb.
498 2237 557 2286 cap.
581 2219 640 2273 130.
664 2236 691 2286 p.
743 2221 1281 2290 ccmzpvoori,utadeodcderintiireeci

151 2289 691 2358 28l,selem,quomnosolwninir(Alaun)
742 2295 840 2361 viginti
859 2294 946 2345 mines
965 2307 1076 2356 aureos,
1095 2310 1165 2360 quoe
1181 2309 1282 2361 aequa-

149 2362 404 2424 nominenovimus,
422 2366 527 2412 veteres
538 2361 689 2427 ignorasse,
741 2366 830 2416 verint
837 2368 954 2430 quatuor
962 2364 1067 2414 talenta
1076 2369 1215 2430 argentee,
1223 2365 1281 2416 sive

150 2445 262 2496 quornm
281 2431 388 2482 alumen
406 2447 428 2483 s.
444 2429 601 2496 στυπτηρία
617 2429 690 2482 houd
741 2449 871 2486 summam
900 2434 986 2484 fermo
1008 2434 1094 2486 22000
1116 2437 1281 2486 Francorum

150 2501 231 2551 dubie
250 2502 332 2554 tuerit
348 2503 485 2552 viti-iolcum
502 2501 690 2566 τιτρωσκεσθαι·
740 2505 812 2558 nell.
837 2503 996 2570 (secundum
1018 2505 1168 2555 Wurmium
1195 2505 1281 2558 ’22210

148 2573 233 2622 reines
251 2571 427 2630 discuties-iol,
450 2571 531 2637 qusle
554 2587 568 2622 e
594 2571 689 2637 lepidi·
739 2577 785 2627 Fr.
805 2575 839 2626 00
860 2575 938 2626 Ceut.
963 2575 1021 2624 sive
1047 2573 1130 2626 10423
1152 2574 1280 2627 Florenn.

149 2641 199 2692 bus
218 2641 357 2693 dissolutis
378 2641 578 2692 stuluctitarum
591 2641 619 2692 in
632 2657 688 2692 mo·
742 2647 774 2698 18
798 2644 949 2711 Crucigg.).
994 2645 1126 2710 Equidem
1149 2645 1202 2696 nisi
1226 2645 1281 2696 tole

149 2711 211 2762 dum
230 2712 294 2762 oriri
313 2711 404 2777 solet).
440 2711 515 2762 Idem
538 2711 607 2763 citat
633 2711 690 2761 slu·
740 2715 805 2782 quid
822 2714 966 2777 exciderit,
985 2719 1058 2765 certe
1076 2719 1166 2766 mente
1181 2714 1282 2766 adden·

148 2781 228 2831 minis
249 2781 404 2843 historiam,
429 2796 510 2846 quem
534 2780 638 2831 dederit
660 2782 688 2830 in
741 2785 803 2836 dum
822 2799 881 2836 esse
899 2783 1067 2836 crediderim.

151 2849 689 2902 Commentt.soc.Gott.l.etGesohichte

152 2917 178 2966 d.
197 2917 300 2969 Eriind.
322 2918 361 2969 11.
384 2934 448 2984 pag.
470 2917 515 2969 92.
559 2919 625 2982 Qui,
648 2919 690 2968 uti
894 2955 915 3006 ο
978 2954 1115 3007 CLXXXI

150 2985 270 3049 videtur,
290 3003 323 3038 ex
333 2989 504 3052 Bergmanno
519 3001 569 3036 sna
584 2989 690 3049 sumsit,
915 2971 959 3007 Μ’·
1118 2991 1125 3006 ’

153 3055 691 3122 cuiuslocumprimerinm[0pusco.ohe·
777 3056 967 3122 Kopoustoros
988 3051 1025 3108 dl
1040 3049 1178 3123 ’Ἄμασις
1200 3045 1281 3122 φιλό-

152 3125 214 3176 mie.
234 3130 261 3176 et
279 3126 356 3192 phys.
381 3127 405 3177 1.
424 3141 487 3191 pag.
507 3126 569 3192 tel)
586 3141 690 3177 mecum
743 3119 812 3192 τητά
834 3126 872 3194 τε]
897 3127 990 3179 Secuti
1014 3143 1104 3180 sumus
1128 3125 1280 3192 Schweigh.

153 3195 363 3247 communicavit
394 3195 567 3247 doctissimus
594 3195 693 3248 Gmeli·
744 3202 772 3247 et
795 3197 882 3248 Gsisi.
911 3198 951 3247 its
979 3196 1090 3250 edentes
1124 3211 1172 3263 pro
1206 3195 1281 3264 vulg.

152 3266 223 3328 nius,
242 3265 488 3316 virherumrernm
503 3266 692 3331 peritissimus.
743 3265 935 3330 Κυρηναίοισι
966 3259 996 3314 δ’
1029 3258 1061 3326 ἐς
1096 3258 1280 3332 ἀλλήλους,

153 3336 393 3386 Greecorumenim
401 3333 567 3400 στυπτηρία,
575 3337 693 3401 utBerg·
744 3351 814 3402 quae
831 3351 864 3386 ex
882 3336 1046 3401 glossemate
1068 3338 1096 3389 in
1121 3343 1224 3389 textum
1249 3338 1282 3386 ir·

153 3419 244 3455 mann.
256 3405 351 3468 docet,
370 3410 400 3458 et
408 3407 588 3455 Romanorum
598 3408 693 3456 alumen
744 3406 862 3470 repsisse
879 3405 1013 3458 videntur.

152 3475 247 3525 nativa
265 3480 324 3526 erut
342 3475 456 3524 materie
473 3481 500 3526 et
520 3489 537 3524 u
553 3474 625 3539 salo,
647 3475 693 3541 qui
778 3468 808 3524 οί
832 3469 883 3541 μὲν
910 3469 1019 3541 λέγουσι
1049 3469 1171 3537 Βάττου,
1203 3468 1232 3524 οἴ
1253 3465 1281 3524 δ’

152 3545 355 3595 nostrisdiebus
368 3544 419 3596 hoo
430 3561 526 3596 nomen
537 3545 615 3610 gerit,
628 3545 693 3596 mul·
738 3537 895 3610 Ἀρκεσίλεω
912 3540 1066 3612 θυγατέρα]
1079 3545 1181 3610 Scripsi
1193 3561 1208 3595 e
1218 3545 1283 3596 duo·

151 3620 209 3664 tum
233 3615 383 3665 differebat.
423 3615 466 3665 Ad
493 3614 693 3666 stalactitsrnm
743 3617 793 3666 bus
816 3615 894 3666 codd.
919 3613 1027 3666 Βάττου
1049 3633 1097 3681 pro
1120 3615 1193 3680 vulg.
1213 3609 1284 3665 Brit-

151 3699 238 3750 genus
251 3685 413 3752 pertinuisse
424 3685 541 3746 videtur,
555 3685 615 3736 etsi
628 3684 693 3750 quid
741 3699 808 3748 τεω,
829 3685 938 3737 iubente
955 3685 1071 3738 Bredov.
1088 3685 1185 3752 psas,
1204 3699 1283 3750 quem

151 3754 278 3805 aluminis
296 3755 406 3818 babuit,
426 3755 477 3806 hoo
490 3753 586 3805 saltem
602 3755 694 3805 edmo—
742 3760 857 3806 recentt.
881 3756 943 3806 edd.
966 3771 1073 3822 quoqne
1095 3755 1183 3805 secuti
1208 3757 1281 3804 sunt.

151 3825 215 3875 dum
233 3825 286 3876 init
305 3840 416 3890 parcum
434 3829 463 3875 et
483 3824 620 3875 vitriolicn
637 3839 693 3876 nru-
742 3825 804 3876 Bini
816 3825 893 3889 libri,
912 3826 1058 3878 secedente
1069 3823 1166 3876 Veline
1183 3825 1284 3874 versio-

151 3895 221 3946 teria
238 3909 271 3945 ex
282 3894 354 3945 omni
364 3899 442 3960 parte
456 3894 617 3947 involutum.
642 3895 693 3945 Fu·
742 3910 791 3958 ne,
814 3895 941 3946 afferunt:
965 3887 1075 3945 Βάττου
1092 3891 1144 3944 τοῦ
1163 3885 1282 3958 Ἀρκεοί-

151 3967 253 4028 ericium,
265 3963 337 4030 quod
346 3965 447 4016 nostris
459 3965 694 4030 temporibus'oia-
742 3963 804 4027 λεω,
817 3966 897 4030 Batti,
914 3966 1044 4016 Arcesilai
1054 3963 1141 4029 (filim
1155 3963 1227 4028 quod
1238 3977 1283 4012 ve·

151 4049 206 4085 rnen
226 4034 317 4097 sudit,
336 4034 364 4084 in
379 4035 484 4086 oriente
497 4033 620 4099 (ntidem
634 4049 693 4100 per·
742 4035 798 4084 rius
817 4040 896 4101 putet
913 4034 1085 4100 wesseling,
1104 4049 1164 4084 oum
1182 4033 1283 4099 optime

152 4104 193 4168 git
221 4103 400 4170 Bergmann.)
425 4106 538 4170 primum
565 4105 693 4167 innotuit,
745 4109 773 4156 et
790 4121 833 4156 res
851 4110 879 4156 et
896 4109 1001 4170 tempus
1018 4109 1165 4170 congruet,
1184 4105 1208 4154 si
1225 4103 1283 4170 qui·

152 4172 200 4222 sed
214 4175 333 4238 quando,
347 4175 394 4225 ubi
406 4180 435 4226 et
448 4175 597 4240 quomodo,
616 4175 693 4226 latet.
745 4175 804 4226 dem
823 4177 923 4226 Battus
940 4174 986 4224 ille
1011 4173 1138 4240 aequales
1158 4173 1284 4225 habuerit

152 4241 195 4292 Ob
217 4245 365 4309 stypticam
384 4243 543 4296 fucultatem
563 4259 694 4311 usumque
745 4246 854 4310 Apriem
876 4251 903 4296 et
921 4237 1032 4296 Amasin
1049 4245 1149 4296 Nostro
1173 4249 1282 4296 auctore

152 4312 181 4361 in
200 4318 260 4364 erte
276 4313 443 4364 chromatice
469 4320 498 4366 et
522 4315 637 4366 coriaria
660 4315 695 4366 si·
745 4315 792 4378 IV,
813 4315 1049 4378 insentivum
1071 4313 1156 4365 filium
1177 4313 1283 4367 Arcesi-

152 4380 242 4432 milem
258 4397 346 4436 novus
358 4383 400 4436 sel
413 4385 514 4438 veteris
529 4387 696 4438 retinuitno-
745 4386 818 4436 laum
835 4385 922 4438 minor
936 4388 1013 4438 setss
1031 4383 1167 4437 excludet.
