3008 4924
531 248 778 310 EU'PERPH.
801 247 844 306 II.
870 254 930 311 143.
1237 251 1298 310 755

160 438 234 488 ναι·
262 423 319 491 καὶ
339 418 443 490 οὐδὲν
455 425 525 489 τῶν
539 417 613 490 κατ’
629 431 807 508 Αἴγυπτον
824 415 892 490 ὑπὸ
912 425 1018 490 ταῦτα
1042 423 1296 512 ἑτεροιωθῆναι,

161 517 239 591 οὔτε
252 523 293 594 τὰ
312 529 349 594 ἐκ
364 529 422 612 τῆς
436 529 498 614 γῆς
511 521 590 594 οὔτε
603 522 643 593 τὰ
666 527 702 594 ἐκ
720 530 781 594 τοῦ
796 529 947 613 ποταμοῦ
963 543 1024 612 σφι
1041 525 1202 614 γινόμενα
1217 523 1296 595 οὔτε

160 622 201 693 τὰ
220 621 306 718 cippi
328 627 472 708 νούσους
492 624 570 697 οὔτε
587 625 628 697 τὰ
645 626 729 698 κατὰ
750 626 829 708 τοὺς
847 627 1029 709 θανάτους.
1063 629 1237 720 Πρότερον
1256 629 1362 699 33143

155 722 316 825 Ἑκαταίῳ
337 737 384 826 τῷ
404 736 589 825 λογοποιῷ,
612 734 649 800 ἐν
663 732 793 822 Θήβῃσι
815 731 1100 821 γενεηλογήσαντί
1111 759 1147 802 τε
1168 730 1296 802 ἑαυτὸν

159 901 192 949 75
208 899 270 950 coll.
292 899 442 950 Latronnio
466 899 532 949 ibid.
555 914 620 966 pag.
642 901 700 963 107,

160 969 276 1036 Lepsius
292 969 311 1020 l.
325 969 344 1020 l.
358 985 421 1035 pag.
441 968 485 1020 191
503 983 588 1034 seqq,
607 967 701 1019 Rosci·

158 1039 209 1090 lini
221 1041 342 1090 Menum.
356 1039 449 1090 sterio.
465 1038 487 1088 I.
504 1053 566 1104 pag.
577 1039 621 1090 80.
631 1043 700 1102 not,

158 1110 263 1160 Brunct
280 1109 313 1160 de
331 1109 425 1159 Prasle
443 1110 566 1159 Examen
585 1109 701 1174 critique

160 1179 207 1229 des
230 1179 338 1244 dynast.
357 1181 472 1244 Egyptt.
492 1193 555 1244 pag.
574 1177 607 1230 33
624 1193 700 1244 seqq.

159 1248 211 1312 86,
230 1250 277 1314 qui
296 1263 384 1300 novae
407 1247 513 1313 periodi
537 1249 636 1299 sunive
660 1263 700 1297 re-

160 1318 269 1368 formati
298 1320 467 1369 notationem
492 1319 520 1366 in
550 1317 593 1367 hir
618 1318 704 1368 latere

159 1388 320 1439 arbitratur:
352 1387 424 1454 quod
448 1387 519 1436 idem
546 1389 704 1454 arripiuntur

157 1459 297 1524 Brugsch=
316 1457 504 1510 Reisehericht
519 1472 570 1507 aus
582 1459 700 1523 Aegypt.

159 1545 185 1594 p.
210 1530 257 1580 153
281 1544 357 1594 seqq.
392 1527 526 1592 Equidem
546 1527 613 1578 haee
632 1527 701 1576 indi-

159 1613 237 1648 casse
253 1599 322 1648 satis
336 1597 438 1647 habeo:
457 1597 557 1647 etenim
569 1599 627 1662 ipse
639 1611 700 1660 pro·

158 1670 286 1719 nuntiare
305 1667 402 1729 nolim,
427 1681 491 1716 num
508 1667 543 1715 ad
557 1667 699 1718 mendacia

159 1744 186 1787 et
211 1738 315 1788 somnia
334 1736 529 1802 Aegyptiorum
552 1737 620 1786 haec
643 1736 700 1784 sint

159 1806 302 1857 referenda
319 1805 436 1870 indeque
458 1808 542 1855 missa
562 1805 698 1867 iacienda,

161 1891 229 1942 quae
247 1876 380 1942 Scaliger-i
404 1879 446 1924 est
464 1875 601 1926 sententIa
619 1874 700 1924 adeo·

157 1961 209 2012 que
226 1945 369 1996 Latronnii
393 1945 474 1994 etiam
499 1959 559 1994 esse
581 1943 699 2006 videtur,

158 2031 194 2065 an
211 2017 267 2065 veri
288 2015 354 2081 quid
374 2014 545 2076 contineant,
573 2013 646 2079 quod
664 2013 700 2063 ad

157 2085 277 2136 siderum
305 2084 488 2150 cognitionem
514 2098 700 2148 annorumque

158 2170 266 2205 cursum
298 2154 360 2204 inde
394 2152 613 2203 constItuendum
644 2169 698 2204 orn-

156 2225 222 2274 uino
239 2226 367 2289 pertinet.
391 2249 427 2260 —
456 2223 489 2272 In
510 2223 600 2272 verbis
621 2238 697 2287 seqq.

156 2291 204 2344 aul
222 2287 309 2344 victv
326 2291 384 2342 coir
398 2283 461 2341 aar'
479 2289 624 2356 Alyorrrov
638 2283 697 2342 ὑπὸ

155 2361 245 2414 ταῦτα
279 2354 485 2427 ἑτεροιωθῆναι
519 2362 604 2412 verba
640 2353 698 2410 ὑπὸ

154 2432 245 2484 ταῦτα
263 2433 297 2483 de
309 2436 429 2498 tempore
443 2431 604 2497 accipienda
619 2436 697 2482 sunt:

752 897 805 947 sibi
821 899 1007 964 proposuisse.
1044 899 1124 952 Unde
1135 900 1248 964 factum,
1267 907 1298 952 ut

753 968 878 1018 acerbius
901 969 1019 1020 subinde
1042 970 1210 1020 Hecataeum
1236 975 1296 1022 tau-

753 1053 816 1102 gere
841 1037 1015 1104 ciusdemque
1038 1041 1180 1104 opiniones
1205 1041 1296 1092 acrius

752 1108 936 1172 perstringere
972 1108 1098 1159 videatur
1127 1109 1294 1160 Herodotus.

752 1176 815 1229 Vid.
835 1183 892 1228 not.
912 1177 948 1226 ad
960 1177 998 1241 II,
1017 1179 1060 1229 21.
1080 1177 1114 1228 (18
1126 1180 1163 1228 in.
1183 1178 1213 1228 71
1233 1180 1295 1230 init.

752 1247 795 1296 77.
824 1245 873 1296 153
900 1251 928 1296 et
952 1247 1115 1298 Crenaemm
1133 1249 1161 1298 iu
1187 1249 1296 1314 Fragm.

755 1314 819 1365 bist.
838 1330 902 1380 pag.
920 1319 963 1368 22.
1001 1318 1077 1380 Quae
1095 1317 1148 1368 hoc
1162 1316 1222 1368 loco
1235 1323 1296 1368 tau-

754 1385 796 1450 git
812 1385 982 1449 Herodotus,
1008 1401 1040 1436 ea
1067 1387 1234 1452 pertinuisse
1256 1389 1295 1437 vi-

753 1453 851 1504 dentur
869 1453 905 1504 ad
923 1454 1109 1520 psreuloyroio
1128 1471 1212 1522 opus,
1240 1473 1294 1522 quo

752 1523 985 1575 celeberrimorum
1001 1525 1134 1576 Graeciae
1157 1526 1294 1577 hominurn

750 1592 916 1658 heroumqne
933 1595 1030 1645 serlem
1048 1599 1232 1646 enumeratam
1251 1611 1294 1646 ao-

750 1677 863 1728 rumque
877 1679 920 1714 res
934 1669 1028 1728 gestas
1045 1664 1131 1716 literis
1150 1667 1294 1731 consigna-

749 1737 792 1782 tas
804 1733 889 1783 luisse
903 1733 1047 1798 probabile
1058 1739 1110 1786 est.
1138 1735 1202 1786 Vid.
1213 1736 1294 1787 Oreu-
1396 1763 1398 1768 .

751 1817 795 1852 aar
813 1801 830 1852 l.
850 1802 868 1851 l.
894 1817 956 1868 pag,
979 1805 1013 1854 45
1037 1819 1127 1870 seqq.,
1152 1806 1199 1870 qui
1221 1804 1293 1855 idem

751 1872 784 1922 de
802 1872 944 1922 Hecataeo
961 1872 1040 1938 plura
1057 1873 1209 1939 disputavit
1226 1889 1291 1940 pag.

750 1942 861 2006 3seqq.
886 1941 920 1992 33
944 1957 1019 2008 seqq.
1047 1947 1074 1992 et
1096 1959 1168 1994 nunc
1192 1943 1293 1994 haecce

751 2010 841 2060 addit:
861 2013 923 2074 „De
940 2013 1082 2063 Hecataeo
1095 2013 1202 2064 Milesio
1221 2014 1291 2064 The·
1357 2069 1364 2082 ⁶

750 2080 791 2130 bis
804 2086 927 2131 morante
945 2087 973 2131 et
987 2082 1108 2132 Diodoro
1121 2082 1218 2133 deinde
1230 2098 1293 2133 aar·

749 2151 886 2200 rationum
917 2150 971 2201 fide
996 2151 1218 2218 dignissimarum
1247 2168 1292 2204 co-

749 2220 823 2284 piam
849 2219 1019 2286 relinquente
1043 2222 1144 2287 optime
1169 2222 1293 2272 iudicant

749 2293 874 2340 auctores
895 2291 985 2354 operis
1004 2292 1142 2358 Descript.
1168 2291 1201 2342 de
1220 2292 1291 2358 l'Eg.

750 2359 788 2422 11,
807 2375 835 2424 ρ.
854 2359 917 2410 53.“
939 2387 973 2396 -
986 2363 1029 2412 Tu
1049 2361 1113 2412 add.
1128 2361 1225 2412 Ulrert.
1239 2361 1259 2412 l.
1272 2361 1291 2412 l.

750 2429 773 2491 I,
787 2429 812 2478 I.
826 2445 889 2496 pag.
902 2429 937 2483 69
950 2445 1006 2496 seq.
1020 2436 1048 2481 et
1057 2431 1179 2482 Klausen
1193 2431 1228 2482 ad
1239 2432 1294 2482 He-

749 2500 838 2549 cataei
848 2500 945 2566 fragm.
955 2517 982 2566 p.
994 2503 1010 2551 2
1020 2517 1106 2567 seqq„
1116 2517 1169 2568 quo
1180 2507 1292 2553 auctore

749 2569 906 2620 Hecataeus
924 2569 991 2621 haec
1011 2573 1133 2622 narravit
1149 2572 1177 2620 in
1188 2571 1292 2622 descri-

749 2639 844 2703 ptione
861 2639 1032 2702 Thebarum,
1051 2642 1145 2707 itaqua
1163 2641 1236 2692 hunc
1252 2641 1292 2690 lo·

749 2725 810 2758 cum
839 2709 911 2759 inter
936 2710 1090 2776 fragments
1115 2711 1221 2775 operis,
1246 2711 1292 2761 cui

748 2778 846 2828 titulus
867 2777 1004 2843 περίοδος
1022 2777 1087 2844 γῆς,
1113 2779 1208 2829 retulit
1225 2795 1289 2844 pag.

751 2847 801 2898 118
819 2861 876 2913 seq.
913 2847 1055 2898 Caeterum
1075 2847 1182 2898 deridet
1199 2848 1291 2897 huius·

749 2915 823 2966 modi
842 2917 1019 2982 genealogias
1037 2933 1085 2982 per
1100 2918 1291 2982 antiquitatem
1334 2942 1342 2956 ·

154 2983 333 3051 pancasius.
346 2982 380 3049 L]
402 2983 697 3046 Hecataeamrllilesr'nm,
749 2985 845 3035 obvim
862 2986 974 3037 Lobeck
986 2985 1165 3052 Aglaopham.
1185 3002 1212 3051 p.
1230 2985 1290 3036 327.

157 3056 202 3120 qui
218 3053 373 3119 quingentis
397 3055 480 3103 ierrne
499 3056 577 3104 annis
597 3068 614 3103 a
633 3053 696 3103 Chr.
778 3045 917 3122 Ἑκαταίῳ
951 3052 991 3120 τῷ
1019 3052 1171 3121 λογοποιῷ]
1209 3053 1291 3117 λογο-

155 3139 182 3174 n.
204 3123 308 3184 floruit,
334 3122 488 3174 Herodotus
508 3123 535 3175 h.
554 3123 572 3173 l.
599 3123 698 3173 intelli·
747 3115 835 3172 ποιὸν
864 3127 1033 3174 Hecataeum
1062 3127 1145 3175 vocat
1171 3125 1292 3175 distortae

155 3194 206 3259 git.
243 3193 311 3256 Qui,
332 3192 455 3256 pluribus
474 3192 547 3242 orbis
565 3197 698 3244 terrarum
747 3194 902 3257 scriptorem,
916 3202 1098 3256 enarratores,
1113 3194 1222 3246 uthans
1235 3209 1291 3242 mo-

156 3263 281 3327 partibus
300 3261 490 3327 perlustratis,
516 3277 585 3327 opus
604 3261 696 3313 condi·
747 3267 795 3312 net
809 3262 1010 3328 Wesseliugius
1023 3264 1058 3314 ad
1076 3265 1109 3327 V,
1128 3263 1162 3317 36
1180 3262 1242 3315 coll.
1256 3263 1290 3327 V,

156 3331 247 3394 derat,
271 3330 343 3397 quod
367 3332 507 3396 inscripsit
528 3329 582 3396 γῆς
600 3329 697 3393 περίο·
751 3334 799 3384 125
817 3336 845 3383 et
862 3333 908 3395 11,
931 3333 979 3385 134
997 3333 1064 3401 ibiq.
1082 3339 1152 3388 nott.
1188 3333 1291 3384 Eodem

156 3399 218 3464 dor,
248 3417 302 3466 qua
326 3402 418 3452 varias
443 3407 576 3452 terrarum
602 3407 695 3468 partes
747 3403 855 3453 nomine
880 3403 1049 3454 Herodotum
1074 3403 1226 3469 appellavit
1248 3404 1292 3453 Iu·

156 3471 191 3522 ab
210 3472 270 3536 ipso
289 3471 469 3536 perlustratus
488 3477 619 3522 accurrate
638 3487 696 3537 per·
746 3471 836 3522 lienus
850 3466 1014 3536 λογοποιόν,
1033 3473 1106 3524 haud
1122 3472 1291 3539 ignominiae

155 3542 300 3608 scripsisse
323 3541 409 3592 fertur
433 3541 555 3606 adeoque
575 3541 697 3590 tabulam
748 3557 839 3605 causa,
858 3542 906 3593 sed
925 3548 1055 3609 tanquam
1072 3543 1205 3594 historiae
1224 3542 1289 3592 sori-

156 3627 179 3663 s.
191 3626 317 3676 mappam
327 3609 539 3676 geographicam
552 3611 695 3674 adiecisse,
747 3617 867 3677 ptorem,
905 3613 989 3678 probo
1024 3629 1115 3664 sensu.
1153 3610 1289 3662 Videatur

156 3682 258 3747 deque
276 3681 376 3731 Noster
394 3681 466 3730 intra
484 3682 520 3743 V,
541 3681 583 3732 43.
620 3679 696 3730 AIIos
747 3682 857 3747 Heyler.
883 3683 917 3732 ad
936 3684 1033 3734 Iulian.
1053 3699 1096 3749 ep.
1115 3681 1205 3732 XXII.
1225 3695 1289 3744 pag.

156 3755 299 3817 praeterea
326 3751 438 3816 scripsit
460 3750 546 3799 libros
571 3750 696 3800 historici
747 3753 799 3802 252
817 3767 875 3817 seq.
904 3753 986 3805 aGr.
1014 3753 1050 3802 ad
1069 3753 1140 3802 hunc
1158 3751 1178 3803 l.
1197 3748 1291 3799 lauda-

155 3821 309 3886 argnmenti
327 3820 493 3870 aveteribus
508 3823 610 3884 passim
624 3835 696 3869 eorn-
747 3826 802 3871 tus.
840 3823 903 3886 Ipse
931 3822 1087 3872 Herodotus
1125 3822 1153 3870 in
1182 3818 1291 3868 Arriani

155 3895 328 3954 memoratos,
351 3905 401 3940 nec
417 3889 557 3941 Herodoto
577 3891 694 3955 ignotos,
746 3888 847 3954 Peripl.
870 3891 902 3940 13
921 3891 1020 3942 dicitur
1036 3880 1189 3955 λογοποιὸς
1204 3887 1290 3954 probo

155 3962 214 4026 qui,
245 3976 305 4010 cnm
332 3975 432 4026 magna
463 3963 535 4010 esset
560 3959 696 4010 Hecataei
746 3962 938 4025 utiqucaensu.
952 3958 1289 4026 Quaesequunturverba:

155 4031 316 4093 auctoritas,
336 4045 390 4080 non
408 4028 496 4080 solum
515 4029 601 4080 multa
621 4028 696 4078 vide·
746 4022 985 4095 γενεηλογήσαντί
995 4043 1024 4079 τε
1038 4021 1144 4079 ἑαυτὸν
1155 4022 1203 4078 καλ
1221 4018 1288 4076 ἄνα-

153 4103 199 4148 tur
226 4101 365 4162 omisisse,
396 4113 466 4165 quae
491 4101 526 4150 ab
554 4100 695 4150 Hecataeo
747 4091 865 4163 δήσαντι
889 4091 943 4163 τὴν
964 4093 1088 4164 πατριὴν
1111 4089 1139 4156 ἐς
1164 4089 1277 4148 ἑκκαιδὲ

154 4171 223 4220 satie
243 4171 297 4219 iarn
315 4171 440 4234 exposita
457 4169 577 4230 viderat,
603 4183 697 4219 verum
747 4181 835 4219 κατον
853 4163 934 4232 θεὸν,
954 4169 1059 4220 valent:
1077 4172 1120 4234 ραι·
1134 4171 1235 4235 penaria
1249 4182 1280 4219 aa

154 4236 210 4286 alia
229 4254 348 4303 quoqne,
374 4255 444 4304 quae
467 4239 556 4289 minus
574 4239 643 4290 bene
663 4237 697 4288 ab
747 4242 865 4304 originem
882 4253 1016 4289 recensere
1038 4253 1139 4303 eamque
1161 4237 1197 4288 ad
1218 4238 1291 4288 dam

153 4303 200 4356 illo
226 4307 328 4358 tradita
347 4313 451 4370 esseut,
478 4313 509 4359 ut
532 4307 697 4370 ernendaret,
749 4316 866 4373 tanquam
888 4311 1071 4374 progenitorem
1090 4309 1205 4358 deebrram
1227 4322 1288 4358 aerc-

1015 4387 1083 4454 48*

156 2504 211 2554 dam
228 2505 291 2554 haee
304 2503 416 2566 flebant,
441 2493 499 2551 ὑπὸ
523 2494 574 2551 τὸν
591 2493 698 2568 χρόνον

155 2572 268 2636 τοῦτον,
289 2563 318 2622 ἐν
337 2559 461 2638 drudro
473 2561 590 2636 ἐγένετο,
610 2575 640 2622 ut
659 2572 697 2622 in·

155 2647 323 2710 terpretatur
339 2641 451 2718 Isbardy
469 2641 504 2691 ad
520 2643 547 2706 1,
567 2642 608 2693 51.

323 2813 386 2865 Gar.
406 2813 528 2866 CXLIII.

192 2908 340 2981 Πρότερον
367 2910 399 2964 di
421 2907 560 2982 Ἑκαταίῳ
586 2912 626 2981 τῷ
652 2914 698 2963 lo-
