3088 4922
241 295 302 358 534
677 291 945 356 HERODOTI

239 467 452 562 τραπόμενον
479 465 604 548 πάντας
625 469 730 558 σφέας
744 471 1004 556 καταφονεῦσαι.
1037 463 1126 555 Ἐμοὶ
1147 466 1210 554 μέν
1229 491 1294 534 ννν
1319 469 1378 534 do-

241 577 372 659 κέουσι,
390 577 494 642 ταῦτα
505 575 676 660 λέγοντες,
695 578 753 660 τῆς
769 578 966 660 Αἰγυπτίων
980 569 1100 658 φύσιος
1113 571 1168 638 καὶ
1182 573 1251 637 των
1263 568 1380 658 νόμων

242 677 380 766 πάμπαν
392 673 539 760 ἀπείρως
554 681 642 763 ἔχειν
656 680 691 744 ot
698 672 866 764 Ἕλληνες.
897 691 981 746 τοῖσι
997 671 1060 762 γὰρ
1075 671 1155 743 otei
1169 671 1291 762 κτήνεα
1303 668 1379 762 ὁσίη

241 779 344 850 θύειν
365 781 449 862 ἐστὶ,
477 779 577 868 χωρὶς
596 774 670 848 ὑῶν
688 782 744 848 καὶ
765 782 913 868 ἐρσένων
932 783 1023 867 βοῶν
1051 779 1108 846 καὶ
1132 775 1282 866 μόσχων,
1306 773 1380 846 ὅσοι

241 879 284 954 ἄν
297 885 441 972 καθαροὶ
456 887 550 970 ἔωσι,
566 884 622 952 καὶ
635 889 766 972 χηνῶν,
782 889 848 964 κῶς
862 879 905 953 ἄν
918 873 1010 952 οὗτοι
1025 879 1229 972 ἀνθρώπους
1241 880 1378 962 θύοιενς

241 1092 362 1136 careatur
376 1086 534 1146 aomifltiroa.
554 1085 599 1136 Ita
615 1085 783 1150 schweighq
837 1084 928 1150 (quem
950 1085 999 1134 Gr.
1029 1083 1064 1134 ad
1092 1083 1119 1132 h.
1143 1081 1162 1132 l.
1187 1082 1358 1149 laudavit)'
1349 1101 1380 1134 ra

241 1145 346 1217 αὐτοῦ,
371 1154 443 1220 quod
461 1154 494 1205 de
514 1155 631 1206 Hercule
653 1161 784 1221 tanquam
836 1155 996 1205 Orchomon.
1022 1170 1048 1218 p.
1080 1152 1129 1204 164
1152 1152 1272 1216 videtur,
1302 1170 1379 1204 revo-

241 1224 353 1276 victima
383 1223 601 1302 intelligendum,
636 1227 753 1308 pendet
768 1239 785 1275 a
836 1225 940 1275 candae
953 1229 980 1274 et
992 1223 1073 1274 rnde
1066 1239 1094 1272 ru
1105 1223 1258 1288 Aegyptum
1272 1223 1379 1274 demum

241 1294 324 1344 verbo
343 1287 527 1358 κατάρχοντο,
547 1295 644 1360 quod
637 1312 665 1346 ΙΙΙ
682 1287 784 1358 πατήρ·
835 1294 984 1345 translatae
1008 1294 1107 1345 debeat
1129 1293 1287 1343 existimari.
1325 1295 1378 1356 Qui

241 1377 326 1446 porro
352 1379 385 1414 ex
409 1362 523 1414 aliorum
547 1363 667 1415 locorum
693 1363 785 1414 analo·
835 1365 948 1415 interior
964 1365 1001 1414 sit
1019 1362 1127 1414 tabulae
1144 1378 1254 1424 sensus,
1272 1362 1316 1413 hio
1334 1381 1379 1414 ex·

241 1433 296 1500 gia,
308 1449 337 1482 ΙΙΙ
350 1433 447 1498 quibus
457 1433 508 1483 lroe
517 1435 628 1484 verbum
639 1439 784 1500 augmento
837 1433 938 1499 plicare
961 1449 1015 1484 uon
1038 1436 1127 1483 vacat.
1165 1433 1226 1484 Vid.
1250 1431 1375 1484 Creurer.

242 1503 385 1567 temporali
403 1503 566 1554 instructum
581 1510 632 1565 ost,
651 1509 784 1554 mutatum
835 1503 956 1569 Symbol.
976 1504 1013 1564 11,
1033 1503 1064 1554 or
1079 1517 1154 1567 seqq.
1170 1505 1203 1551 ar
1219 1517 1295 1567 seqq.
1288 1503 1377 1622 ‚pust

241 1571 300 1622 vult
318 1571 433 1622 Bredov.
454 1589 480 1638 p.
501 1574 566 1636 2115,
592 1589 671 1652 quem
697 1574 785 1638 sequi·
836 1580 863 1624 et
875 1590 944 1639 quae
959 1573 1061 1637 profert
1073 1573 1146 1621 Baur
1157 1573 1291 1636 (Tubmg
1328 1575 1365 1623 eit

241 1645 286 1691 tur
309 1641 432 1691 Dietsclr.
476 1611 566 1708 Atque
591 1635 784 1726 κατάρχεσθαι
836 1643 933 1694 schrift
956 1643 976 1692 Ι.
995 1640 1126 1706 Tireolog.
1147 1641 1224 1694 1832.
1250 1641 1274 1692 I.
1298 1657 1323 1706 p.
1342 1643 1377 1693 56

243 1705 363 1774 (sapor),
380 1710 785 1794 quodusitatumastiuGrae-
836 1713 920 1779 seq.,)
946 1712 992 1777 qui
1012 1713 1039 1760 in
1059 1711 1110 1760 hae
1128 1710 1222 1762 tabula
1241 1711 1319 1761 simul
1338 1711 1376 1762 la-

242 1782 441 1842 eorumsaeris,
460 1786 574 1846 auspiciu
594 1798 678 1850 eaque
695 1784 786 1833 omnia
836 1789 893 1834 tere
916 1787 994 1848 putat
1023 1780 1123 1830 indicia
1146 1781 1283 1831 hominum
1311 1781 1376 1832 olim

242 1851 453 1915 comprehcndit,
473 1867 543 1916 quae
559 1853 639 1903 initio
658 1853 785 1903 sacrificii
835 1869 883 1918 pro
895 1851 1009 1918 piaculis
1023 1855 1214 1900 metatorum.
1233 1866 1310 1915 quem
1321 1867 1376 1902 mo-

241 1921 321 1984 flunt,
349 1921 418 1986 pilos
444 1935 458 1970 e
484 1923 573 1973 tronto
591 1923 718 1972 victimae
737 1922 783 1972 ab·
807 1929 810 1936 '
834 1939 890 1972 rem
908 1925 1003 1987 postea
1021 1920 1157 1970 sublatum
1176 1935 1237 1970 esse
1258 1920 1292 1970 ab
1309 1922 1377 1971 Her-

240 1990 373 2054 seindere,
391 1991 508 2041 lustrare
519 2007 587 2053 earu,
608 1992 670 2042 alia.
701 1992 784 2042 Plura
834 1992 894 2043 culo
912 1992 956 2042 vel
974 1991 1064 2056 potius
1078 1991 1241 2056 mitigatum,
1260 1989 1322 2040 aliis
1334 2007 1377 2040 sa-

241 2061 368 2124 interprr.
391 2061 426 2110 ad
444 2061 582 2126 Aristopb.
602 2063 652 2111 Av.
672 2062 724 2112 aro
746 2067 782 2124 et,
834 2061 943 2112 orificiis
956 2061 1125 2119 substitutis,
1144 2061 1215 2110 idern
1228 2061 1375 2112 existimat.

241 2145 319 2194 quem
341 2130 493 2194 Schweigb.
519 2131 547 2180 in
565 2131 631 2180 Lex.
650 2131 782 2180 Herodot.

239 2199 350 2260 laudat,
376 2199 473 2263 lleyue
494 2200 611 2264 Opuuee.
635 2199 739 2249 Aeadd.
759 2201 781 2250 1.

240 2285 267 2332 p.
284 2267 344 2318 326.
376 2269 417 2318 Ex
434 2270 572 2318 Herodoto
588 2269 660 2319 coui.
677 2270 724 2331 IV,
738 2270 781 2320 th.

243 2335 301 2387 103.
338 2339 379 2387 Ex
398 2338 521 2402 Thucy.d
540 2339 567 2400 I,
586 2340 629 2388 45.
672 2339 784 2388 Formn-

239 2405 294 2455 lam
316 2397 388 2470 πρὸς
414 2355 676 2471 &intercisorum
696 2410 783 2459 Aemi-

239 2475 293 2524 lius
306 2477 404 2525 Portus
421 2477 493 2528 baud
508 2477 578 2529 male
596 2477 729 2528 reddidit.
748 2480 785 2528 od

239 2547 284 2595 uim
296 2548 493 2608 propulsandam
504 2561 532 2596 re
543 2555 704 2605 concutere:
722 2549 782 2598 alii:

239 2616 326 2665 viriam
343 2631 444 2665 errorum
460 2620 594 2681 periurium
611 2619 711 2682 [orere.
739 2619 783 2668 Iu-

239 2685 347 2735 venitur
364 2686 457 2736 eadem
476 2686 578 2738 locutio
598 2688 652 2750 ΙΙΙ,
670 2688 714 2740 68.
733 2689 781 2750 IV,

241 2755 300 2805 125.
320 2756 367 2816 ΙΙΙ,
388 2755 451 2818 102,
472 2773 551 2823 quam
571 2757 633 2807 inde
652 2757 699 2806 alii
717 2774 783 2822 quo·

240 2840 292 2889 que
319 2827 464 2890 scriptores
487 2827 618 2878 imitando
645 2843 783 2892 expresse·

239 2899 312 2944 runt.
343 2895 405 2947 Vid.
424 2895 502 2962 plura
520 2898 555 2947 ad
567 2897 706 2948 Plutarchi
721 2899 783 2948 Phi-

238 2963 355 3029 lopoem.
375 2967 418 3018 10.
438 2983 502 3032 pag.
519 2969 563 3018 41.
581 2999 616 3007 -
640 2969 782 3018 Caeterum

239 3034 321 3084 facile
345 3035 373 3084 in
398 3037 439 3085 his
467 3053 616 3100 cognoscas
643 3037 783 3087 celeberri-

239 3119 309 3153 mam
329 3104 363 3154 de
383 3106 508 3155 Busiride
525 3107 658 3168 tabulam,
676 3108 722 3172 qui
733 3108 782 3156 Aa·

239 3175 317 3238 gypti
335 3174 396 3223 olim
421 3191 467 3225 rex
487 3191 519 3225 ex
539 3176 649 3227 oraculo
668 3182 781 3242 quotan-

239 3243 281 3290 nis
307 3245 477 3308 peregriunm
500 3246 536 3296 ad
555 3247 705 3310 Aegyptias
728 3253 782 3296 tor·

239 3327 284 3361 raa
301 3312 418 3363 delatum
437 3321 557 3367 mactare
571 3316 667 3366 solitus
688 3317 780 3367 inerit.

240 3383 292 3443 Qui
320 3382 391 3432 idem
416 3385 560 3436 Herculem
588 3385 720 3436 advenam
747 3387 781 3436 ad

240 3451 327 3502 altare
362 3468 421 3502 eum
459 3455 522 3505 duci
556 3456 695 3518 iussisset,
737 3456 781 3507 ille

240 3521 413 3585 compedibus
437 3523 532 3574 tractis
558 3541 588 3576 so
613 3527 728 3576 solvisse
749 3542 781 3576 ac

239 3591 357 3641 Busirim
388 3593 498 3657 eiusque
528 3593 612 3644 filium
638 3596 781 3660 Amphida-

239 3666 358 3711 mantem
376 3669 403 3712 et
419 3663 546 3714 Clralbem
565 3679 725 3729 praeconem
742 3667 781 3715 in-

240 3731 379 3780 teremisse
404 3733 530 3784 traditur.
574 3735 651 3795 Quae
674 3736 780 3800 quidem

239 3801 267 3849 in
287 3801 427 3850 Graeciam
447 3803 508 3852 dein
526 3804 660 3854 translata
684 3806 728 3854 vel
746 3806 780 3856 ab

240 3868 390 3920 artificibus
404 3871 438 3920 ad
452 3871 589 3922 oculorum
606 3889 714 3924 sensum
727 3881 782 3924 tra-

240 3939 322 3988 ducta
346 3940 372 3988 in
391 3955 517 3991 rasorum
542 3943 656 4007 picturis
675 3959 780 4009 reprae-

239 4013 395 4067 sentantur,
422 4012 494 4060 coni.
514 4013 657 4064 Peintures
677 4014 710 4064 de
728 4017 780 4064 Va·

239 4091 283 4126 ses
296 4093 373 4140 greca
388 4079 596 4147 parMillingen.
612 4085 688 4133 Rom.
704 4083 779 4135 1813.

239 4161 280 4194 ΙΙΙ.
292 4147 422 4197 XXVIII.
440 4150 497 4199 Nee
508 4151 606 4202 dosunt
618 4153 688 4202 aliae
699 4153 781 4204 Grae-

239 4231 329 4264 corum
344 4217 453 4267 tabulae
465 4219 575 4282 similes,
594 4221 628 4271 ad
643 4221 717 4271 illam
731 4224 781 4273 Ao-

238 4285 360 4349 gyptiam
391 4287 537 4352 confictae,
575 4307 643 4354 quae
673 4292 780 4342 minime

237 4353 274 4404 ad
296 4355 454 4418 Graeciam,
481 4363 512 4406 ut
539 4359 570 4411 C.
596 4359 628 4409 Ο.
650 4361 780 4412 Muellero

868 2126 953 2196 χωρὶς
983 2120 1045 2178 ὑσὶν
1077 2127 1125 2180 aul
1151 2121 1273 2194 ἐρσένων
1299 2127 1377 2197 βοῶν

834 2215 902 2250 aar.
923 2197 959 2264 Ι]
983 2200 1112 2264 Aegyptii
1135 2215 1194 2250 cum
1212 2215 1275 2250 sues
1301 2215 1377 2250 arer-

834 2271 887 2320 sati
899 2269 962 2330 sint,
977 2283 1044 2334 quas
1062 2284 1115 2318 uno
1126 2275 1232 2318 tantum
1249 2269 1292 2319 die
1305 2269 1376 2321 festo

834 2341 928 2390 Lunae
946 2339 1118 2402 mactabant,
1137 2344 1168 2389 ut
1185 2339 1285 2388 Noster
1303 2357 1377 2391 asse-

833 2411 869 2459 rit
891 2407 963 2458 inira
983 2409 1025 2468 ΙΙ,
1045 2409 1094 2468 ti,
1118 2408 1217 2473 aliique
1238 2413 1377 2461 testantur

834 2479 990 2558 scriptores,
1002 2445 1106 2527 rdavuit
1117 2477 1313 2529 Valckenarius
1327 2497 1375 2545 pro

832 2540 894 2598 ὑοΙν
913 2548 1026 2597 rescribi
1045 2537 1130 2612 ὀίων,
1156 2553 1185 2598 ut
1203 2563 1262 2599 caea
1278 2549 1376 2599 iutelli-

833 2621 934 2682 gantur
945 2633 1013 2668 auur:
1026 2616 1097 2667 loeo.
1123 2585 1202 2680 ’Quod
1212 2633 1273 2668 cum
1284 2619 1375 2670 Sebel-

831 2687 1026 2739 lershemianus
1050 2687 1117 2736 liber
1140 2689 1315 2752 comprobare
1335 2690 1376 2738 ri·
1412 2715 1416 2724 ·

833 2759 942 2810 deretur
959 2757 1088 2807 exbibens
1108 2754 1191 2820 σίων,
1216 2763 1373 2822 receperunt

833 2827 985 2893 Schweigb.
1011 2831 1092 2891 atque
1116 2827 1254 2878 Gaisiord.
1276 2843 1308 2878 ac
1333 2841 1372 2876 re-

832 2903 917 2949 eentt.
936 2912 1042 2963 quoque
1058 2896 1190 2958 editores,
1215 2914 1264 2948 nos
1283 2913 1299 2947 a
1316 2895 1373 2948 vul-

834 2973 899 3031 gatu
918 2973 991 3017 stare
1008 2966 1164 3028 maluimus,
1187 2969 1231 3016 eui
1255 2968 1322 3018 satis
1341 2983 1373 3017 ea
1394 2999 1401 3010 ·

833 3040 894 3102 ipsa
913 3035 1079 3101 patrocinari
1097 3038 1195 3086 statuit
1212 3037 1373 3100 Larcberus,

833 3123 902 3173 quae
923 3107 967 3168 ΙΙ,
986 3107 1019 3155 47
1040 3111 1233 3157 momorantur.
1268 3109 1310 3156 De
1327 3107 1374 3158 bo-

831 3179 882 3227 bus
895 3177 929 3226 ad
942 3173 1105 3226 sacrificium
1116 3175 1246 3225 adhibitis
1262 3177 1317 3227 vid.
1330 3193 1373 3226 sn·

832 3261 881 3312 pra
898 3247 943 3308 11,
968 3247 1001 3296 38
1019 3260 1075 3311 seq.
1108 3243 1204 3310 χηνῶν
1225 3261 1273 3310 pro
1298 3248 1373 3312 vulg.

831 3313 1164 3436 titillalltttlllt
1182 3317 1372 3438 titul:

833 3457 938 3521 scripsi.
984 3455 1026 3506 Cf.
1045 3455 1162 3506 Bredas.
1190 3471 1216 3519 p.
1235 3455 1296 3506 233.
1333 3459 1374 3508 De

833 3525 975 3577 anseribus
994 3526 1030 3576 ei.
1050 3530 1118 3576 nott.
1139 3525 1173 3575 ad
1192 3526 1230 3584 ΙΙ,
1249 3525 1293 3576 31.

867 3593 923 3652 κως
950 3583 986 3643 niv
1010 3581 1090 3644 οὗτοι
1118 3585 1296 3658 ἀνθρώπους
1318 3589 1373 3644 ol-

833 3665 904 3729 esar]
935 3664 1067 3715 Herodoti
1095 3665 1202 3729 quidem
1224 3669 1317 3714 aetate
1338 3666 1373 3714 ab

831 3735 974 3800 Aegyptiis
988 3735 1097 3784 minime
1108 3735 1229 3785 homines
1247 3751 1306 3785 esso
1319 3749 1374 3783 ma-

831 3811 921 3856 ctatos
939 3817 1085 3868 sanequam
1101 3803 1241 3854 credamus
1254 3804 1318 3854 licet
1335 3805 1374 3852 bi·
1480 3839 1488 3850 .

831 3875 932 3926 ateriae
950 3875 1036 3937 patri,
1056 3889 1116 3923 eum
1133 3875 1188 3923 iana
1201 3879 1283 3924 antea
1294 3876 1374 3923 Ama-

831 3946 869 3994 sis
886 3959 933 3993 rex
946 3944 1063 3992 humana
1072 3943 1207 3994 sacrificia
1224 3959 1273 4008 par
1284 3945 1372 4006 Aepy-

830 4019 904 4078 pturu
917 4013 1077 4078 quibusdam
1096 4014 1123 4062 in
1134 4013 1201 4063 loeis
1218 4013 1275 4062 fieri
1291 4013 1372 4062 solita

831 4083 985 4144 sustulerit,
1005 4088 1031 4132 et
1047 4083 1155 4133 omnino
1168 4079 1311 4132 Persarum
1329 4099 1373 4131 oc-

831 4154 974 4217 cupatione
1003 4153 1031 4200 in
1058 4153 1133 4202 hisee
1156 4152 1241 4202 multa
1268 4156 1373 4200 mutata

831 4223 916 4272 irrisae
928 4237 1055 4286 perquam
1069 4221 1117 4271 fiat
1134 4221 1272 4271 credibile.
1300 4221 1372 4269 Olim

831 4295 900 4342 euim
924 4309 970 4356 per
986 4294 1138 4356 tcgyptum
1161 4306 1267 4356 quoque
1289 4290 1373 4339 lrorni-

831 4377 879 4411 nes
897 4363 926 4412 in
944 4363 1029 4412 saeris
1047 4367 1181 4411 nraetatos
1200 4359 1360 4425 adeoque
1335 4377 1373 4408 vr-
