3086 4952
220 259 282 324 264
651 247 921 316 HERODOTI

221 432 376 518 εσκεόαζε
405 428 449 512 ὡς
476 429 651 519 δεξόμενος
676 433 744 498 τῶν
766 425 927 516 Περσέων
947 420 1007 493 τὸν
1027 418 1184 510 στρατόν,
1209 419 1291 512 πρός
1313 423 1351 493 δὲ

220 551 302 664 ρίνῳ
324 563 360 608 τε
380 537 436 606 καὶ
457 541 590 605 σιτίοισι
612 529 655 612 ὡς
677 528 978 620 ἐπιτηδεοτάτοισι.
1015 523 1245 656 ἀπικομένους
1259 526 1350 596 di
1310 555 1350 616 τη

220 639 379 730 ὑστεραίῃ
393 637 470 720 τούς
484 641 616 764 Πέρσας
629 642 830 715 κατακλίνας
845 635 878 713 ές
891 635 1037 721 λειμῶνα
1058 627 1192 718 εόοίχεε.
1228 633 1349 700 ἐπείτε

221 743 298 817 δέ’
280 742 345 814 απὸ
366 734 546 814 δείπνου
528 763 630 832 ησαν,
659 739 765 828 είρετό
793 759 898 826 σφεας
919 731 937 804 6
957 739 1085 824 Κῦρος,
1111 733 1230 822 κότερα
1251 732 1292 804 τὰ
1310 741 1350 826 τῇ

220 855 401 939 προτεραίῃ
422 847 528 934 εἶχον,
553 841 573 932 ἢ
600 842 640 913 ui
660 841 826 970 παρεόντα
848 861 909 928 σφι
936 849 991 964 εἴη
1008 837 1219 928 αίρετοότερα.
1259 844 1292 908 ci
1311 839 1348 908 δὲ

221 961 368 1042 ἔφασαν,
389 947 513 1020 πολλὸν
536 945 678 1018 εἶναι’
637 953 750 1017 αυτῶν
763 944 801 1016 τό
814 946 925 1033 μέσον.
955 940 1017 1032 τὴν
1030 940 1144 1031 μέν
1105 969 1169 1030 γαρ
1184 944 1350 1032 προτέρην

220 1053 348 1147 ἡμέρην
362 1053 469 1124 πάντα
484 1073 545 1140 σφι
565 1049 650 1121 κακὰ
669 1057 775 1140 ἔχειν,
801 1047 863 1137 τὴν
883 1045 975 1116 δέ’
940 1073 1013 1117 ποτε
1035 1051 1226 1133 παρεοῦσαν
1242 1046 1351 1116 πάντα

221 1157 347 1285 όμαθοί.
388 1153 603 1246 Παραλαβὼν
626 1155 663 1224 δὲ
685 1159 783 1224 τοῦτο
802 1151 839 1222 τὸ
860 1146 976 1230 ἔπος
961 1179 979 1220 ο
1002 1154 1111 1238 Κῦρος
1133 1148 1350 1274 παρεγύμνου

221 1260 281 1332 τόν
301 1259 409 1330 ποντα
431 1259 549 1348 λόγον,
577 1261 700 1346 λέγων·
726 1256 866 1346 ’Ἄνδρες
886 1256 1032 1343 Πέρσαι,
1060 1249 1148 1322 οὕτω
1168 1248 1250 1342 ὑμῖν
1272 1260 1349 1341 ἔχει.

221 1367 455 1455 βουλομένοισι
469 1363 530 1452 μέν
545 1365 620 1452 έμέο
634 1368 833 1444 πείθεσθαι,
855 1365 924 1428 ἔστι
937 1357 1017 1427 τόδε
1031 1384 1066 1426 τε
1082 1360 1136 1426 καὶ
1151 1355 1235 1426 ἄλλα
1249 1365 1352 1447 μυρίοι

222 1467 351 1557 ἀγαθόν,
372 1465 496 1538 οὐδένα
517 1465 622 1536 πόνον
644 1465 874 1554 δουλοπρεπέα
896 1468 1024 1550 ἔχουσι·
1053 1458 1097 1550 μὴ
1119 1464 1351 1550 βουλομεύοισι

223 1573 260 1642 δέ
282 1574 357 1660 ἐμέο
377 1578 574 1656 πείθεσθαι,
611 1569 675 1638 ciui
701 1564 784 1658 ὑμῖν
809 1566 905 1636 πόνοι
926 1571 971 1659 τῷ
999 1572 1101 1659 χθιζῷ
1128 1563 1352 1654 παραπλήσιοι

221 1673 455 1763 ἀναρίθμητοι.
500 1678 565 1742 νῦν
586 1663 634 1742 ὧν
658 1675 733 1762 έμέο
760 1669 973 1758 πειθόμενοι,
1000 1675 1138 1756 γίνεσθε
1168 1668 1351 1756 ἐλεύθεροι.

222 1775 323 1858 αὐτός
341 1805 376 1846 τε
399 1774 463 1866 γὰρ
491 1778 596 1846 δοκέω
618 1783 696 1866 θείη
718 1774 801 1865 τύχη
822 1771 970 1862 γεγονώς
989 1774 1068 1841 τάδε
1090 1775 1123 1852 ές
1144 1790 1254 1861 χεῖρας
1274 1771 1352 1860 ἄγε-

223 1959 308 2026 μενος
331 1941 389 1993 τῶν
409 1939 542 2007 Περσέων
567 1936 618 1994 τὸν
635 1935 764 2010 στρατόν]
817 1941 917 2004 BasiL,
937 1941 971 1991 ad
988 1957 1067 2006 quem
1081 1941 1170 1992 locum
1188 1941 1266 2006 plura
1279 1941 1356 1991 dabit

224 2007 309 2065 θόειν
333 2013 377 2063 1ιὶο
400 2012 560 2077 simpliciter
584 2019 626 2064 cst
644 2023 764 2078 mactare,
817 1979 966 2062 (Ποντόνοε
980 2011 1107 2078 (Annott.
1122 2012 1154 2060 T.
1169 2011 1221 2061 111.
1241 2028 1268 2076 p.
1283 2011 1355 2076 107).

224 2089 252 2136 et
274 2087 390 2160 spectat
403 2082 438 2130 ad
456 2083 540 2131 verba
562 2084 764 2134 antecedentia.
853 2079 1125 2146 βουλομένοισιν
1073 2075 1125 2142 μὲν
1154 2071 1231 2141 έμέο
1258 2079 1356 2130 πείθε-

224 2145 258 2232 τό
274 2167 302 2202 τε
321 2142 437 2200 αἰπόλια
455 2143 549 2198 καλ
520 2165 568 2206 τας
578 2152 702 2215 ποίμνας
719 2149 766 2202 καὶ
818 2149 899 2216 σθαι]
919 2151 1015 2202 Rarior
1028 2150 1103 2200 verbi
1116 2149 1273 2200 weldradus
1286 2156 1356 2200 stru-

224 2216 258 2272 τὰ
276 2212 412 2287 βουκόλια
431 2217 462 2283 (i.
481 2235 503 2269 e.
522 2235 670 2282 caprarum,
688 2228 766 2274 υυὶαοι
817 2227 895 2272 utura
917 2237 977 2270 cum
995 2221 1117 2284 genitivo
1139 2220 1199 2271 loco
1218 2221 1305 2270 dativi
1322 2236 1356 2270 nc

224 2299 250 2342 ct
267 2291 337 2340 δοαια
353 2288 466 2354 proper).
489 2259 710 2350 παρασκενᾶζειν
724 2297 766 2343 est
817 2307 896 2356 quem
915 2290 1042 2340 offendat.
1078 2291 1207 2340 Laudant
1230 2291 1299 2339 enim
1319 2290 1355 2337 si

221 2375 330 2426 parcre,
348 2361 473 2409 instrucre
485 2359 582 2421 epulae
595 2359 692 2421 quibus
703 2362 766 2411 Per
817 2362 892 2411 milia
911 2365 1032 2410 anostra
1050 2361 1181 2424 scriptore
1197 2361 1230 2420 V,
1247 2359 1290 2409 211.
1311 2359 1354 2408 33.

225 2445 315 2481 aarum
339 2427 487 2478 exercitum
516 2433 678 2490 excepturus
709 2436 767 2479 orat
817 2431 870 2492 VI,
891 2431 931 2480 12.
956 2431 1052 2495 Thucy
1054 2430 1080 2480 d.
1094 2429 1161 2488 VII,
1175 2427 1217 2478 73.
1244 2427 1354 2492 Soymni

225 2501 322 2580 Cyrus.
362 2499 423 2547 Ηοο
447 2497 517 2546 enim
541 2496 594 2545 sibi
615 2495 722 2546 vuith.
746 2497 766 2551 1.
818 2469 878 2550 Chii
902 2501 1009 2580 Periog.
1035 2448 1080 2550 61.
1126 2467 1166 2548 Ad
1189 2501 1353 2547 structuram

225 2564 376 2633 δέχεσθαι,
401 2566 494 2616 eodem
511 2565 590 2614 modo
608 2566 641 2615 da
657 2565 768 2647 hospiti·
818 2570 893 2619 vorbi
915 2559 1032 2618 όικοόειν
1059 2573 1086 2619 et
1109 2567 1237 2618 similium
1262 2565 1355 2618 rotulit

225 2639 276 2688 bus
294 2651 379 2687 coena
396 2635 470 2686 laute
485 2636 620 2684 instructa
635 2635 769 2700 excipien-
818 2635 945 2688 Knehuor
962 2640 1009 2690 Gr.
1028 2639 1075 2690 Gr.
1095 2641 1120 2702 5.
1135 2638 1195 2688 528.
1218 2642 1276 2688 not.
1292 2641 1319 2686 4.

226 2705 483 2766 disadhibitan,
498 2705 540 2755 18.
552 2705 615 2766 Vll,
629 2703 688 2756 119.
714 2706 769 2754 Da·
854 2702 944 2754 δοκέω
978 2706 1060 2773 θείῃ
1096 2698 1183 2771 τόχη
1219 2698 1355 2772 γεγονός]

225 2776 276 2826 tivi
293 2775 338 2840 qui
358 2779 506 2851 sequuntur
524 2769 594 2841 οἴνῳ
611 2777 639 2823 et
656 2773 768 2822 σιτίοισι
820 2772 888 2839 θείῃ
911 2765 981 2841 τόχῃ
1002 2782 1044 2827 ost
1065 2775 1182 2827 formula
1199 2793 1253 2827 non
1277 2776 1357 2826 vaide

225 2846 361 2912 pertinent
380 2845 415 2894 ad
432 2823 593 2908 δεξόμενος.
625 2843 694 2893 Nam
712 2849 769 2893 ium
820 2844 912 2922 dispar
928 2845 963 2893 ab
980 2861 1024 2905 ea,
1048 2847 1165 2910 quaoI,
1189 2846 1236 2898 111
1256 2846 1356 2910 legitur

225 2915 359 2981 pecudum
384 2918 565 2964 mactatarum
588 2928 682 2974 carne,
712 2917 769 2963 tum
819 2904 890 2961 κατὰ
908 2881 1040 2976 δαίμονδ,
1055 2921 1083 2964 at
1096 2916 1130 2965 ab
1145 2915 1205 2966 aina
1218 2916 1298 2967 horus
1312 2933 1357 2981 ge

225 2987 289 3035 vino
307 3001 340 3034 ac
363 2999 433 3048 pane
450 2983 579 3034 Persas'
572 2999 599 3032 ra
618 2982 705 3048 epulis
725 2998 769 3032 ex
819 2982 905 3043 neris,
930 2998 998 3046 quae
1016 2985 1117 3034 excitat
1133 2986 1297 3037 Valckenar.
1322 2985 1356 3062 ad

226 3059 353 3118 capturus
377 3058 436 3104 erat
458 3053 554 3117 Cyrus.
596 3053 660 3103 Mox
684 3067 768 3101 κατα-
818 3019 921 3102 Ηοτοδ.
940 3051 994 3114 ΙΙΙ,
1015 3052 1077 3115 153,
1096 3045 1167 3102 κατὰ
1184 3047 1268 3116 θεὸν,
1287 3046 1358 3104 κατὰ

225 3121 324 3180 κλίνας
342 3127 396 3172 est:
415 3139 468 3171 cum
484 3120 626 3172 recumbere
643 3125 766 3174 iussisset.
818 3113 908 3186 τόχην
932 3136 957 3169 κ.
978 3135 1001 3168 τ.
1021 3119 1044 3168 λ.
1086 3122 1208 3187 Namque
1230 3141 1263 3174 ex
1285 3130 1357 3174 vete-

226 3222 261 3231 -
281 3191 313 3240 In
331 3206 405 3255 seqq.
425 3181 482 3240 ἀπὸ
501 3188 622 3238 δείπνου
641 3183 728 3253 εἶναι,
751 3208 768 3240 α
818 3207 878 3241 rum
896 3190 1044 3250 sententia,
1063 3195 1093 3240 ut
1113 3191 1152 3240 art
1161 3191 1357 3244 Valckenarius

225 3275 304 3311 υοεαα
323 3259 466 3320 discedere,
490 3275 567 3308 coeno
589 3267 668 3309 sumta
686 3259 767 3318 chire,
819 3261 837 3311 1.
862 3259 880 3309 l.
890 3259 1055 3325 p,rovidae
1079 3261 1122 3310 dei
1142 3275 1223 3310 curae
1248 3264 1358 3314 suberat

227 3330 294 3380 satis
310 3333 413 3380 notum
439 3328 482 3378 cf.
497 3327 581 3378 allata
599 3328 633 3378 ad
646 3329 693 3392 VI
707 3330 766 3380 129.
820 3297 918 3391 atiani,
949 3345 1019 3407 quas
1047 3329 1113 3380 Fors
1136 3329 1276 3380 dicebatur
1300 3333 1357 3382 sive

226 3401 291 3449 Mox
315 3397 426 3448 verbum
448 3395 492 3461 είη
519 3398 580 3448 eiioi
601 3398 661 3448 vuli
684 3401 769 3449 Βουυ-
821 3366 1051 3462 Ποι·1αόα,τιχη
1089 3398 1167 3448 Coni.
1189 3399 1291 3450 Herod.
1310 3401 1357 3464 1v,

227 3467 323 3520 dict.
315 3484 343 3517 m
365 3469 438 3518 Actt.
463 3482 529 3519 scm.
553 3484 609 3534 reg.
633 3469 708 3534 Lips.
727 3469 767 3519 11.
820 3469 845 3519 8.
863 3469 897 3530 V,
911 3467 954 3517 62.
974 3465 1037 3530 §.3,
1057 3468 1227 3518 otLiviumI
1229 3439 1359 3530 ,41Ιον1ό

226 3555 253 3603 p.
267 3538 327 3600 283,
346 3553 406 3588 cum
423 3537 527 3588 librarii
543 3539 580 3587 ait
601 3537 769 3588 additamen-
820 3537 927 3604 quadam
954 3537 1095 3602 diuiarfftus)
1125 3538 1172 3586 ubi
1197 3506 1254 3589 vid.
1279 3539 1303 3588 1.
1325 3539 1357 3588 F.

226 3614 285 3658 tura
312 3623 346 3658 cx
367 3607 501 3658 vocabulo
531 3607 705 3658 antecedenti
728 3623 769 3658 or·
820 3605 1052 3659 Gronovium.-
1087 3607 1177 3656 Verba
1202 3607 1356 3672 sequentia.

226 3683 292 3728 tum.
328 3677 460 3742 Equidem
485 3691 544 3727 cum
572 3677 682 3742 reliquis
706 3677 766 3728 cdd.
818 3668 885 3725 τόδε
910 3665 937 3732 ές
963 3677 1059 3739 χειρας
1077 3665 1200 3739 ἄγεσθαι
1217 3681 1309 3726 rorte:
1332 3683 1359 3724 ut

226 3745 394 3797 retinendum
414 3746 488 3796 duxi.
817 3745 879 3796 daco
903 3745 1042 3809 αρηνιιίίαν
1061 3752 1137 3811 atquc
1158 3748 1305 3808 suscipiam,
1334 3762 1357 3795 s.

261 3806 368 3864 πολλὸν
387 3807 460 3864 εἶναι
483 3805 646 3864 αὐτῶντὸ
668 3810 767 3879 μέσον]
818 3815 905 3880 magis
925 3813 959 3863 ad
977 3813 1102 3864 verbum:
1121 3823 1148 3864 ut
1157 3815 1246 3865 doec
1237 3833 1261 3866 m
1275 3831 1360 3864 mauras

227 3886 387 3934 ιειααίαοα
396 3886 464 3934 οιτον
473 3887 518 3934 ilia
530 3884 611 3949 (quae
622 3883 675 3932 ilisa
687 3883 765 3933 modo
817 3900 885 3934 rucco
907 3883 1043 3946 obducam,
1069 3884 1087 3932 i.
1112 3901 1136 3934 e.
1160 3887 1185 3933 in
1210 3893 1359 3947 potestatem

226 3953 366 4018 proposita
376 3958 462 4014 erant
472 3953 559 4003 mter
552 3969 671 4016 rnopram
683 3958 711 4004 et
720 3953 766 4002 bo
817 3970 893 4004 meam
911 3952 1027 4016 redipcrc
1044 3968 1129 4006 coner.
1156 3953 1298 4003 invenitur
1316 3969 1359 4003 ea-

227 4037 322 4073 norum
346 4021 524 4087 affluentiam)
552 4027 683 4075 interesse.
722 4021 764 4072 cf.
818 4023 877 4073 dom
896 4021 978 4071 dictio
996 4023 1045 4082 IV,
1065 4022 1108 4074 70.
1136 4023 1203 4080 VII,
1226 4024 1252 4073 8.

226 4091 275 4153 IX,
288 4089 323 4140 82
335 4090 428 4168 rbrque
440 4095 510 4140 nott
539 4091 571 4140 Iu
583 4107 658 4156 seqq
675 4105 765 4154 παρα·
852 4082 937 4140 μαλ’
923 4089 1011 4148 υνέας
1037 4107 1164 4157 ηγημαι
1196 4083 1304 4156 ἄνδρας
1331 4107 1356 4140 κ.

227 4156 355 4223 γυμνοῦν
379 4151 440 4222 (τὸν
463 4151 561 4240 λόγον)
590 4166 631 4210 cst
658 4161 764 4222 nudare,
818 4177 840 4210 τ.
865 4159 902 4226 a]
931 4155 1064 4225 ηνημαι
1089 4162 1238 4226 perfectum
1265 4159 1358 4210 codem

224 4229 391 4293 patefacere,
418 4230 538 4290 aperire:
569 4229 605 4280 ο1.
632 4231 765 4280 Herodot.
817 4229 910 4291 modo,
932 4231 1031 4310 quoI,
1042 4232 1074 4312 4,
1094 4232 1141 4280 ubi
1160 4231 1216 4282 vid.
1233 4234 1303 4279 nott.
1322 4259 1358 4268 —

227 4296 700 4368 v111,1sot1>10t1nump16213
721 4300 762 4354 od.
816 4267 1357 4370 ΓοειυόΙαιυωςτόνχοντωνυδείηνατ
