3086 4952
636 307 760 370 uuio.
783 309 809 368 I.
833 315 893 372 10⁶.
1272 305 1333 370 233

191 481 323 572 θήλεαν
346 486 488 568 νούσου,
514 479 599 553 ὥστε
623 479 690 571 ἅμα
715 485 853 571 λέγουσί
874 509 911 552 τε
934 485 970 552 oi
990 481 1128 553 Σκύθαι
1152 480 1208 553 διὰ
1232 483 1331 556 τοῦτό

191 607 297 674 σφεας
320 588 467 672 νοσέειν,
493 589 549 656 καὶ
576 583 660 678 ὁρᾶν
681 584 764 677 παρ’
793 589 945 658 ἑωυτοῖσι
966 584 1044 668 τούς
1064 583 1332 677 ἀπικνεομένους

192 693 225 771 ἐς
241 688 302 780 τὴν
313 688 495 778 Σκυθικὴν
510 690 624 783 χώρην
639 685 683 772 ὥς
702 693 889 778 διακέαται,
906 688 984 774 ’τούς
1002 694 1158 762 καλέουσι
1173 690 1331 784 Ἐνάρεας
1348 761 1353 770 ,

189 799 224 864 οἱ
247 793 394 865 Σκύθαι.
442 790 514 864 Ἐπὶ
539 798 602 885 μέν
627 823 693 866 νυν
717 792 804 866 onte&
830 795 1015 866 uuistuom
1041 802 1115 866 ἔτεα
1139 787 1243 887 ἦρχον
1270 804 1398 888 triplo&

185 895 296 988 Ἀσίης
314 903 348 968 οἱ
363 899 516 984 Σκύθαι,
542 902 598 970 καὶ
620 897 659 970 τοὶ
680 899 788 970 πάντα
807 921 868 989 σφι
888 895 956 970 ύιεύ
979 925 1015 970 τε
1037 897 1153 990 ὕβριος
1178 903 1234 972 καὶ
1255 899 1325 973 ὀλι-

188 1104 338 1167 „Nostrum
370 1107 508 1153 auctorem
539 1104 629 1156 verbis
657 1097 734 1170 νόσῳ
785 1104 845 1156 looo
864 1101 1039 1166 cogitandum
1057 1102 1102 1152 sit.
1138 1103 1175 1154 At
1187 1121 1281 1157 vereor
1298 1112 1329 1157 ut

187 1170 294 1240 θηίείςι
326 1189 420 1223 verum
461 1173 581 1225 indicare
614 1175 734 1227 voluisse
785 1175 837 1226 hoo
857 1171 983 1236 cuiquam
997 1173 1173 1236 persuaserit.
1210 1177 1330 1228 DoGal·

187 1242 324 1305 morbum,
352 1244 399 1309 qui
420 1242 486 1293 viris
506 1259 597 1294 omnes
620 1245 734 1296 virilita-
784 1245 818 1295 lis
837 1241 978 1304 castratis,
998 1242 1044 1306 qui
1061 1245 1189 1308 tanquam
1201 1245 1327 1296 mulieres

187 1315 224 1364 tie
240 1318 321 1364 notas
340 1313 380 1363 ita
399 1313 517 1375 adimat,
536 1318 566 1364 ut
579 1331 625 1366 eos
638 1315 672 1368 ad
687 1331 733 1379 ge·
784 1316 812 1366 in
830 1311 938 1378 templis
952 1326 982 1361 se
1000 1311 1129 1374 offerent,
1149 1315 1268 1379 corporis
1282 1332 1326 1366 co-

187 1383 336 1434 usraudum
355 1399 409 1434 non
427 1382 507 1434 modo
520 1383 654 1437 invalidos
673 1386 732 1436 rotl-
783 1386 855 1451 piam
886 1383 1033 1444 facientes,
1070 1383 1175 1448 cogitat
1205 1386 1326 1436 Movere:

187 1453 252 1516 dat,
276 1454 425 1504 sedetiam
445 1453 479 1504 ad
498 1453 635 1507 muliebris
654 1461 732 1506 natu·
782 1455 834 1506 Dio
855 1452 985 1504 Phoeniz.
1010 1451 1032 1501 1.
1056 1468 1083 1516 p.
1103 1452 1163 1504 635.
1193 1455 1245 1506 685
1268 1469 1326 1521 seq.

186 1539 234 1575 rae
256 1522 462 1574 similitudinem
490 1523 570 1587 plano
594 1527 729 1588 traducat,
782 1524 844 1576 Alia
856 1523 971 1588 deniqne
986 1521 1173 1573 dabitnittro:
1192 1523 1331 1576 Lesfflau·

186 1609 241 1645 nou
276 1591 392 1658 amplius
428 1594 456 1644 in
491 1593 601 1646 dubium
637 1596 731 1646 vocari
782 1610 844 1646 vres
863 1593 1058 1657 d'Hippoorete
1082 1594 1115 1644 Τ.
1136 1594 1173 1643 11.
1195 1611 1256 1662 pag.
1277 1597 1326 1648 xi.

186 1679 281 1730 posse,
304 1663 352 1714 sed
370 1663 405 1714 ad
422 1663 554 1729 liquidum
574 1667 731 1730 perductum
782 1680 857 1730 seqq.
877 1663 956 1741 eth.
978 1663 1027 1712 IV.
1047 1679 1074 1728 p.
1093 1663 1133 1714 IX
1149 1679 1225 1748 seqq.

188 1749 261 1794 esso,
281 1749 359 1797 spero
378 1739 461 1800 atque
479 1734 605 1785 confid0“
619 1735 657 1802 (p.
670 1733 729 1798 41)).
816 1733 886 1783 aiore
903 1747 963 1796 αμα
980 1727 1094 1796 λέγουσί
1113 1747 1142 1782 τε
1162 1747 1190 1784 οι
1209 1727 1328 1786 Σκύθαι

187 1807 265 1867 Quae
286 1804 482 1869 disputationis
508 1819 574 1855 suae
598 1811 676 1871 parto
694 1804 731 1856 al·
782 1797 831 1852 διὰ
853 1800 937 1851 τοῦτο
955 1817 981 1851 κ.
1002 1817 1025 1850 r.
1045 1799 1080 1867 1.]
1104 1803 1122 1852 i.
1149 1819 1173 1854 o.
1201 1807 1258 1868 „ito
1278 1807 1331 1871 qui·

186 1879 247 1924 tera
260 1874 385 1925 starkius
400 1873 472 1924 bend
486 1873 572 1925 minus
585 1877 665 1928 docte
678 1875 731 1926 dis·
782 1875 836 1924 dem
853 1879 881 1922 ut
898 1874 971 1922 etiam
979 1869 1089 1935 Scythae
1104 1873 1204 1937 ἀίοααι,
1223 1875 1254 1924 ab
1265 1875 1330 1926 Ιιαοο

187 1945 254 1995 serit
283 1944 316 1994 de
348 1948 449 1994 ustura
476 1945 621 2012 causisque
649 1947 730 1996 huius
781 1959 882 1994 cuasam
898 1941 983 1992 morbo
999 1941 1045 1991 boc
1064 1941 1184 1994 laborare
1210 1947 1279 2003 iilos,
1306 1953 1331 1996 et

187 2014 274 2064 morbi
292 2013 444 2076 muliebris,
464 2029 496 2064 ea
516 2030 576 2065 oum
594 2016 629 2066 ad
648 2017 730 2066 medi·
781 2015 852 2077 apud
868 2028 897 2063 re
912 2011 944 2061 ab
963 2010 1111 2062 adeuntium
1120 2011 1260 2076 Scytbicum
1276 2023 1329 2064 ter-

188 2099 283 2134 corum
308 2085 396 2146 potius
424 2085 544 2135 rationes
568 2087 730 2151 pertineant,
780 2101 835 2134 ram
855 2082 978 2146 conspici,
1010 2081 1129 2146 quomodo
1156 2081 1218 2149 (illi)
1243 2085 1330 2149 offecti

192 2167 275 2217 quem
304 2152 338 2202 ad
364 2155 449 2217 ipsum
473 2154 641 2208 Herodotum
671 2155 731 2207 iliu·
780 2158 844 2216 rr'ot‚
878 2167 940 2218 quor
962 2150 1082 2201 anreos
1104 2150 1214 2218 Scythae
1241 2156 1329 2218 appel-

193 2220 332 2271 straudum
350 2221 412 2288 (qua
430 2225 458 2274 iu
476 2239 505 2274 ro
522 2225 602 2276 nimis
620 2227 730 2292 longum
780 2221 863 2275 laat.“
907 2221 1010 2286 Scripsi
1041 2213 1187 2288 Ἐνάρεας,
1218 2223 1331 2276 iubente

192 2307 234 2341 me
247 2291 329 2342 fuisse
343 2293 455 2346 forsitan
465 2299 544 2345 erunt
555 2298 601 2361 qui
615 2297 729 2361 dicant),
780 2293 896 2346 Bredov.
921 2308 948 2356 p.
974 2293 1039 2355 224,
1061 2296 1092 2342 nt
1116 2293 1168 2355 1v,
1193 2292 1226 2343 67
1247 2286 1330 2344 Ἐνά-

191 2360 279 2412 mslim
292 2363 461 2428 apaulipsum
473 2363 541 2430 legi3
554 2381 616 2418 uem
632 2368 733 2432 optime
783 2377 852 2430 ρεες.
889 2361 984 2413 Lectio
1004 2363 1077 2428 ipsa,
1096 2367 1127 2413 ut
1145 2364 1173 2412 in
1192 2379 1246 2429 que
1264 2379 1332 2416 con-

189 2431 382 2484 conflrmautur
402 2433 464 2497 illa,
491 2449 561 2500 quae
591 2437 624 2488 de
647 2438 732 2503 signis
783 2437 888 2500 spirant
902 2432 973 2496 libri,
992 2432 1101 2483 minime
1118 2433 1258 2498 mutanda,
1277 2449 1327 2485 neo

187 2502 274 2554 morbi
298 2503 333 2553 ab
356 2504 537 2569 Hippocrate,
568 2507 629 2558 aliis
656 2523 733 2557 enar·
783 2505 823 2555 illi
841 2501 982 2566 audiendi,
1002 2503 1049 2568 qui
1071 2493 1229 2568 ἐναγέας,
1254 2505 1273 2555 ἰ,
1302 2521 1326 2555 ε.

187 2577 283 2624 rantur
305 2589 338 2623 ao
367 2575 402 2624 dc
430 2574 491 2638 ipsa
520 2577 607 2627 morbi
634 2573 744 2628 natura'
780 2573 1016 2639 piaculoobaoxior
1030 2587 1052 2623 a.
1065 2576 1253 2637 contumacior,
1271 2589 1329 2625 cor-

186 2647 354 2695 statuuntur.
385 2644 489 2696 Starkii
504 2648 733 2698 sententiamom-
783 2647 882 2711 rigant.
919 2643 1011 2694 Altero
1030 2642 1089 2693 loco
1108 2642 1264 2695 Herodotus
1280 2644 1328 2695 ad-

188 2713 281 2780 plexos
295 2729 354 2764 esse
366 2713 731 2781 videoHaeserumfflistor.
784 2716 823 2766 tiit
843 2706 873 2762 οἴ
895 2703 1085 2778 ἆνδρύγυνοις
1110 2714 1144 2764 ab
1162 2713 1331 2780 Hippocrate

187 2783 291 2850 patboi.
317 2783 482 2836 Untersucb.
509 2785 532 2836 I.
561 2801 588 2851 p.
614 2787 675 2852 187)
706 2794 734 2839 et
785 2785 804 2837 l.
823 2785 841 2835 l.
861 2782 942 2833 iidem
961 2783 1088 2834 dicuutur
1112 2774 1284 2848 ἄνανδριεῐς,
1310 2786 1329 2836 i.

188 2853 341 2915 sturbium,
360 2852 458 2916 filium,
476 2855 505 2904 in
522 2854 592 2910 libro
613 2857 735 2910 deGaaa
786 2872 810 2906 e.
826 2857 943 2916 caetrati,
969 2853 1102 2918 probante
1122 2853 1187 2903 Pott
1211 2854 1329 2918 Etymol.

188 2923 405 2990 supralaudato
431 2940 493 2990 pag.
518 2924 568 2976 31³
593 2942 650 2992 ssq.
694 2930 736 2979 De
785 2923 898 2976 Forscb.
918 2923 941 2972 1.
965 2938 993 2986 p.
1010 2921 1109 2972 XLIV.
1144 2921 1224 2972 Unda
1250 2923 1331 2974 inter·

190 2994 316 3045 morboso
340 2994 456 3060 quodam
486 2995 569 3045 animi
594 3001 669 3048 statu
693 3013 737 3049 co·
785 2998 875 3062 protes
889 3008 921 3042 eo
937 2991 1130 3055 confugerunt,
1152 2996 1184 3040 ut
1203 2983 1333 3056 Ἐνάρεες
1399 3055 1402 3060 Ι

190 3064 273 3128 uitari
290 3061 350 3114 vult
368 3064 524 3116 Friedreioh
543 3066 691 3128 (Analectt.
711 3085 734 3119 a.
786 3065 943 3130 Scytbicum
974 3061 1096 3112 dicerent
1123 3075 1181 3111 esso
1212 3063 1333 3114 vocabu·

190 3136 280 3186 Natur
314 3149 341 3184 u.
370 3133 533 3186 Heillruude.
565 3137 735 3204 wirceburg.
786 3135 856 3198 lum,
880 3132 951 3200 quod
970 3133 1074 3185 Graeco
1100 3145 1222 3182 sermone
1244 3133 1333 3185 reddi-

194 3204 273 3256 1831.
296 3219 337 3256 nr.
357 3203 404 3254 1v.
428 3220 454 3270 p.
477 3204 591 3270 28-33)
616 3208 740 3258 reiicieu·
789 3205 1059 3270 daritffippoorates.
1084 3201 1237 3268 Sedipsern
1250 3205 1333 3256 Grae-

195 3275 310 3338 ciamque
324 3289 385 3324 esse
399 3290 490 3325 eorum
501 3277 676 3338 senteutiam,
693 3279 739 3344 qui
790 3291 849 3328 caru
865 3291 925 3326 esse
947 3289 1041 3325 vocam
1065 3273 1181 3324 coniecit
1198 3275 1289 3326 Stark.
1313 3275 1332 3326 1.
1373 3292 1376 3300 ¹

195 3345 231 3396 ad
251 3343 426 3409 sipbilitidem
448 3345 506 3396 eive
523 3347 645 3397 morbum
661 3364 741 3399 voue-
788 3347 807 3397 1.
827 3359 891 3412 pag.
911 3346 958 3407 25,
978 3359 1048 3409 quae
1065 3343 1196 3408 originem
1216 3345 1334 3395 fortasse

195 3429 271 3466 reum
290 3414 361 3464 huno
377 3415 498 3465 morbum
517 3416 672 3468 muliebrem
686 3419 740 3468 Ho-
788 3417 882 3468 trahet
892 3415 926 3465 ab
938 3407 1159 3475 {volomrpoliom
1172 3407 1267 3478 ἔναρα,
1276 3430 1335 3477 spo·

195 3485 287 3536 rodoti
309 3483 459 3535 retulerint.
499 3485 533 3536 In
556 3488 668 3538 eandem
685 3503 741 3538 ma·
789 3491 840 3546 Ιία,
857 3486 973 3550 indeque
984 3485 1105 3534 virilitate
1117 3485 1239 3546 spoliator
1253 3483 1336 3550 signi·

196 3556 294 3606 teriam
311 3558 413 3619 postea'
424 3555 610 3620 copiosissime
629 3559 741 3623 inquisi-
789 3557 872 3608 ficare
890 3555 987 3621 possit.

197 3627 238 3676 rit
256 3624 430 3676 Rosenbaum
447 3625 476 3674 in
494 3625 575 3676 libro:
594 3629 647 3678 Die
660 3629 741 3678 Lust-

197 3693 297 3746 seucbe
318 3695 355 3744 im
378 3693 539 3746 Alterthum.
570 3695 644 3750 Hali.
666 3697 741 3750 1839.
985 3726 1041 3778 0st
1073 3725 1134 3776 CVI

197 3783 225 3831 p.
250 3764 296 3816 141
320 3779 410 3830 saqq.,
438 3765 486 3815 ubi
509 3766 601 3816 varias
623 3767 742 3818 virorum
1044 3762 1050 3776 '
1137 3762 1143 3776 '
1191 3801 1196 3812 ·

198 3837 340 3887 doctorum
362 3835 514 3886 sententias
538 3837 652 3901 protulit
674 3838 744 3902 ipss·
824 3825 890 3884 Ἐπὶ
901 3829 953 3899 μέν
965 3845 1018 3881 νον
1029 3819 1102 3880 darei
1114 3823 1162 3878 acti
1173 3822 1263 3908 εζκοσι
1275 3823 1337 3878 ἔτεα

198 3921 251 3972 que
268 3904 341 3955 hunc
358 3905 480 3956 morbum
496 3904 530 3955 ad
544 3907 743 3970 paedorastiam
793 3893 884 3970 ἦρχον
902 3901 953 3968 τῆς
972 3893 1063 3964 Ἀσίης
1086 3892 1116 3948 οἱ
1138 3896 1266 3964 Σκύθαι]
1290 3891 1337 3949 ἐπὶ

198 3973 307 4036 retulit,
325 3974 373 4024 ubi
391 3991 446 4026 nou
463 3979 519 4025 tarn
537 3979 644 4042 agentis
662 3993 742 4045 quem
794 3980 835 4026 est
856 3989 918 4038 per,
949 3970 1131 4036 temporisque
1157 3969 1337 4020 continuatio-

197 4045 328 4112 patientis
354 4049 444 4096 status
473 4046 643 4110 respiciatur.
691 4048 742 4098 Cui
793 4061 853 4096 nem
865 4043 978 4094 indicat.
1004 4039 1066 4092 Vid.
1081 4039 1203 4092 Fischer.
1217 4039 1337 4092 adWel-

198 4115 342 4166 oblocutus
355 4114 555 4166 estPaldamus
566 4118 607 4167 inc
626 4117 741 4170 Jahrbb.
793 4115 842 4167 lor.
862 4115 916 4176 111,
931 4114 957 4164 b.
977 4129 1004 4177 p.
1023 4112 1083 4162 244.
1102 4142 1137 4151 -
1155 4112 1197 4161 Ds
1216 4111 1277 4176 ipso
1296 4127 1337 4160 er-

196 4187 242 4236 stir
259 4183 358 4236 Philol.
381 4201 409 4236 u.
431 4185 551 4252 Paedag.
574 4186 635 4238 Vol.
654 4189 740 4240 XXX.
793 4189 921 4251 gumento
942 4180 1214 4242 ooni.Herodot.1,
1235 4179 1285 4231 130
1310 4185 1338 4232 et

198 4257 267 4306 taso.
290 4254 316 4307 3.
335 4271 362 4320 p.
382 4256 433 4308 322
452 4271 524 4320 seq..
554 4257 601 4322 qui
624 4258 682 4323 ipse
705 4257 741 4308 ad
792 4271 862 4322 quae
886 4254 924 4304 ibi
947 4256 1122 4306 annotentur.
1159 4248 1268 4302 Sufficit
1285 4248 1338 4302 boo

193 4325 371 4378 Valckenarii
410 4326 573 4376 seutentiam
610 4326 740 4378 accedere
791 4325 852 4376 loco
870 4339 979 4376 mouere
999 4322 1032 4372 de
1049 4321 1156 4374 iliorum
1173 4334 1271 4380 errore,
1291 4320 1338 4383 qui

193 4395 314 4459 mavult,
337 4410 392 4464 que
409 4396 443 4448 do
457 4395 671 4452 haemorrhoidie
687 4397 739 4456 boc
790 4396 819 4448 iu
844 4393 978 4452 Herodoti
1006 4392 1097 4444 verbis
1124 4389 1223 4443 menda
1251 4388 1337 4442 latere
