3032 4916
212 261 275 324 676

644 249 912 315 HERODO'I'I

213 437 330 528 ἄνεμοι
351 432 551 524 ἐκβάλλουσι
575 432 608 510 ἐς
636 427 673 498 τὸ
701 425 890 514 Αίγύπτιον
914 426 1073 511 πέλαγος·
1128 423 1291 490 ἐνθεῦτεν
1311 419 1351 488 δὲ

214 539 270 627 (οὐ
285 539 348 631 γὰρ
368 536 455 608 ἀνίει
469 533 509 605 τὰ
523 533 718 622 πνεύματα)
738 527 932 600 ἀπικνέεται
947 530 981 608 ἐς
1002 537 1193 613 Αἴγυπτον,
1215 526 1270 593 καὶ
1284 529 1349 592 Αί-

214 647 319 734 γύτον
335 647 367 725 ἐς
380 640 417 712 τὸ
431 646 496 710 νῦν
510 635 714 727 Κανωβικὸν
735 632 943 722 καλεύμενον
956 631 1060 720 στόμα
1075 633 1136 698 τοὺ
1150 635 1278 698 Νείλου
1293 629 1351 696 καὶ

216 754 249 830 ἐς
268 754 456 838 Ταριχηϊας.
491 734 534 832 ἦν
548 743 585 812 δὲ
603 744 658 812 ἐπὶ
672 747 729 830 τῆς
743 735 875 828 η’ίόνος,
889 732 908 804 ὃ
922 737 977 804 καὶ
993 739 1059 804 νῦν
1073 734 1159 820 ἐστὶ,
1170 728 1353 821 Ἡρακλέος

216 852 306 942 ίρόν·
343 853 375 930 ἐς
387 848 424 918 τὰ
438 842 481 937 ἢν
496 843 701 934 καταφυγών
714 846 842 930 οἰκέτης
857 836 985 910 breceio
997 836 1193 928 ἀνθρώπων
1214 835 1331 925 tusdri—
1346 851 1400 905 155

216 966 312 1046 ληται
335 961 496 1043 στίγματα
511 947 583 1041 cpi,
607 946 733 1019 ἑωυτὸν
749 943 865 1026 διδοὺς
880 949 926 1038 τῷ
945 947 1035 1037 θεῷ,
1058 938 1122 1011 οὐκ
1144 943 1249 1024 ἔξεστι
1268 939 1349 1009 τού-

216 1124 301 1174 trerio
326 1139 348 1175 s.
376 1139 409 1172 ex
431 1120 547 1172 adverso
578 1121 675 1170 flentes
698 1133 757 1168 cur-

216 1209 329 1258 sumque
343 1198 445 1243 rectum
462 1190 639 1256 impedientes
651 1188 758 1252 alioque

216 1267 379 1328 navigantes
405 1259 606 1326 compellentes.
654 1257 757 1310 Eodem

216 1333 318 1383 locutio
338 1331 410 1398 apud
427 1331 554 1382 deschiu.
573 1330 663 1395 Epist.
688 1328 711 1378 1.
728 1343 756 1392 p.

217 1403 277 1483 (259,
299 1404 345 1482 quj
370 1403 440 1452 idem
458 1401 547 1466 Epist.
565 1401 598 1450 X.
622 1413 686 1464 pag.
705 1397 757 1480 11114

217 1469 759 1605 liii‘didistidorilei

217 1626 292 1662 mure
322 1609 402 1674 illud,
439 1609 511 1674 quod
546 1609 700 1673 Aegyptum
731 1610 758 1657 et

216 1682 352 1746 utrimque
380 1680 486 1730 vicinas
514 1693 575 1728 ores
604 1677 696 1738 alluit,
727 1681 758 1726 ut

216 1750 339 1816 pluribus
363 1749 527 1800 monstravit
549 1746 757 1812 Weseelingius.

218 1821 298 1872 Geni.
321 1820 445 1884 inprimis
474 1819 601 1870 Strabon.
632 1817 670 1868 11.
692 1831 755 1882 pag.

219 1889 269 1940 182
292 1890 321 1940 G.
346 1891 371 1940 D
402 1890 461 1940 sive
482 1904 546 1954 psg.
572 1888 617 1938 121
643 1888 668 1938 D
693 1885 754 1936 coll.

216 1975 279 2025 μσς.
301 1960 350 2011 187
374 1974 398 2010 s.
424 1960 473 2010 125
496 1959 531 2008 D.
557 1985 593 1994 -—
616 1956 760 2007 Caeterum

216 2029 245 2078 in
263 2030 387 2080 oratione
404 2029 465 2094 ipse
482 2026 662 2078 animadverti
680 2027 760 2077 debet

216 2100 349 2150 transitus
379 2099 486 2150 subitus
509 2098 543 2148 ob
569 2095 702 2146 indirecta
725 2096 760 2146 ad

217 2168 348 2219 directum
367 2183 448 2234 quam
470 2171 571 2217 vocant
592 2167 759 2227 cretionem

216 2237 272 2287 vid.
289 2253 359 2303 quea
377 2237 468 2287 monui
492 2236 527 2286 ed
549 2235 689 2286 Plutarchi
712 2235 760 2285 Ar-

216 2312 322 2356 taxerx.
341 2322 400 2371 cup.
420 2308 436 2356 2
459 2307 487 2354 in
504 2305 631 2356 Creueeri
652 2303 759 2357 Melett.

216 2375 271 2427 ΙΙΙ.
289 2391 353 2441 pag.
374 2377 405 2426 12
424 2390 481 2440 seq.

252 2504 286 2562 οὐ
304 2504 357 2577 γὰρ
374 2504 449 2562 ἀνίει
466 2503 500 2560 τὰ
517 2501 675 2576 πνεύματα]
693 2512 712 2561 1.
733 2527 756 2563 e.

214 2581 594 2719 1121122111·
613 2580 757 2701 iiiiii

215 2727 257 2774 est
279 2737 395 2788 persono
417 2720 509 2786 tertia)
531 2720 646 2771 diximus
674 2720 708 2770 ad
733 2721 756 2784 1,

215 2793 246 2855 63
272 2792 379 2858 ellipsin
399 2791 482 2842 focile
504 2791 647 2856 suppleas,
676 2791 755 2841 modo

215 2863 361 2928 cogitando
380 2861 466 2918 addus
487 2861 529 2924 id,
554 2862 627 2926 quod
644 2876 676 2911 ex
696 2861 755 2926 ipso

215 2933 338 2984 subiecto
346 2937 435 2984 mente
445 2929 620 2996 repetendum
629 2935 681 2982 est.
711 2931 755 2981 Sic

214 3001 266 3052 boc
288 3003 348 3054 loco
367 3001 587 3067 Schweighaeua.
623 2999 755 3066 intelligit

215 3069 353 3136 πνέοντα,
387 3078 417 3123 ut
438 3073 495 3122 fere
525 3071 577 3134 IV,
604 3071 662 3120 152.
704 3071 756 3122 Ne

216 3155 267 3205 que
289 3142 340 3192 buc
362 3157 418 3191 non
441 3142 558 3206 pertinet
583 3140 620 3202 11,
647 3141 704 3203 121,
727 3142 754 3190 2.

215 3208 263 3272 1v‚
281 3210 324 3260 28.
347 3210 400 3272 111,
420 3211 471 3260 loe
489 3215 552 3272 etc„
573 3225 643 3275 quue
661 3211 689 3259 in
706 3211 756 3260 Le·

215 3279 276 3328 xico
303 3279 459 3330 Herodoteo
484 3279 598 3330 lundata
626 3280 756 3345 reperies.

216 3347 284 3398 Inde
309 3349 440 3412 cessandi,
469 3350 648 3400 intermittendi
670 3351 756 3412 notio,

215 3431 285 3482 quae
302 3417 365 3468 hnic
383 3419 466 3469 verbo
483 3417 673 3484 utplurimum
692 3435 757 3470 con·

214 3488 305 3550 venit,
325 3493 385 3538 orte
404 3494 446 3539 est
464 3505 496 3538 ex
517 3489 655 3553 primitive
673 3493 756 3540 remit-

213 3559 290 3620 tendi,
309 3559 447 3609 diuidendi
463 3559 671 3624 significatione.

249 3689 277 3756 ἐς
293 3691 325 3748 τὸ
350 3695 405 3747 νῦν
428 3689 636 3765 Κανωβικὸν
658 3689 757 3747 καλεύ-

213 3781 302 3832 μενον
321 3760 411 3832 στόμα
426 3764 478 3816 τοῦ
494 3765 611 3832 Νείλου]
626 3767 689 3818 vicl.
703 3769 756 3818 Ex-

214 3852 285 3888 curs.
294 3837 329 3888 ad
340 3837 377 3902 11,
391 3839 432 3888 17.
454 3832 611 3901 Ταριχηίας
622 3852 670 3901 pro
680 3837 754 3902 vulg.

216 3905 369 3972 Ταριχείας
381 3907 455 3957 edidi
471 3922 503 3956 ex
516 3907 563 3970 iis,
582 3921 652 3974 quoe
669 3907 704 3957 ad
716 3907 755 3970 ΙΙ,

216 3976 248 4026 15
272 3978 371 4027 monui.
421 3976 574 4039 Toriedeoe,
601 3991 670 4042 quoe
693 3993 755 4028 mox

213 4050 359 4108 vocentur,
376 4047 516 4110 Oenopione
533 4051 610 4110 sunt,
630 4047 755 4098 diversae

214 4127 231 4162 a
250 4113 405 4177 Pelusiacis,
434 4117 467 4168 de
488 4117 585 4183 quibus
608 4131 691 4182 supre
715 4117 752 4179 11,

215 4183 257 4232 15.
293 4183 372 4234 Nunc
390 4183 449 4236 loco
466 4201 563 4236 nornen
582 4186 687 4238 Medea.
708 4187 753 4237 Sic

808 1105 895 1166 luisse
912 1112 1019 1174 urbem,
1043 1126 1113 1176 quse
1139 1115 1259 1176 tempore
1279 1110 1352 1159 inse-

808 1183 901 1252 quenti
921 1183 1064 1232 Heracliroa
1084 1183 1207 1231 recitate
1224 1180 1315 1230 luerit.

837 1245 993 1318 Ἡρακλέος
1007 1244 1083 1316 lodo]
1098 1249 1237 1315 Templum
1257 1255 1354 1301 notum

807 1339 891 1390 prope
906 1320 962 1373 Nili
975 1321 1048 1370 ostia
1062 1327 1144 1386 atque
1158 1321 1299 1385 Canopum
1308 1336 1354 1370 ur-

808 1395 882 1456 bem,
903 1391 980 1443 cuius
1003 1391 1162 1441 suburbium
1179 1389 1243 1440 inde
1263 1390 1353 1440 Hero-

807 1467 879 1514 clirou
907 1459 1085 1527 appellatum,
1122 1461 1264 1526 ipsumque
1295 1460 1354 1510 Nili

810 1535 908 1584 ostium
929 1533 1137 1582 Heracleoticum.
1174 1529 1236 1582 Vid.
1258 1530 1352 1580 Strsb.

808 1603 898 1655 XVII.
921 1617 984 1667 pag.
1008 1601 1058 1652 801
1084 1602 1116 1652 Β.
1145 1616 1169 1651 s.
1193 1615 1258 1666 pag.
1283 1600 1352 1650 1153

808 1675 842 1724 A.
872 1674 941 1722 llum
957 1686 1021 1722 vero
1030 1670 1175 1720 Herculem
1186 1669 1258 1720 baud
1271 1668 1355 1719 valde

808 1743 943 1793 diversum
960 1756 1021 1792 ease
1038 1739 1198 1791 crediderim
1218 1755 1235 1790 a
1247 1739 1353 1790 Thasio

808 1818 890 1877 utque
913 1812 996 1877 Tyrio
1019 1810 1151 1873 Hercule,
1181 1825 1241 1860 cnm
1264 1809 1352 1861 Phoc-

807 1883 898 1945 uicea,
922 1896 990 1947 quoe
1012 1881 1040 1930 in
1062 1881 1187 1946 Aegypto
1208 1879 1352 1930 considen-

810 1957 852 2003 tes
868 1967 951 2017 supra
971 1951 1009 2012 ΙΙ,
1036 1952 1084 2001 112
1104 1950 1272 2013 invenimus,
1298 1950 1353 2000 huc

811 2023 893 2073 etiam
911 2023 939 2070 in
956 2021 1038 2071 muris
1058 2028 1120 2084 ors,
1139 2019 1200 2070 loco
1219 2025 1354 2070 mercatu-

809 2107 857 2142 rae
875 2091 998 2157 inprimis
1015 2095 1093 2156 upto,
1111 2089 1241 2155 ternplum
1260 2089 1354 2140 condi-

811 2163 885 2213 disse
898 2160 1041 2212 admodum
1053 2159 1194 2226 probabile
1206 2160 1251 2210 sit.
1271 2159 1352 2210 Ocni.

810 2237 881 2284 nott.
899 2233 936 2282 ad
953 2232 991 2292 11,
1010 2231 1043 2283 43
1062 2235 1090 2281 ct
1112 2233 1156 2280 44.
1191 2230 1244 2280 Pro
1266 2219 1282 2278 ὃ
1301 2225 1353 2278 καὶ

812 2301 868 2352 νῦν
889 2293 961 2365 ἐστί,
977 2299 1038 2365 ‘Hp
1061 2291 1140 2364 ἱρόν,
1161 2315 1195 2349 ex
1212 2301 1353 2350 constanti

808 2371 960 2422 usuNostri
966 2369 1116 2435 scriptoris,
1127 2369 1226 2420 Strure
1235 2369 1351 2431 Quaest.

809 2441 842 2492 oe
863 2441 928 2492 dial.
949 2439 1049 2490 Herod.
1076 2439 1099 2490 1.
1123 2453 1187 2506 pag.
1211 2440 1251 2502 13,
1270 2455 1351 2506 quem

809 2511 869 2564 edd.
896 2513 1010 2560 recenti.
1040 2516 1203 2574 sequuntur,
1237 2511 1352 2560 rescribi

808 2581 867 2630 vult
878 2573 913 2630 τὸ
933 2574 980 2628 καί
998 2575 1052 2628 νῦν
1063 2570 1120 2629 ἐστὶ
1132 2570 1194 2644 ‘Hp
1207 2572 1280 2643 sodo,
1292 2580 1352 2630 fere

808 2651 888 2712 rutil,
909 2649 968 2701 181.
1005 2649 1061 2700 Nos
1079 2649 1156 2700 libris
1170 2650 1293 2700 omnibns
1310 2651 1352 2700 111-

807 2720 871 2771 ritis
889 2719 956 2769 nihil
974 2725 1079 2770 mutere
1095 2735 1188 2770 sumus
1203 2720 1274 2771 ausi.

843 2783 955 2855 οίκέτης
972 2780 1079 2839 desudo
1104 2780 1271 2852 ἀνθρώπων
1289 2778 1349 2838 ἔστι·

806 2851 924 2927 βάληται
944 2857 1079 2924 στίγματα
1091 2851 1152 2926 [ρὰ]
1165 2859 1254 2926 Vulgo
1268 2846 1350 2926 ὅτεῳ,

807 2929 879 2996 quod
897 2929 926 2979 in
944 2919 1009 2980 doec
1027 2929 1128 2980 mutari
1144 2944 1226 2994 posse
1238 2930 1292 2980 ism
1310 2929 1351 2978 vi-

806 3001 884 3050 deret
902 2999 1053 3064 Schweigb.
1072 2999 1204 3063 liquidem
1214 3000 1277 3051 inde
1287 3013 1350 3049 cum

806 3073 919 3120 recentt.
939 3068 1000 3120 edd.
1013 3069 1075 3119 dedi
1092 3062 1209 3134 dcccciv,
1227 3069 1349 3120 hociere

806 3155 901 3190 sensu:
930 3143 955 3190 iu
978 3141 1046 3204 quod
1069 3138 1223 3205 (templum)
1246 3145 1269 3190 si
1292 3142 1351 3204 qro's

806 3213 972 3274 crduecuuque
986 3208 1089 3259 dominia
1101 3224 1190 3260 serum
1207 3211 1351 3274 corruperit

806 3286 832 3329 et
846 3293 938 3329 caerae
962 3287 1035 3329 noras
1057 3279 1107 3329 eidi
1126 3281 1218 3342 insponi
1238 3281 1349 3340 insuerit,

807 3349 854 3398 deo
884 3363 912 3398 re
942 3350 1021 3411 ipsum
1054 3349 1160 3399 tradens
1193 3364 1215 3400 s.
1250 3349 1347 3400 dicans.

806 3447 842 3457 -
868 3416 1004 3482 στίγματα
1029 3423 1093 3469 sunt
1121 3423 1217 3483 notae,
1253 3418 1348 3485 quales

805 3487 1028 3552 imprimebantur
1045 3487 1117 3554 apud
1140 3493 1247 3540 veteres
1264 3488 1350 3538 bomi-

808 3558 889 3608 nibus
908 3563 964 3607 tum
982 3559 1032 3621 iis,
1052 3559 1098 3624 qui
1116 3559 1202 3608 sacris
1220 3558 1348 3608 initiandi

809 3633 899 3690 erent,
918 3633 975 3678 tum
992 3644 1057 3678 vero
1076 3628 1158 3678 etiam
1183 3631 1284 3691 servis,
1308 3628 1349 3679 la-

807 3698 948 3759 cinorosie‚
959 3697 1029 3761 eliis,
1040 3697 1167 3763 supplicii
1176 3713 1270 3749 cenae.
1295 3699 1349 3760 Qui

807 3783 841 3818 ne
858 3767 909 3818 hoc
926 3766 986 3818 loco
1000 3767 1202 3832 intelliguntur,
1221 3767 1347 3820 consulto

806 3838 905 3888 Noster
931 3837 1033 3888 dixisse
1060 3837 1181 3888 ridetur:
1212 3837 1348 3904 στίγματα

806 3901 880 3970 iod,
904 3907 922 3958 i.
947 3923 970 3958 e.
995 3911 1200 3972 συντείνοντα,
1220 3924 1289 3975 quae
1305 3923 1348 3958 sa-

805 3992 911 4027 crorum
927 3993 1010 4028 ceusu
1030 3978 1229 4043 imprimuntur.
1264 3978 1348 4029 Plura.

805 4047 838 4096 de
860 4046 902 4096 his
926 4048 998 4097 uotis
1021 4047 1183 4112 interpretes
1206 4050 1242 4100 ed
1267 4049 1347 4100 Pauli

805 4115 886 4181 epist.
901 4117 936 4166 ed
947 4117 1039 4168 Galat.
1050 4119 1098 4179 Vl,
1118 4116 1157 4169 19.
1176 4119 1219 4171 Cr.
1239 4119 1347 4170 confert

805 4187 899 4238 Iecob.
913 4185 996 4238 Tollii
1009 4187 1132 4252 Insignis
1146 4187 1279 4239 itinerarii
1290 4189 1347 4239 lta-

214 4257 287 4302 certe
309 4252 514 4306 Schlichtborst.
537 4256 556 4306 l.
581 4255 599 4304 l.
620 4271 683 4321 pag.
710 4255 752 4318 58,
802 4254 849 4305 lici
867 4255 889 4305 Ι.
909 4272 972 4323 pag.
991 4257 1034 4307 20.
1071 4258 1113 4307 'l'u
1135 4256 1199 4310 add.
1223 4257 1346 4311 Lobeclr.

212 4321 258 4386 qui
279 4322 427 4374 Taricbeus
451 4329 530 4389 putat
552 4325 616 4376 olim
640 4325 751 4375 eandem
802 4323 981 4392 Aglaophon.
998 4327 1022 4379 1.
1038 4341 1066 4392 p.
1083 4327 1144 4379 658.
