2980 4932
249 305 287 367 12
679 303 949 365 HERODOTI

247 483 440 571 τιμωρέειν,
464 477 632 570 ἀνοήτων·
661 477 699 549 τό
721 480 759 549 δὲ
781 484 950 568 μηδεμίαν
971 475 1063 567 ὤρην
1085 483 1174 566 ἔχειν
1199 472 1395 568 ἆριιασθει-
1474 477 1475 496 ³

249 589 354 671 σε’ων,
377 583 577 673 σωφρόνων.
608 590 693 674 δῆλα
711 581 775 673 γὰρ
792 581 851 672 δὴ,
872 579 940 668 ότι,
965 589 996 652 εί
1013 579 1058 671 μὴ
1076 579 1176 652 αὗταί
1197 585 1395 672 ἐβουλέατο,

248 688 311 760 οὐκ
325 685 369 760 ἂν
382 685 576 779 ἡρπάζοντο.
605 692 710 777 σφέας
724 689 786 778 μὲν
805 686 864 777 δὴ,
883 685 961 768 τούς
978 689 1014 756 ἐκ
1029 692 1089 776 τῆς
1105 683 1232 776 Ἀσίης,
1254 690 1396 775 λέγουσι

249 795 378 882 Πέρσαι
404 789 661 882 ἁρπαζομενέων
685 797 753 864 τόν
778 795 952 880 γυναικοῖν
974 790 1074 878 λόγον
1096 788 1222 861 οὐδένα
1247 792 1392 882 ποιήσα-

249 911 346 969 σθαι·
380 893 544 985 Ἕλληνας
572 896 609 967 δὲ
634 903 901 988 Λακεδαιμονίης
925 901 1055 966 εἵνεκεν
1085 893 1246 982 γυναικός
1269 898 1395 968 στόλον

249 1007 356 1093 με’γαν
376 1017 591 1092 συναγεῖραι,
622 1005 679 1073 καὶ
702 1010 816 1072 ἔπειτα
838 998 1000 1082 ἐλθόντας
1028 1003 1060 1082 ἐς
1084 997 1147 1089 τὴν
1169 997 1301 1090 Ἀσίην,
1329 1001 1394 1092 τὴν

250 1106 406 1196 Πριάμου
421 1107 568 1196 δύναμιν
582 1117 744 1178 κατελεῖν.
766 1103 832 1177 ιἰιτὸ
847 1106 969 1177 τούτου
985 1107 1051 1175 αίεί
1063 1101 1254 1196 ἡγήσασθαι
1268 1103 1305 1176 τό
1316 1101 1387 1206 Ἑλ-

250 1211 387 1302 ληνικόν
409 1219 505 1301 σφίσι
525 1212 612 1283 εἶναι
635 1216 804 1301 πολέμιον.
855 1209 924 1300 Τὴν
943 1209 1007 1300 γὰρ
1029 1206 1143 1299 Ἀσίην
1166 1211 1221 1278 καί
1239 1206 1280 1278 τό
1300 1213 1390 1280 ίνοι-

250 1321 369 1387 κεόυτα
390 1325 493 1388 ἔθνεα
511 1317 665 1406 βάρβαρα
687 1321 890 1388 οίκειεῦυται
909 1321 944 1385 οί
956 1319 1102 1404 Πέρσαι,
1131 1311 1194 1403 την
1212 1314 1250 1383 δὲ
1269 1310 1387 1402 Εὐρω-

251 1449 318 1510 ττηυ
337 1424 393 1491 καὶ
416 1420 453 1492 τὸ
471 1416 668 1510 Ἑλληνικόν
685 1418 825 1510 ἥγηνται
847 1427 1063 1509 κεχωρίσθαι.

250 1607 283 1643 ex
308 1589 449 1641 Herodoto
472 1589 505 1654 (1,
539 1589 582 1641 35.
610 1589 655 1654 et)
678 1595 736 1642 tum
762 1608 794 1642 ex
847 1591 909 1642 dor.
929 1608 956 1656 p.
979 1589 1029 1640 109
1046 1593 1230 1652 occursitant
1253 1588 1332 1650 sciet,
1353 1591 1390 1641 in-

250 1661 312 1712 aliis
341 1661 519 1726 scriptoribus
544 1661 658 1726 adponit
684 1663 792 1714 Schaei.
847 1662 949 1713 dicarit
967 1677 1069 1712 omnes.
1094 1660 1147 1725 Qui
1169 1659 1240 1711 idem
1265 1660 1338 1726 quod
1357 1661 1390 1712 ab

251 1731 286 1782 ed
304 1731 544 1797 Sophoeluleorr.
564 1731 625 1795 343,
642 1749 674 1783 ex
694 1734 795 1784 omissa
846 1733 987 1784 Herodoto
1011 1727 1120 1781 ἔπειτεν
1142 1731 1232 1780 ubivis
1259 1733 1390 1795 scriptum

250 1803 385 1870 particula
410 1791 480 1852 όσιε
509 1802 581 1853 hunc
605 1819 683 1854 usum
711 1805 794 1870 expli·
848 1803 934 1854 inisse
951 1807 1031 1868 putat
1052 1805 1164 1852 anctore
1187 1799 1264 1852 Aelio
1287 1802 1391 1869 Diony-

250 1891 325 1926 cans.
344 1873 465 1936 Rectius,
486 1874 590 1937 opinor,
613 1875 647 1925 sd
672 1891 704 1926 ea
725 1876 794 1926 rese·
848 1875 888 1924 sio
912 1873 984 1938 apud
1007 1872 1134 1924 Eustath.
1160 1889 1187 1937 p.
1214 1872 1290 1934 1158,
1311 1871 1345 1924 38
1364 1878 1391 1923 et

248 1961 300 2008 res,
326 1960 395 2011 quae
416 1945 521 1995 monuit
545 1945 643 1999 Matth.
673 1947 719 1998 Gr.
746 1947 792 1997 Gr.
847 1944 1035 1994 consentiente
1060 1943 1187 1993 Dindori.
1213 1959 1241 2007 p.
1268 1943 1390 2004 XXXV„

248 2020 273 2080 ἕ.
295 2016 355 2067 531.
380 2005 599 2080 ἁρπασθεισέων
623 2017 674 2066 erit
698 2016 795 2081 geniti·
846 2013 911 2064 mihi
924 2015 952 2063 in
964 2017 1042 2064 tanta
1050 2013 1180 2078 vulgatae
1189 2013 1292 2063 tonnae
1303 2029 1390 2063 exem-

247 2101 298 2137 vus
317 2085 403 2136 absol.
424 2086 481 2134 cius
500 2085 617 2150 generis,
638 2087 744 2150 qualem
760 2085 794 2136 ad
846 2084 951 2150 plorum
981 2084 1060 2148 copia
1084 2083 1261 2148 codicemque
1291 2084 1320 2132 in
1348 2083 1390 2134 bis

249 2155 272 2216 1,
293 2155 318 2206 3.
337 2155 502 2205 notavimus.
847 2155 1003 2205 constantia
1030 2153 1204 2204 temerarium
1236 2152 1390 2214 videbatur,

286 2221 359 2288 δῆλα
381 2216 433 2288 γὰρ
456 2216 502 2286 δὴ,
531 2212 584 2287 ότι,
605 2219 632 2273 εί
652 2215 690 2288 μὴ
709 2214 795 2274 attat
847 2225 938 2275 omnia
964 2224 1032 2274 heco
1064 2224 1093 2273 in
1126 2223 1247 2273 Ionicam
1276 2223 1391 2274 iorrnam

248 2285 432 2361 ίβουλέατοκ.
446 2310 470 2342 τ.
484 2291 519 2360 t]
539 2293 558 2344 i.
579 2309 603 2345 e.
621 2297 796 2358 „moniseetenr
847 2300 960 2356 mutere,
983 2295 1143 2359 praesertim
1168 2309 1229 2344 cum
1252 2293 1320 2343 nihil
1343 2295 1391 2344 im-

249 2367 312 2415 em'm
334 2380 389 2415 esse
413 2361 517 2427 (dicunt
540 2379 578 2414 sc.
596 2363 721 2430 Persae),
747 2368 797 2416 nisi
846 2367 952 2431 pediat‚
973 2381 1025 2430 quo
1048 2365 1137 2414 minus
1156 2363 1340 2425 Herodotum,
1361 2369 1392 2416 ut

248 2440 322 2498 ipsae
339 2432 388 2498 (sc.
408 2433 525 2484 feminae
540 2433 604 2485 illee
621 2434 794 2500 rapi)volur’s-
847 2436 908 2486 aliis
927 2437 955 2485 in
973 2435 1086 2485 vocibus
1113 2434 1274 2498 formisque,
1298 2435 1340 2484 ita
1364 2436 1392 2484 in

248 2512 312 2562 sent,
332 2520 378 2554 ecs
395 2520 444 2555 aon
462 2513 554 2567 raptae
566 2504 680 2570 γἰιίεεε.“
714 2506 793 2570 Quod
844 2505 897 2556 bac
925 2521 1033 2572 quoque
1060 2521 1127 2555 voce
1154 2508 1271 2569 utreque
1303 2505 1392 2556 forma

250 2574 357 2640 quidem
378 2590 410 2624 ex
419 2575 563 2624 Persarum
581 2577 737 2626 narratione
753 2593 793 2626 re·
845 2592 924 2627 usum
955 2591 1014 2626 esse
1044 2575 1237 2625 existimemus.
1265 2575 1391 2628 Dietscb.

250 2645 312 2695 tulit
331 2646 455 2710 scriptor,
472 2646 518 2709 qui
536 2649 628 2696 tamen
645 2647 718 2697 haud
736 2648 792 2697 seio
845 2647 934 2697 ubivis
952 2646 1074 2712 reposuit
1092 2639 1210 2694 ἔπειτεν.
1224 2671 1257 2679 -
1269 2645 1390 2696 Verbum

249 2733 284 2767 an
310 2731 387 2765 suam
416 2715 501 2778 ipsius
525 2717 690 2766 sententiam
713 2716 793 2767 simul
844 2717 972 2766 κατελεῖν
990 2717 1118 2767 evertendi
1132 2714 1243 2765 notione
1262 2715 1391 2780 frequens

249 2785 388 2836 declarare
410 2784 536 2836 voluerit.
564 2785 649 2836 Affert
671 2788 792 2838 Herodo—
843 2787 915 2852 apud
937 2788 1115 2850 Pausaniam,
1140 2784 1211 2836 unde
1234 2790 1313 2835 notat
1335 2787 1391 2836 Sie-

248 2861 295 2906 tea
316 2854 478 2906 Plutarchus
500 2855 538 2907 II.
561 2872 588 2921 p.
610 2857 662 2907 856
685 2859 718 2906 E.
746 2858 791 2907 ubi
843 2855 912 2906 belis
933 2857 967 2906 ad
987 2859 1106 2907 Pausen.
1125 2856 1148 2918 Ι,
1168 2858 1194 2906 4.
1214 2857 1239 2916 ξ.
1261 2855 1284 2904 1.

248 2926 349 2991 legitur
372 2915 536 2992 ἐβούλοντο,
559 2927 631 2991 qaod
653 2927 740 2991 ipsum
764 2928 791 2975 in
878 2917 934 2975 ἀπὸ
957 2918 1061 2975 τοότου
1084 2921 1141 2975 ciet
1167 2915 1332 2988 ἡγήσασθαι
1358 2917 1390 2974 τὸ

249 2996 389 3047 Herodoto
413 2995 597 3060 recipiendum
621 2998 709 3046 suasit
726 2997 791 3046 Din-
836 2987 1004 3059 Ἑλληνικὸν
1022 3011 1047 3044 κ.
1067 3011 1091 3044 τ.
1110 2993 1146 3061 t]
1160 2987 1216 3044 ἀπὸ
1237 2987 1349 3054 τούτου,
1370 2996 1389 3044 ί.

249 3066 318 3116 dori.
344 3066 362 3114 1.
391 3065 408 3114 l.
438 3081 465 3129 p.
493 3066 607 3116 XXVII.
636 3067 792 3131 recepitque
845 3083 868 3116 e.
893 3065 924 3114 ab
948 3081 978 3116 τυ
1003 3066 1061 3115 inde
1088 3072 1212 3128 tempore,
1235 3066 1282 3115 ubi
1306 3065 1391 3132 vulgo

249 3134 372 3186 Dietscb.
392 3136 429 3184 Et
447 3135 519 3185 conf.
545 3151 651 3200 quoque
675 3136 792 3187 BredoV.
845 3135 972 3199 supplent
991 3126 1105 3199 χρόνον.
1129 3133 1192 3185 Vid.
1211 3134 1291 3184 modo
1309 3135 1391 3185 Lam-

248 3222 275 3270 p.
295 3203 371 3264 3211.,
395 3204 440 3268 qui
458 3205 549 3268 piures
567 3206 721 3256 huiusmodi
739 3207 792 3256 ior·
844 3207 914 3255 bert.
945 3205 1009 3255 Bos.
1041 3205 1084 3254 De
1108 3202 1205 3266 Ellips.
1229 3205 1262 3255 L.
1290 3205 1337 3256 Gr.
1361 3221 1389 3270 p.

249 3289 307 3324 mss
325 3275 477 3337 imperfecti
502 3291 535 3324 ex
552 3277 693 3326 Herodoto
712 3275 792 3326 colle·
845 3275 896 3327 546
917 3291 958 3337 sq.
978 3273 1128 3324 Literulsm
1148 3269 1173 3320 τ’
1194 3279 1257 3325 ante
1275 3269 1331 3322 αίεὶ
1351 3275 1392 3324 in·

249 3345 304 3408 git:
325 3359 391 3410 quas
412 3361 504 3396 omnes
524 3345 627 3410 siquis
648 3347 743 3395 invitis
761 3345 792 3396 li·
844 3345 910 3394 vitis
933 3344 1010 3394 libris
1035 3361 1051 3393 s
1073 3343 1234 3408 quibusdam
1258 3345 1391 3394 insertam

247 3414 304 3464 bris
328 3415 462 3480 corrigere
486 3420 568 3480 atque
592 3415 626 3465 cd
652 3416 792 3482 vulgarem
845 3431 905 3465 cum
942 3413 1093 3479 Schweigb.
1130 3417 1157 3462 et
1187 3414 1272 3464 Gaisi.
1311 3414 1391 3472 eieci,

248 3484 356 3534 dicendi
390 3486 522 3536 rationem
557 3501 686 3536 revocure
715 3487 790 3551 velit,
844 3501 911 3550 quos
941 3483 1049 3534 eosdem
1079 3488 1190 3533 secutus
1218 3483 1279 3533 dedi
1308 3483 1392 3548 σφίσι

248 3553 321 3604 baud
340 3555 397 3606 scio
417 3571 451 3605 an
467 3556 496 3604 in
509 3557 671 3606 temeritatis
691 3558 792 3608 crimen
844 3572 893 3619 pro
913 3553 1012 3618 σφίσιν
1030 3570 1052 3603 s.
1072 3566 1132 3614 σφι.

247 3625 378 3675 incurret.
400 3626 490 3685 Quare
516 3616 664 3690 ἔβουλίατο
691 3631 718 3677 et
740 3627 792 3677 hoc
882 3616 943 3684 Τὴν
959 3613 1118 3687 γᾶοἎσίην
1135 3613 1230 3670 witti
1248 3611 1391 3670 ἐνοικίου-

246 3693 307 3744 Ιουο
327 3699 355 3744 ot
371 3693 423 3755 111,
448 3693 498 3746 143
517 3697 626 3747 retinui.
664 3698 696 3747 In
715 3713 790 3760 seqq.
844 3709 877 3742 τα
901 3688 988 3741 ἔθνεα
1011 3683 1139 3758 βάρβαρα
1164 3686 1339 3741 οίκειειῖνται
1361 3683 1393 3738 σι’

247 3763 282 3812 ad
301 3779 394 3814 vocem
413 3757 565 3815 orotovGr.
582 3765 714 3816 adscribit
722 3768 789 3817 Lex.
844 3759 959 3825 Πέρσαι]
981 3761 1080 3812 Omnes
1100 3761 1178 3811 codd.
1204 3754 1389 3822 οίκειεῦντοιι,

247 3833 370 3898 Xenoph.
397 3833 445 3894 IV,
466 3832 500 3883 95
530 3839 558 3884 et
587 3835 676 3886 Sobel.
701 3835 790 3899 Apoll.
842 3831 915 3892 quod
937 3831 963 3880 h.
987 3831 1004 3880 l.
1028 3832 1171 3895 tribusque
1193 3829 1254 3879 aliis
1284 3826 1318 3892 (1,
1343 3827 1388 3879 94.

246 3901 335 3954 Rhod.
354 3903 377 3965 Ι,
398 3903 448 3953 704
473 3892 570 3958 στόλος
596 3899 629 3951 δέ
650 3894 724 3953 ἔστιν
747 3893 794 3952 tut
841 3901 893 3964 111,
916 3903 941 3952 2.
966 3901 1014 3962 IV,
1040 3899 1100 3964 148)
1119 3900 1147 3949 iu
1170 3899 1283 3949 formam
1301 3899 1390 3948 Hero·

247 3967 354 4032 πρᾶξίν
375 3986 440 4020 τινα
461 3961 657 4033 πορευόμενον
679 3970 793 4035 πλῆθος
842 3970 906 4020 doto
925 3970 1014 4020 iubis
1033 3970 1120 4034 magis
1139 3970 1270 4018 usitatam
1295 3961 1388 4028 οίκηϊ-

247 4037 303 4089 εἴτε
323 4030 368 4089 int
388 4037 469 4092 νεῶν.
490 4035 545 4088 είτε
568 4035 615 4089 καί
638 4038 719 4104 πεζῇ·
742 4036 790 4090 καὶ
841 4037 937 4088 εὖνται
956 4041 1055 4089 mutari
1072 4037 1131 4088 vult
1149 4038 1265 4088 Bredov.
1286 4053 1312 4100 p.
1327 4037 1387 4096 177,

248 4101 350 4172 σχεδὸν
368 4099 412 4156 ἐπὶ
432 4099 526 4168 πόσης
548 4096 638 4172 ὁρμῆς
660 4105 708 4160 καὶ
729 4108 788 4173 μεί-
842 4124 920 4172 quern
940 4109 1062 4173 sequitur
1080 4107 1203 4159 Dietsch.
1236 4105 1304 4156 Mihi
1323 4121 1340 4154 a
1357 4103 1388 4174 li-

246 4176 328 4237 ζονος
346 4171 534 4238 παρασκευῆς.
840 4177 896 4234 bris
915 4177 1072 4228 discedendi
1086 4177 1131 4226 htc
1150 4176 1225 4226 nulia
1241 4176 1389 4225 videbatur

281 4239 329 4294 καὶ
347 4239 442 4293 ἔπειτα
459 4273 494 4282 —-
512 4234 565 4306 τὴν
587 4235 720 4306 Πριάμου
739 4236 788 4294 dri·
840 4248 1000 4298 necessitas.
1024 4247 1116 4310 Ipsum
1136 4247 1249 4295 verbum
1268 4246 1308 4294 ita
1327 4243 1388 4293 red-

248 4328 333 4373 ναμιν
351 4309 486 4372 κατελεῖν]
506 4305 602 4361 ἔπειτα
620 4329 712 4364 omnes
725 4314 789 4364 libri
840 4315 880 4365 dit
888 4315 1174 4380 Schweighaeuserus:
1192 4315 1250 4376 „od
1265 4330 1293 4364 se
1306 4315 1388 4376 perti-

247 4389 274 4432 et
291 4381 319 4431 h.
341 4379 359 4431 l.
383 4384 410 4430 et
432 4379 524 4432 multis
545 4380 620 4445 aliis,
636 4397 707 4446 quos
723 4385 787 4434 Bre-
839 4401 901 4436 nere
929 4393 1058 4436 aaronica!
1087 4383 1217 4435 Persae.“
1253 4381 1386 4433 Wessel.:
