<?xml version="1.0" encoding="UTF-8"?>
<!DOCTYPE html PUBLIC "-//W3C//DTD XHTML 1.0 Transitional//EN"
    "http://www.w3.org/TR/xhtml1/DTD/xhtml1-transitional.dtd">
<html xmlns="http://www.w3.org/1999/xhtml" xml:lang="en" lang="en">
 <head>
  <title>
</title>
<meta http-equiv="Content-Type" content="text/html;charset=utf-8" />
  <meta name='ocr-system' content='tesseract 3.04.00' />
  <meta name='ocr-capabilities' content='ocr_page ocr_carea ocr_par ocr_line ocrx_word'/>
</head>
<body>
  <div class='ocr_page' id='page_1' title='image "./herodotihalicar00bhgoog_0877.png"; bbox 0 0 3020 4930; ppageno 0'>
   <div class='ocr_carea' id='block_1_1' title="bbox 641 303 982 368">
    <p class='ocr_par' dir='ltr' id='par_1_1' title="bbox 641 303 982 368">
     <span class='ocr_line' id='line_1_1' title="bbox 641 303 982 368; baseline 0 0"><span class='ocrx_word' id='word_1_1' title='bbox 641 303 912 368; x_wconf 80' lang='lat' dir='ltr'><strong>EXCURSUS</strong></span> <span class='ocrx_word' id='word_1_2' title='bbox 936 306 982 368; x_wconf 88' lang='lat' dir='ltr'><strong>VI</strong></span> 
     </span>
    </p>
   </div>
   <div class='ocr_carea' id='block_1_2' title="bbox 481 723 1152 976">
    <p class='ocr_par' dir='ltr' id='par_1_2' title="bbox 481 723 1152 976">
     <span class='ocr_line' id='line_1_2' title="bbox 614 723 1026 805; baseline -0.012 -2"><span class='ocrx_word' id='word_1_3' title='bbox 614 723 936 805; x_wconf 81' lang='lat' dir='ltr'><strong>EXCURSUS</strong></span> <span class='ocrx_word' id='word_1_4' title='bbox 969 723 1026 800; x_wconf 89' lang='lat' dir='ltr'><strong>VI</strong></span> 
     </span>
     <span class='ocr_line' id='line_1_3' title="bbox 481 893 1152 976; baseline -0.013 -12"><span class='ocrx_word' id='word_1_5' title='bbox 481 897 565 964; x_wconf 82' lang='lat' dir='ltr'><strong>AD</strong></span> <span class='ocrx_word' id='word_1_6' title='bbox 611 895 963 962; x_wconf 75' lang='lat' dir='ltr'><strong>nunonem</strong></span> <span class='ocrx_word' id='word_1_7' title='bbox 1007 893 1057 976; x_wconf 88' lang='lat'><strong>11,</strong></span> <span class='ocrx_word' id='word_1_8' title='bbox 1104 897 1152 957; x_wconf 75' lang='grc' dir='ltr'><strong>ιτ.</strong></span> 
     </span>
    </p>
   </div>
   <div class='ocr_carea' id='block_1_3' title="bbox 674 1228 962 1285">
    <p class='ocr_par' dir='ltr' id='par_1_3' title="bbox 674 1228 962 1285">
     <span class='ocr_line' id='line_1_4' title="bbox 674 1228 962 1285; baseline 0.003 -1"><span class='ocrx_word' id='word_1_9' title='bbox 674 1229 722 1285; x_wconf 83' lang='lat' dir='ltr'><strong>De</strong></span> <span class='ocrx_word' id='word_1_10' title='bbox 748 1228 823 1284; x_wconf 82' lang='lat' dir='ltr'><strong>Nili</strong></span> <span class='ocrx_word' id='word_1_11' title='bbox 848 1230 962 1285; x_wconf 79' lang='lat' dir='ltr'><strong>ostiis.</strong></span> 
     </span>
    </p>
   </div>
   <div class='ocr_carea' id='block_1_4' title="bbox 253 1377 1391 1877">
    <p class='ocr_par' dir='ltr' id='par_1_4' title="bbox 253 1377 1391 1877">
     <span class='ocr_line' id='line_1_5' title="bbox 337 1377 1387 1450; baseline -0.007 -12"><span class='ocrx_word' id='word_1_12' title='bbox 337 1386 391 1438; x_wconf 85' lang='lat' dir='ltr'><strong>Eat</strong></span> <span class='ocrx_word' id='word_1_13' title='bbox 412 1384 454 1436; x_wconf 87' lang='lat' dir='ltr'><strong>bic</strong></span> <span class='ocrx_word' id='word_1_14' title='bbox 468 1381 600 1435; x_wconf 73' lang='lat' dir='ltr'><strong>classicus</strong></span> <span class='ocrx_word' id='word_1_15' title='bbox 619 1381 695 1436; x_wconf 83' lang='lat' dir='ltr'><strong>locus</strong></span> <span class='ocrx_word' id='word_1_16' title='bbox 718 1383 752 1435; x_wconf 91' lang='lat' dir='ltr'><strong>de</strong></span> <span class='ocrx_word' id='word_1_17' title='bbox 768 1383 826 1434; x_wconf 89' lang='lat' dir='ltr'><strong>Nili</strong></span> <span class='ocrx_word' id='word_1_18' title='bbox 843 1383 940 1448; x_wconf 84' lang='lat' dir='ltr'><strong>ostile,</strong></span> <span class='ocrx_word' id='word_1_19' title='bbox 964 1396 1035 1450; x_wconf 88' lang='lat' dir='ltr'><strong>quae</strong></span> <span class='ocrx_word' id='word_1_20' title='bbox 1051 1383 1148 1432; x_wconf 86' lang='lat' dir='ltr'><strong>nostra</strong></span> <span class='ocrx_word' id='word_1_21' title='bbox 1165 1383 1256 1432; x_wconf 81' lang='lat' dir='ltr'><strong>uetute</strong></span> <span class='ocrx_word' id='word_1_22' title='bbox 1277 1377 1387 1442; x_wconf 83' lang='lat' dir='ltr'><strong>minime</strong></span> 
     </span>
     <span class='ocr_line' id='line_1_6' title="bbox 253 1463 1387 1537; baseline -0.009 -11"><span class='ocrx_word' id='word_1_23' title='bbox 253 1472 345 1526; x_wconf 81' lang='lat' dir='ltr'><strong>eadem</strong></span> <span class='ocrx_word' id='word_1_24' title='bbox 366 1487 427 1522; x_wconf 87' lang='lat' dir='ltr'><strong>esse</strong></span> <span class='ocrx_word' id='word_1_25' title='bbox 453 1475 535 1537; x_wconf 84' lang='lat' dir='ltr'><strong>utque</strong></span> <span class='ocrx_word' id='word_1_26' title='bbox 558 1466 692 1520; x_wconf 81' lang='lat' dir='ltr'><strong>Herodoti</strong></span> <span class='ocrx_word' id='word_1_27' title='bbox 712 1473 802 1520; x_wconf 84' lang='lat' dir='ltr'><strong>aetete</strong></span> <span class='ocrx_word' id='word_1_28' title='bbox 828 1485 905 1520; x_wconf 88' lang='lat' dir='ltr'><strong>nemo</strong></span> <span class='ocrx_word' id='word_1_29' title='bbox 925 1467 984 1518; x_wconf 83' lang='lat' dir='ltr'><strong>lere</strong></span> <span class='ocrx_word' id='word_1_30' title='bbox 1009 1464 1106 1517; x_wconf 77' lang='lat' dir='ltr'><strong>nescit.</strong></span> <span class='ocrx_word' id='word_1_31' title='bbox 1140 1463 1287 1534; x_wconf 80' lang='lat' dir='ltr'>Hodieque</span> <span class='ocrx_word' id='word_1_32' title='bbox 1314 1463 1387 1516; x_wconf 88' lang='lat' dir='ltr'><strong>enim</strong></span> 
     </span>
     <span class='ocr_line' id='line_1_7' title="bbox 253 1548 1388 1625; baseline -0.009 -15"><span class='ocrx_word' id='word_1_33' title='bbox 253 1557 318 1610; x_wconf 87' lang='lat' dir='ltr'><strong>bina</strong></span> <span class='ocrx_word' id='word_1_34' title='bbox 334 1554 503 1625; x_wconf 77' lang='lat' dir='ltr'><strong>potissimum</strong></span> <span class='ocrx_word' id='word_1_35' title='bbox 518 1557 585 1605; x_wconf 89' lang='lat' dir='ltr'><strong>sunt</strong></span> <span class='ocrx_word' id='word_1_36' title='bbox 599 1552 679 1620; x_wconf 86' lang='lat' dir='ltr'><strong>ostia,</strong></span> <span class='ocrx_word' id='word_1_37' title='bbox 695 1554 797 1623; x_wconf 86' lang='lat' dir='ltr'><strong>quibus</strong></span> <span class='ocrx_word' id='word_1_38' title='bbox 813 1568 946 1622; x_wconf 85' lang='lat' dir='ltr'><strong>equarum</strong></span> <span class='ocrx_word' id='word_1_39' title='bbox 960 1550 1064 1619; x_wconf 88' lang='lat' dir='ltr'><strong>copiam</strong></span> <span class='ocrx_word' id='word_1_40' title='bbox 1072 1548 1156 1602; x_wconf 84' lang='lat' dir='ltr'><strong>Nilus</strong></span> <span class='ocrx_word' id='word_1_41' title='bbox 1173 1549 1202 1600; x_wconf 91' lang='lat' dir='ltr'><strong>in</strong></span> <span class='ocrx_word' id='word_1_42' title='bbox 1218 1566 1292 1602; x_wconf 87' lang='lat' dir='ltr'><strong>mare</strong></span> <span class='ocrx_word' id='word_1_43' title='bbox 1308 1549 1388 1602; x_wconf 89' lang='lat' dir='ltr'><strong>emit-</strong></span> 
     </span>
     <span class='ocr_line' id='line_1_8' title="bbox 254 1633 1389 1708; baseline -0.008 -15"><span class='ocrx_word' id='word_1_44' title='bbox 254 1643 298 1708; x_wconf 89' lang='lat' dir='ltr'><strong>tit,</strong></span> <span class='ocrx_word' id='word_1_45' title='bbox 315 1640 430 1692; x_wconf 88' lang='lat' dir='ltr'><strong>alterum</strong></span> <span class='ocrx_word' id='word_1_46' title='bbox 444 1656 529 1708; x_wconf 90' lang='lat' dir='ltr'><strong>prope</strong></span> <span class='ocrx_word' id='word_1_47' title='bbox 547 1638 639 1690; x_wconf 90' lang='lat' dir='ltr'><strong>urbem</strong></span> <span class='ocrx_word' id='word_1_48' title='bbox 654 1637 840 1704; x_wconf 80' lang='lat' dir='ltr'><strong>Roeettanam,</strong></span> <span class='ocrx_word' id='word_1_49' title='bbox 858 1637 973 1690; x_wconf 89' lang='lat' dir='ltr'><strong>alterum</strong></span> <span class='ocrx_word' id='word_1_50' title='bbox 990 1653 1077 1704; x_wconf 80' lang='lat' dir='ltr'>prope</span> <span class='ocrx_word' id='word_1_51' title='bbox 1090 1635 1253 1702; x_wconf 80' lang='lat' dir='ltr'><strong>Damiatuur,</strong></span> <span class='ocrx_word' id='word_1_52' title='bbox 1271 1633 1389 1704; x_wconf 83' lang='lat' dir='ltr'><strong>reliquia</strong></span> 
     </span>
     <span class='ocr_line' id='line_1_9' title="bbox 256 1720 1389 1788; baseline -0.007 -10"><span class='ocrx_word' id='word_1_53' title='bbox 256 1726 334 1779; x_wconf 78' lang='lat' dir='ltr'><strong>oetiie</strong></span> <span class='ocrx_word' id='word_1_54' title='bbox 350 1723 486 1778; x_wconf 83' lang='lat' dir='ltr'><strong>obturatis</strong></span> <span class='ocrx_word' id='word_1_55' title='bbox 502 1739 621 1776; x_wconf 70' lang='lat' dir='ltr'><strong>euenere</strong></span> <span class='ocrx_word' id='word_1_56' title='bbox 636 1729 685 1774; x_wconf 91' lang='lat' dir='ltr'><strong>aut</strong></span> <span class='ocrx_word' id='word_1_57' title='bbox 695 1721 757 1776; x_wconf 90' lang='lat' dir='ltr'><strong>limo</strong></span> <span class='ocrx_word' id='word_1_58' title='bbox 775 1722 911 1776; x_wconf 81' lang='lat' dir='ltr'><strong>obductis.</strong></span> <span class='ocrx_word' id='word_1_59' title='bbox 936 1721 1005 1773; x_wconf 92' lang='lat' dir='ltr'><strong>Nam</strong></span> <span class='ocrx_word' id='word_1_60' title='bbox 1017 1726 1121 1788; x_wconf 84' lang='lat' dir='ltr'><strong>septem</strong></span> <span class='ocrx_word' id='word_1_61' title='bbox 1133 1720 1216 1788; x_wconf 80' lang='lat' dir='ltr'><strong>vulgo</strong></span> <span class='ocrx_word' id='word_1_62' title='bbox 1227 1723 1389 1773; x_wconf 84' lang='lat' dir='ltr'><strong>enumerata</strong></span> 
     </span>
     <span class='ocr_line' id='line_1_10' title="bbox 254 1805 1391 1877; baseline -0.004 -14"><span class='ocrx_word' id='word_1_63' title='bbox 254 1817 321 1863; x_wconf 90' lang='lat' dir='ltr'><strong>sunt</strong></span> <span class='ocrx_word' id='word_1_64' title='bbox 335 1808 392 1861; x_wconf 90' lang='lat' dir='ltr'><strong>Nili</strong></span> <span class='ocrx_word' id='word_1_65' title='bbox 408 1808 495 1874; x_wconf 83' lang='lat' dir='ltr'><strong>ostia,</strong></span> <span class='ocrx_word' id='word_1_66' title='bbox 512 1806 560 1876; x_wconf 93' lang='lat' dir='ltr'><strong>qui</strong></span> <span class='ocrx_word' id='word_1_67' title='bbox 575 1806 638 1858; x_wconf 90' lang='lat' dir='ltr'><strong>inde</strong></span> <span class='ocrx_word' id='word_1_68' title='bbox 652 1813 819 1877; x_wconf 77' lang='lat' dir='ltr'><strong>septemfluus</strong></span> <span class='ocrx_word' id='word_1_69' title='bbox 834 1808 977 1860; x_wconf 79' lang='lat' dir='ltr'><strong>dicebatur</strong></span> <span class='ocrx_word' id='word_1_70' title='bbox 994 1805 1098 1858; x_wconf 81' lang='lat' dir='ltr'><strong>fluvius</strong></span> <span class='ocrx_word' id='word_1_71' title='bbox 1113 1823 1136 1856; x_wconf 88' lang='lat' dir='ltr'><strong>a.</strong></span> <span class='ocrx_word' id='word_1_72' title='bbox 1151 1808 1391 1876; x_wconf 75' lang='lat' dir='ltr'><strong>septemgemiuarr</strong></span> 
     </span>
    </p>
   </div>
   <div class='ocr_carea' id='block_1_5' title="bbox 165 1889 1390 1964">
    <p class='ocr_par' dir='ltr' id='par_1_5' title="bbox 165 1889 1390 1964">
     <span class='ocr_line' id='line_1_11' title="bbox 165 1889 1390 1964; baseline -0.006 -15"><span class='ocrx_word' id='word_1_73' title='bbox 165 1949 169 1956; x_wconf 82' lang='grc'>,</span> <span class='ocrx_word' id='word_1_74' title='bbox 255 1913 271 1948; x_wconf 88' lang='lat' dir='ltr'><strong>a</strong></span> <span class='ocrx_word' id='word_1_75' title='bbox 293 1912 348 1964; x_wconf 85' lang='lat' dir='ltr'><strong>qua</strong></span> <span class='ocrx_word' id='word_1_76' title='bbox 368 1892 506 1946; x_wconf 86' lang='lat' dir='ltr'><strong>sententia</strong></span> <span class='ocrx_word' id='word_1_77' title='bbox 529 1909 580 1944; x_wconf 87' lang='lat' dir='ltr'><strong>nec</strong></span> <span class='ocrx_word' id='word_1_78' title='bbox 596 1891 766 1946; x_wconf 83' lang='lat' dir='ltr'><strong>Herodotum</strong></span> <span class='ocrx_word' id='word_1_79' title='bbox 787 1893 906 1947; x_wconf 86' lang='lat' dir='ltr'><strong>alienum</strong></span> <span class='ocrx_word' id='word_1_80' title='bbox 924 1891 1027 1956; x_wconf 79' lang='lat' dir='ltr'><strong>suinae,</strong></span> <span class='ocrx_word' id='word_1_81' title='bbox 1051 1889 1116 1942; x_wconf 87' lang='lat' dir='ltr'><strong>licet</strong></span> <span class='ocrx_word' id='word_1_82' title='bbox 1135 1890 1258 1959; x_wconf 90' lang='lat' dir='ltr'><strong>quinque</strong></span> <span class='ocrx_word' id='word_1_83' title='bbox 1281 1896 1390 1942; x_wconf 87' lang='lat' dir='ltr'><strong>tantum</strong></span> 
     </span>
    </p>
   </div>
   <div class='ocr_carea' id='block_1_6' title="bbox 255 1974 1398 3914">
    <p class='ocr_par' dir='ltr' id='par_1_6' title="bbox 255 1974 1390 2470">
     <span class='ocr_line' id='line_1_12' title="bbox 256 1974 1390 2046; baseline -0.005 -14"><span class='ocrx_word' id='word_1_84' title='bbox 256 1980 328 2032; x_wconf 89' lang='lat' dir='ltr'><strong>ostia</strong></span> <span class='ocrx_word' id='word_1_85' title='bbox 342 1977 400 2032; x_wconf 87' lang='lat' dir='ltr'><strong>Nili</strong></span> <span class='ocrx_word' id='word_1_86' title='bbox 417 1983 611 2044; x_wconf 84' lang='lat' dir='ltr'><strong>commemoret,</strong></span> <span class='ocrx_word' id='word_1_87' title='bbox 627 1977 745 2031; x_wconf 82' lang='lat' dir='ltr'><strong>vidimus</strong></span> <span class='ocrx_word' id='word_1_88' title='bbox 760 1979 794 2030; x_wconf 88' lang='lat' dir='ltr'><strong>ad</strong></span> <span class='ocrx_word' id='word_1_89' title='bbox 809 1978 846 2046; x_wconf 90' lang='lat' dir='ltr'><strong>ll,</strong></span> <span class='ocrx_word' id='word_1_90' title='bbox 859 1985 902 2038; x_wconf 88' lang='lat'><strong>10.</strong></span> <span class='ocrx_word' id='word_1_91' title='bbox 931 1975 987 2028; x_wconf 87' lang='lat' dir='ltr'><strong>Sed</strong></span> <span class='ocrx_word' id='word_1_92' title='bbox 1002 1974 1082 2028; x_wconf 84' lang='lat' dir='ltr'><strong>valde</strong></span> <span class='ocrx_word' id='word_1_93' title='bbox 1097 1974 1206 2028; x_wconf 82' lang='lat' dir='ltr'><strong>variant</strong></span> <span class='ocrx_word' id='word_1_94' title='bbox 1220 1975 1248 2028; x_wconf 93' lang='lat' dir='ltr'><strong>iu</strong></span> <span class='ocrx_word' id='word_1_95' title='bbox 1267 1974 1390 2043; x_wconf 82' lang='lat' dir='ltr'><strong>singulis</strong></span> 
     </span>
     <span class='ocr_line' id='line_1_13' title="bbox 256 2059 1390 2132; baseline -0.004 -16"><span class='ocrx_word' id='word_1_96' title='bbox 256 2064 332 2116; x_wconf 86' lang='lat' dir='ltr'><strong>hisce</strong></span> <span class='ocrx_word' id='word_1_97' title='bbox 355 2063 435 2116; x_wconf 89' lang='lat' dir='ltr'><strong>ostiis</strong></span> <span class='ocrx_word' id='word_1_98' title='bbox 457 2067 561 2131; x_wconf 85' lang='lat' dir='ltr'><strong>septem</strong></span> <span class='ocrx_word' id='word_1_99' title='bbox 580 2063 773 2132; x_wconf 78' lang='lat' dir='ltr'><strong>recensendis,</strong></span> <span class='ocrx_word' id='word_1_100' title='bbox 796 2062 840 2116; x_wconf 81' lang='lat' dir='ltr'><strong>vel</strong></span> <span class='ocrx_word' id='word_1_101' title='bbox 854 2080 949 2115; x_wconf 90' lang='lat' dir='ltr'><strong>errore</strong></span> <span class='ocrx_word' id='word_1_102' title='bbox 964 2060 1050 2130; x_wconf 84' lang='lat' dir='ltr'><strong>lepsi,</strong></span> <span class='ocrx_word' id='word_1_103' title='bbox 1077 2059 1136 2127; x_wconf 83' lang='lat' dir='ltr'><strong>vel,</strong></span> <span class='ocrx_word' id='word_1_104' title='bbox 1162 2060 1203 2112; x_wconf 90' lang='lat' dir='ltr'><strong>uti</strong></span> <span class='ocrx_word' id='word_1_105' title='bbox 1224 2060 1285 2112; x_wconf 88' lang='lat' dir='ltr'><strong>lieri</strong></span> <span class='ocrx_word' id='word_1_106' title='bbox 1306 2059 1390 2124; x_wconf 81' lang='lat' dir='ltr'><strong>solet,</strong></span> 
     </span>
     <span class='ocr_line' id='line_1_14' title="bbox 255 2144 1388 2219; baseline -0.005 -17"><span class='ocrx_word' id='word_1_107' title='bbox 255 2166 327 2219; x_wconf 90' lang='lat' dir='ltr'><strong>quae</strong></span> <span class='ocrx_word' id='word_1_108' title='bbox 344 2148 379 2200; x_wconf 91' lang='lat' dir='ltr'><strong>ad</strong></span> <span class='ocrx_word' id='word_1_109' title='bbox 399 2147 511 2199; x_wconf 81' lang='lat' dir='ltr'><strong>diuersa</strong></span> <span class='ocrx_word' id='word_1_110' title='bbox 530 2151 651 2215; x_wconf 87' lang='lat' dir='ltr'><strong>tempora</strong></span> <span class='ocrx_word' id='word_1_111' title='bbox 666 2148 854 2217; x_wconf 78' lang='lat' dir='ltr'><strong>pertinerent,</strong></span> <span class='ocrx_word' id='word_1_112' title='bbox 878 2165 933 2200; x_wconf 91' lang='lat' dir='ltr'><strong>non</strong></span> <span class='ocrx_word' id='word_1_113' title='bbox 950 2145 1019 2200; x_wconf 84' lang='lat' dir='ltr'><strong>satis</strong></span> <span class='ocrx_word' id='word_1_114' title='bbox 1036 2151 1164 2198; x_wconf 81' lang='lat' dir='ltr'><strong>accurate</strong></span> <span class='ocrx_word' id='word_1_115' title='bbox 1184 2144 1388 2198; x_wconf 79' lang='lat' dir='ltr'><strong>discernentes.</strong></span> 
     </span>
     <span class='ocr_line' id='line_1_15' title="bbox 255 2229 1390 2300; baseline -0.004 -14"><span class='ocrx_word' id='word_1_116' title='bbox 255 2235 345 2296; x_wconf 79' lang='lat' dir='ltr'><strong>Quam</strong></span> <span class='ocrx_word' id='word_1_117' title='bbox 358 2233 387 2284; x_wconf 93' lang='lat' dir='ltr'><strong>in</strong></span> <span class='ocrx_word' id='word_1_118' title='bbox 401 2249 457 2285; x_wconf 90' lang='lat' dir='ltr'><strong>rem</strong></span> <span class='ocrx_word' id='word_1_119' title='bbox 469 2248 540 2300; x_wconf 86' lang='lat' dir='ltr'><strong>quae</strong></span> <span class='ocrx_word' id='word_1_120' title='bbox 553 2231 668 2300; x_wconf 87' lang='lat' dir='ltr'><strong>plurimu</strong></span> <span class='ocrx_word' id='word_1_121' title='bbox 682 2250 698 2284; x_wconf 86' lang='lat' dir='ltr'><strong>a</strong></span> <span class='ocrx_word' id='word_1_122' title='bbox 710 2233 777 2286; x_wconf 75' lang='lat' dir='ltr'><strong>viris</strong></span> <span class='ocrx_word' id='word_1_123' title='bbox 788 2232 876 2284; x_wconf 87' lang='lat' dir='ltr'><strong>doctis</strong></span> <span class='ocrx_word' id='word_1_124' title='bbox 891 2237 987 2284; x_wconf 85' lang='lat' dir='ltr'><strong>nostra</strong></span> <span class='ocrx_word' id='word_1_125' title='bbox 1000 2229 1171 2298; x_wconf 88' lang='lat' dir='ltr'><strong>potissimum</strong></span> <span class='ocrx_word' id='word_1_126' title='bbox 1186 2235 1276 2282; x_wconf 82' lang='lat' dir='ltr'><strong>aetate</strong></span> <span class='ocrx_word' id='word_1_127' title='bbox 1292 2229 1390 2299; x_wconf 87' lang='lat' dir='ltr'><strong>dispu-</strong></span> 
     </span>
     <span class='ocr_line' id='line_1_16' title="bbox 256 2315 1390 2384; baseline -0.004 -14"><span class='ocrx_word' id='word_1_128' title='bbox 256 2322 315 2370; x_wconf 80' lang='lat' dir='ltr'><strong>tate</strong></span> <span class='ocrx_word' id='word_1_129' title='bbox 330 2323 412 2384; x_wconf 88' lang='lat' dir='ltr'><strong>sunt,</strong></span> <span class='ocrx_word' id='word_1_130' title='bbox 430 2333 463 2369; x_wconf 86' lang='lat' dir='ltr'><strong>ea</strong></span> <span class='ocrx_word' id='word_1_131' title='bbox 478 2315 603 2370; x_wconf 88' lang='lat' dir='ltr'><strong>nolumus</strong></span> <span class='ocrx_word' id='word_1_132' title='bbox 619 2317 672 2370; x_wconf 88' lang='lat' dir='ltr'><strong>buo</strong></span> <span class='ocrx_word' id='word_1_133' title='bbox 686 2317 904 2383; x_wconf 78' lang='lat' dir='ltr'><strong>transscribere;</strong></span> <span class='ocrx_word' id='word_1_134' title='bbox 928 2331 1053 2368; x_wconf 86' lang='lat' dir='ltr'><strong>summam</strong></span> <span class='ocrx_word' id='word_1_135' title='bbox 1068 2315 1146 2368; x_wconf 89' lang='lat' dir='ltr'><strong>mode</strong></span> <span class='ocrx_word' id='word_1_136' title='bbox 1165 2331 1272 2381; x_wconf 88' lang='lat' dir='ltr'><strong>eorum,</strong></span> <span class='ocrx_word' id='word_1_137' title='bbox 1291 2321 1390 2384; x_wconf 80' lang='lat' dir='ltr'><strong>quete-</strong></span> 
     </span>
     <span class='ocr_line' id='line_1_17' title="bbox 257 2400 1251 2470; baseline -0.006 -14"><span class='ocrx_word' id='word_1_138' title='bbox 257 2420 310 2456; x_wconf 86' lang='lat' dir='ltr'><strong>nus</strong></span> <span class='ocrx_word' id='word_1_139' title='bbox 328 2403 363 2454; x_wconf 86' lang='lat' dir='ltr'><strong>ed</strong></span> <span class='ocrx_word' id='word_1_140' title='bbox 378 2401 549 2454; x_wconf 88' lang='lat' dir='ltr'><strong>Herodotum</strong></span> <span class='ocrx_word' id='word_1_141' title='bbox 564 2402 617 2453; x_wconf 87' lang='lat' dir='ltr'><strong>rite</strong></span> <span class='ocrx_word' id='word_1_142' title='bbox 635 2401 843 2470; x_wconf 81' lang='lat' dir='ltr'><strong>intelligendum</strong></span> <span class='ocrx_word' id='word_1_143' title='bbox 858 2401 975 2467; x_wconf 80' lang='lat' dir='ltr'><strong>facient,</strong></span> <span class='ocrx_word' id='word_1_144' title='bbox 996 2400 1102 2452; x_wconf 83' lang='lat' dir='ltr'><strong>referre</strong></span> <span class='ocrx_word' id='word_1_145' title='bbox 1118 2405 1251 2470; x_wconf 77' lang='lat' dir='ltr'><strong>praestat.</strong></span> 
     </span>
    </p>

    <p class='ocr_par' dir='ltr' id='par_1_7' title="bbox 256 2483 1398 3914">
     <span class='ocr_line' id='line_1_18' title="bbox 341 2483 1390 2556; baseline -0.002 -18"><span class='ocrx_word' id='word_1_146' title='bbox 341 2485 380 2538; x_wconf 79' lang='lat' dir='ltr'><strong>Ac</strong></span> <span class='ocrx_word' id='word_1_147' title='bbox 402 2486 500 2538; x_wconf 79' lang='lat' dir='ltr'><strong>statuit</strong></span> <span class='ocrx_word' id='word_1_148' title='bbox 522 2485 652 2537; x_wconf 87' lang='lat' dir='ltr'><strong>Mannert</strong></span> <span class='ocrx_word' id='word_1_149' title='bbox 683 2487 801 2556; x_wconf 80' lang='lat' dir='ltr'><strong>(Geogr.</strong></span> <span class='ocrx_word' id='word_1_150' title='bbox 820 2486 847 2538; x_wconf 90' lang='lat' dir='ltr'><strong>d.</strong></span> <span class='ocrx_word' id='word_1_151' title='bbox 863 2487 913 2538; x_wconf 86' lang='lat' dir='ltr'><strong>Gr.</strong></span> <span class='ocrx_word' id='word_1_152' title='bbox 934 2503 960 2538; x_wconf 93' lang='lat' dir='ltr'><strong>u.</strong></span> <span class='ocrx_word' id='word_1_153' title='bbox 976 2483 1069 2538; x_wconf 85' lang='lat' dir='ltr'><strong>Roem.</strong></span> <span class='ocrx_word' id='word_1_154' title='bbox 1086 2485 1119 2550; x_wconf 85' lang='lat' dir='ltr'><strong>X,</strong></span> <span class='ocrx_word' id='word_1_155' title='bbox 1139 2493 1161 2543; x_wconf 82' lang='lat' dir='ltr'><strong>l.</strong></span> <span class='ocrx_word' id='word_1_156' title='bbox 1186 2503 1214 2553; x_wconf 95' lang='lat' dir='ltr'><strong>p.</strong></span> <span class='ocrx_word' id='word_1_157' title='bbox 1231 2489 1285 2544; x_wconf 73' lang='lat'><strong>528</strong></span> <span class='ocrx_word' id='word_1_158' title='bbox 1303 2483 1390 2553; x_wconf 78' lang='lat' dir='ltr'><strong>seq),</strong></span> 
     </span>
     <span class='ocr_line' id='line_1_19' title="bbox 256 2567 1392 2639; baseline -0.003 -16"><span class='ocrx_word' id='word_1_159' title='bbox 256 2569 392 2623; x_wconf 84' lang='lat' dir='ltr'><strong>Herodoti</strong></span> <span class='ocrx_word' id='word_1_160' title='bbox 413 2569 576 2622; x_wconf 81' lang='lat' dir='ltr'><strong>sententium</strong></span> <span class='ocrx_word' id='word_1_161' title='bbox 595 2569 629 2622; x_wconf 90' lang='lat' dir='ltr'><strong>de</strong></span> <span class='ocrx_word' id='word_1_162' title='bbox 645 2571 735 2622; x_wconf 88' lang='lat' dir='ltr'><strong>tribus</strong></span> <span class='ocrx_word' id='word_1_163' title='bbox 756 2570 892 2639; x_wconf 79' lang='lat' dir='ltr'><strong>primariis</strong></span> <span class='ocrx_word' id='word_1_164' title='bbox 908 2570 966 2623; x_wconf 90' lang='lat' dir='ltr'><strong>Nili</strong></span> <span class='ocrx_word' id='word_1_165' title='bbox 988 2570 1083 2638; x_wconf 88' lang='lat' dir='ltr'><strong>ostiis,</strong></span> <span class='ocrx_word' id='word_1_166' title='bbox 1108 2569 1181 2622; x_wconf 89' lang='lat' dir='ltr'><strong>unde</strong></span> <span class='ocrx_word' id='word_1_167' title='bbox 1198 2567 1306 2638; x_wconf 86' lang='lat' dir='ltr'><strong>relique</strong></span> <span class='ocrx_word' id='word_1_168' title='bbox 1323 2575 1392 2620; x_wconf 86' lang='lat' dir='ltr'><strong>tem-</strong></span> 
     </span>
     <span class='ocr_line' id='line_1_20' title="bbox 259 2653 1392 2724; baseline 0 -18"><span class='ocrx_word' id='word_1_169' title='bbox 259 2671 356 2724; x_wconf 89' lang='lat' dir='ltr'><strong>porum</strong></span> <span class='ocrx_word' id='word_1_170' title='bbox 371 2655 491 2707; x_wconf 85' lang='lat' dir='ltr'><strong>decursu</strong></span> <span class='ocrx_word' id='word_1_171' title='bbox 509 2654 615 2706; x_wconf 86' lang='lat' dir='ltr'><strong>suerint</strong></span> <span class='ocrx_word' id='word_1_172' title='bbox 629 2653 760 2724; x_wconf 84' lang='lat' dir='ltr'><strong>dedu&#39;ote,</strong></span> <span class='ocrx_word' id='word_1_173' title='bbox 783 2673 841 2708; x_wconf 85' lang='lat' dir='ltr'><strong>eam</strong></span> <span class='ocrx_word' id='word_1_174' title='bbox 856 2655 960 2723; x_wconf 86' lang='lat' dir='ltr'><strong>videri,</strong></span> <span class='ocrx_word' id='word_1_175' title='bbox 979 2671 1050 2724; x_wconf 85' lang='lat' dir='ltr'><strong>quea</strong></span> <span class='ocrx_word' id='word_1_176' title='bbox 1064 2662 1092 2706; x_wconf 89' lang='lat' dir='ltr'><strong>et</strong></span> <span class='ocrx_word' id='word_1_177' title='bbox 1108 2654 1219 2706; x_wconf 85' lang='lat' dir='ltr'><strong>maxime</strong></span> <span class='ocrx_word' id='word_1_178' title='bbox 1237 2653 1392 2722; x_wconf 70' lang='lat' dir='ltr'><strong>probabilis</strong></span> 
     </span>
     <span class='ocr_line' id='line_1_21' title="bbox 260 2737 1393 2808; baseline -0.002 -16"><span class='ocrx_word' id='word_1_179' title='bbox 260 2746 368 2792; x_wconf 85' lang='lat' dir='ltr'><strong>etcum</strong></span> <span class='ocrx_word' id='word_1_180' title='bbox 392 2739 502 2808; x_wconf 82' lang='lat' dir='ltr'><strong>ipsura</strong></span> <span class='ocrx_word' id='word_1_181' title='bbox 523 2745 709 2794; x_wconf 82' lang='lat' dir='ltr'><strong>consentanea</strong></span> <span class='ocrx_word' id='word_1_182' title='bbox 729 2739 774 2792; x_wconf 88' lang='lat' dir='ltr'><strong>sit.</strong></span> <span class='ocrx_word' id='word_1_183' title='bbox 804 2741 893 2803; x_wconf 78' lang='lat' dir='ltr'><strong>Quem</strong></span> <span class='ocrx_word' id='word_1_184' title='bbox 909 2739 1025 2794; x_wconf 90' lang='lat' dir='ltr'><strong>medium</strong></span> <span class='ocrx_word' id='word_1_185' title='bbox 1046 2738 1091 2792; x_wconf 86' lang='lat' dir='ltr'><strong>ille</strong></span> <span class='ocrx_word' id='word_1_186' title='bbox 1105 2739 1178 2792; x_wconf 86' lang='lat' dir='ltr'><strong>dicat</strong></span> <span class='ocrx_word' id='word_1_187' title='bbox 1193 2737 1251 2792; x_wconf 87' lang='lat' dir='ltr'><strong>Nili</strong></span> <span class='ocrx_word' id='word_1_188' title='bbox 1274 2738 1393 2792; x_wconf 82' lang='lat' dir='ltr'><strong>fluvium</strong></span> 
     </span>
     <span class='ocr_line' id='line_1_22' title="bbox 259 2823 1391 2895; baseline -0.001 -19"><span class='ocrx_word' id='word_1_189' title='bbox 259 2823 489 2892; x_wconf 84' lang='lat' dir='ltr'><strong>Sebennyticum,</strong></span> <span class='ocrx_word' id='word_1_190' title='bbox 506 2840 566 2876; x_wconf 89' lang='lat' dir='ltr'><strong>eum</strong></span> <span class='ocrx_word' id='word_1_191' title='bbox 581 2823 644 2876; x_wconf 90' lang='lat' dir='ltr'><strong>olim</strong></span> <span class='ocrx_word' id='word_1_192' title='bbox 657 2825 746 2878; x_wconf 82' lang='lat' dir='ltr'><strong>fuisse</strong></span> <span class='ocrx_word' id='word_1_193' title='bbox 761 2824 849 2878; x_wconf 83' lang='lat' dir='ltr'><strong>videri</strong></span> <span class='ocrx_word' id='word_1_194' title='bbox 863 2825 1013 2895; x_wconf 78' lang='lat' dir='ltr'><strong>principem</strong></span> <span class='ocrx_word' id='word_1_195' title='bbox 1027 2840 1058 2876; x_wconf 81' lang='lat' dir='ltr'><strong>uo</strong></span> <span class='ocrx_word' id='word_1_196' title='bbox 1073 2823 1245 2893; x_wconf 69' lang='lat' dir='ltr'><strong>primarium,</strong></span> <span class='ocrx_word' id='word_1_197' title='bbox 1262 2841 1295 2876; x_wconf 83' lang='lat' dir='ltr'><strong>ex</strong></span> <span class='ocrx_word' id='word_1_198' title='bbox 1311 2841 1345 2875; x_wconf 88' lang='lat' dir='ltr'><strong>ee</strong></span> <span class='ocrx_word' id='word_1_199' title='bbox 1361 2823 1391 2876; x_wconf 90' lang='lat' dir='ltr'><strong>in</strong></span> 
     </span>
     <span class='ocr_line' id='line_1_23' title="bbox 262 2907 1392 2980; baseline -0.002 -18"><span class='ocrx_word' id='word_1_200' title='bbox 262 2915 524 2980; x_wconf 76' lang='lat' dir='ltr'><strong>utramquepartem</strong></span> <span class='ocrx_word' id='word_1_201' title='bbox 539 2916 566 2960; x_wconf 90' lang='lat' dir='ltr'><strong>et</strong></span> <span class='ocrx_word' id='word_1_202' title='bbox 583 2909 748 2962; x_wconf 87' lang='lat' dir='ltr'><strong>occidentem</strong></span> <span class='ocrx_word' id='word_1_203' title='bbox 764 2913 792 2962; x_wconf 87' lang='lat' dir='ltr'><strong>et</strong></span> <span class='ocrx_word' id='word_1_204' title='bbox 807 2910 938 2964; x_wconf 86' lang='lat' dir='ltr'><strong>orientem</strong></span> <span class='ocrx_word' id='word_1_205' title='bbox 954 2925 1053 2962; x_wconf 76' lang='lat' dir='ltr'><strong>aereus</strong></span> <span class='ocrx_word' id='word_1_206' title='bbox 1074 2909 1107 2960; x_wconf 88' lang='lat' dir='ltr'><strong>ad</strong></span> <span class='ocrx_word' id='word_1_207' title='bbox 1128 2927 1201 2962; x_wconf 88' lang='lat' dir='ltr'><strong>mare</strong></span> <span class='ocrx_word' id='word_1_208' title='bbox 1222 2907 1392 2961; x_wconf 83' lang='lat' dir='ltr'><strong>discessisse</strong></span> 
     </span>
     <span class='ocr_line' id='line_1_24' title="bbox 261 2992 1392 3062; baseline -0.002 -16"><span class='ocrx_word' id='word_1_209' title='bbox 261 2994 316 3048; x_wconf 89' lang='lat' dir='ltr'><strong>duo</strong></span> <span class='ocrx_word' id='word_1_210' title='bbox 339 2994 464 3048; x_wconf 86' lang='lat' dir='ltr'><strong>brachia:</strong></span> <span class='ocrx_word' id='word_1_211' title='bbox 487 2993 654 3062; x_wconf 82' lang='lat' dir='ltr'><strong>Canopicum</strong></span> <span class='ocrx_word' id='word_1_212' title='bbox 675 3001 703 3047; x_wconf 90' lang='lat' dir='ltr'><strong>et</strong></span> <span class='ocrx_word' id='word_1_213' title='bbox 725 2993 910 3062; x_wconf 85' lang='lat' dir='ltr'><strong>Pelusiacum,</strong></span> <span class='ocrx_word' id='word_1_214' title='bbox 938 3001 1010 3048; x_wconf 87' lang='lat' dir='ltr'><strong>teste</strong></span> <span class='ocrx_word' id='word_1_215' title='bbox 1030 2993 1119 3046; x_wconf 84' lang='lat' dir='ltr'><strong>Plinio</strong></span> <span class='ocrx_word' id='word_1_216' title='bbox 1133 2995 1209 3046; x_wconf 89' lang='lat' dir='ltr'><strong>Hiat.</strong></span> <span class='ocrx_word' id='word_1_217' title='bbox 1228 2993 1294 3045; x_wconf 89' lang='lat' dir='ltr'><strong>Nat.</strong></span> <span class='ocrx_word' id='word_1_218' title='bbox 1313 2992 1348 3060; x_wconf 80' lang='lat' dir='ltr'><strong>V,</strong></span> <span class='ocrx_word' id='word_1_219' title='bbox 1364 2995 1392 3050; x_wconf 83' lang='lat'><strong>9.</strong></span> 
     </span>
     <span class='ocr_line' id='line_1_25' title="bbox 262 3075 1393 3150; baseline -0.002 -18"><span class='ocrx_word' id='word_1_220' title='bbox 262 3085 287 3144; x_wconf 79' lang='lat' dir='ltr'><strong>S.</strong></span> <span class='ocrx_word' id='word_1_221' title='bbox 306 3085 349 3138; x_wconf 77' lang='lat'><strong>48.</strong></span> <span class='ocrx_word' id='word_1_222' title='bbox 384 3081 445 3132; x_wconf 88' lang='lat' dir='ltr'><strong>Hoc</strong></span> <span class='ocrx_word' id='word_1_223' title='bbox 460 3078 556 3147; x_wconf 89' lang='lat' dir='ltr'><strong>utique</strong></span> <span class='ocrx_word' id='word_1_224' title='bbox 571 3079 657 3146; x_wconf 80' lang='lat' dir='ltr'><strong>magis</strong></span> <span class='ocrx_word' id='word_1_225' title='bbox 672 3079 761 3132; x_wconf 81' lang='lat' dir='ltr'><strong>videri</strong></span> <span class='ocrx_word' id='word_1_226' title='bbox 775 3097 941 3148; x_wconf 85' lang='lat' dir='ltr'><strong>congruum,</strong></span> <span class='ocrx_word' id='word_1_227' title='bbox 963 3095 1043 3150; x_wconf 84' lang='lat' dir='ltr'><strong>quam</strong></span> <span class='ocrx_word' id='word_1_228' title='bbox 1057 3078 1132 3148; x_wconf 90' lang='lat' dir='ltr'><strong>quod</strong></span> <span class='ocrx_word' id='word_1_229' title='bbox 1148 3077 1315 3148; x_wconf 84' lang='lat' dir='ltr'><strong>Canopicum</strong></span> <span class='ocrx_word' id='word_1_230' title='bbox 1338 3075 1393 3130; x_wconf 88' lang='lat' dir='ltr'><strong>du-</strong></span> 
     </span>
     <span class='ocr_line' id='line_1_26' title="bbox 260 3163 1395 3235; baseline -0.003 -20"><span class='ocrx_word' id='word_1_231' title='bbox 260 3163 335 3216; x_wconf 78' lang='lat' dir='ltr'><strong>rium</strong></span> <span class='ocrx_word' id='word_1_232' title='bbox 356 3163 445 3216; x_wconf 80' lang='lat' dir='ltr'><strong>luisse</strong></span> <span class='ocrx_word' id='word_1_233' title='bbox 462 3163 627 3232; x_wconf 85' lang='lat' dir='ltr'><strong>primitivum</strong></span> <span class='ocrx_word' id='word_1_234' title='bbox 647 3164 722 3217; x_wconf 83' lang='lat' dir='ltr'><strong>dices</strong></span> <span class='ocrx_word' id='word_1_235' title='bbox 745 3165 869 3235; x_wconf 86' lang='lat' dir='ltr'><strong>adeoque</strong></span> <span class='ocrx_word' id='word_1_236' title='bbox 888 3171 1027 3234; x_wconf 88' lang='lat' dir='ltr'><strong>parentem</strong></span> <span class='ocrx_word' id='word_1_237' title='bbox 1048 3163 1232 3234; x_wconf 90' lang='lat' dir='ltr'><strong>reliquorum,</strong></span> <span class='ocrx_word' id='word_1_238' title='bbox 1254 3167 1395 3233; x_wconf 89' lang='lat' dir='ltr'><strong>quotquot</strong></span> 
     </span>
     <span class='ocr_line' id='line_1_27' title="bbox 261 3247 1394 3319; baseline -0.001 -19"><span class='ocrx_word' id='word_1_239' title='bbox 261 3247 345 3315; x_wconf 78' lang='lat' dir='ltr'><strong>vulgo</strong></span> <span class='ocrx_word' id='word_1_240' title='bbox 359 3247 564 3316; x_wconf 77' lang='lat' dir='ltr'><strong>perhibeantur.</strong></span> <span class='ocrx_word' id='word_1_241' title='bbox 595 3248 730 3317; x_wconf 77' lang='lat' dir='ltr'><strong>Equidem</strong></span> <span class='ocrx_word' id='word_1_242' title='bbox 745 3257 834 3303; x_wconf 82' lang='lat' dir='ltr'><strong>taruen</strong></span> <span class='ocrx_word' id='word_1_243' title='bbox 857 3267 904 3302; x_wconf 87' lang='lat' dir='ltr'><strong>eoa</strong></span> <span class='ocrx_word' id='word_1_244' title='bbox 920 3249 1001 3319; x_wconf 86' lang='lat' dir='ltr'><strong>sequi</strong></span> <span class='ocrx_word' id='word_1_245' title='bbox 1017 3248 1117 3314; x_wconf 87' lang='lat' dir='ltr'><strong>malim,</strong></span> <span class='ocrx_word' id='word_1_246' title='bbox 1138 3249 1240 3319; x_wconf 85' lang='lat' dir='ltr'><strong>quibus</strong></span> <span class='ocrx_word' id='word_1_247' title='bbox 1257 3247 1394 3300; x_wconf 83' lang='lat' dir='ltr'><strong>verisimi-</strong></span> 
     </span>
     <span class='ocr_line' id='line_1_28' title="bbox 261 3330 1395 3402; baseline 0.001 -20"><span class='ocrx_word' id='word_1_248' title='bbox 261 3330 316 3384; x_wconf 88' lang='lat' dir='ltr'><strong>lius</strong></span> <span class='ocrx_word' id='word_1_249' title='bbox 332 3339 432 3384; x_wconf 88' lang='lat' dir='ltr'><strong>etcum</strong></span> <span class='ocrx_word' id='word_1_250' title='bbox 447 3332 509 3402; x_wconf 85' lang='lat' dir='ltr'><strong>ipsu</strong></span> <span class='ocrx_word' id='word_1_251' title='bbox 523 3338 613 3384; x_wconf 90' lang='lat' dir='ltr'><strong>terrae</strong></span> <span class='ocrx_word' id='word_1_252' title='bbox 631 3332 723 3388; x_wconf 87' lang='lat' dir='ltr'><strong>indole</strong></span> <span class='ocrx_word' id='word_1_253' title='bbox 738 3335 823 3402; x_wconf 84' lang='lat' dir='ltr'><strong>magis</strong></span> <span class='ocrx_word' id='word_1_254' title='bbox 839 3339 1053 3388; x_wconf 75' lang='lat' dir='ltr'><strong>consentaneum</strong></span> <span class='ocrx_word' id='word_1_255' title='bbox 1068 3334 1194 3399; x_wconf 87' lang='lat' dir='ltr'><strong>videtur,</strong></span> <span class='ocrx_word' id='word_1_256' title='bbox 1217 3336 1269 3386; x_wconf 83' lang='lat' dir='ltr'><strong>duo</strong></span> <span class='ocrx_word' id='word_1_257' title='bbox 1285 3337 1395 3384; x_wconf 77' lang='lat' dir='ltr'><strong>tentum</strong></span> 
     </span>
     <span class='ocr_line' id='line_1_29' title="bbox 261 3415 1394 3490; baseline 0.001 -22"><span class='ocrx_word' id='word_1_258' title='bbox 261 3415 387 3484; x_wconf 88' lang='lat' dir='ltr'><strong>primitus</strong></span> <span class='ocrx_word' id='word_1_259' title='bbox 402 3416 490 3468; x_wconf 81' lang='lat' dir='ltr'><strong>fuisse</strong></span> <span class='ocrx_word' id='word_1_260' title='bbox 505 3416 628 3484; x_wconf 86' lang='lat' dir='ltr'><strong>brachia,</strong></span> <span class='ocrx_word' id='word_1_261' title='bbox 647 3417 819 3472; x_wconf 83' lang='lat' dir='ltr'><strong>Pelusiacum</strong></span> <span class='ocrx_word' id='word_1_262' title='bbox 834 3427 862 3472; x_wconf 88' lang='lat' dir='ltr'><strong>et</strong></span> <span class='ocrx_word' id='word_1_263' title='bbox 877 3419 1053 3490; x_wconf 75' lang='lat' dir='ltr'><strong>Canopicum,</strong></span> <span class='ocrx_word' id='word_1_264' title='bbox 1071 3418 1146 3471; x_wconf 83' lang='lat' dir='ltr'><strong>intre</strong></span> <span class='ocrx_word' id='word_1_265' title='bbox 1161 3435 1231 3488; x_wconf 93' lang='lat' dir='ltr'><strong>quae</strong></span> <span class='ocrx_word' id='word_1_266' title='bbox 1245 3423 1330 3484; x_wconf 88' lang='lat' dir='ltr'><strong>terra,</strong></span> <span class='ocrx_word' id='word_1_267' title='bbox 1349 3416 1394 3470; x_wconf 88' lang='lat' dir='ltr'><strong>cui</strong></span> 
     </span>
     <span class='ocr_line' id='line_1_30' title="bbox 262 3496 1394 3572; baseline 0.006 -22"><span class='ocrx_word' id='word_1_268' title='bbox 262 3517 359 3552; x_wconf 89' lang='lat' dir='ltr'><strong>nomen</strong></span> <span class='ocrx_word' id='word_1_269' title='bbox 375 3496 500 3568; x_wconf 66' lang='lat' dir='ltr'><strong>uenat),</strong></span> <span class='ocrx_word' id='word_1_270' title='bbox 519 3501 580 3554; x_wconf 90' lang='lat' dir='ltr'><strong>olim</strong></span> <span class='ocrx_word' id='word_1_271' title='bbox 596 3503 762 3556; x_wconf 85' lang='lat' dir='ltr'><strong>substiterit.</strong></span> <span class='ocrx_word' id='word_1_272' title='bbox 792 3503 963 3558; x_wconf 76' lang='lat' dir='ltr'><strong>Vidliitter.</strong></span> <span class='ocrx_word' id='word_1_273' title='bbox 978 3503 1160 3558; x_wconf 84' lang='lat' dir='ltr'><strong>Erdkundel.</strong></span> <span class='ocrx_word' id='word_1_274' title='bbox 1173 3507 1262 3572; x_wconf 73' lang='lat' dir='ltr'><strong>peta</strong></span> <span class='ocrx_word' id='word_1_275' title='bbox 1276 3508 1305 3556; x_wconf 88' lang='lat' dir='ltr'><strong>et</strong></span> <span class='ocrx_word' id='word_1_276' title='bbox 1320 3505 1394 3554; x_wconf 76' lang='lat' dir='ltr'><strong>nott·</strong></span> 
     </span>
     <span class='ocr_line' id='line_1_31' title="bbox 262 3583 1395 3659; baseline 0.004 -23"><span class='ocrx_word' id='word_1_277' title='bbox 262 3583 297 3636; x_wconf 85' lang='lat' dir='ltr'><strong>ed</strong></span> <span class='ocrx_word' id='word_1_278' title='bbox 312 3585 415 3638; x_wconf 82' lang='lat' dir='ltr'><strong>Herod.</strong></span> <span class='ocrx_word' id='word_1_279' title='bbox 435 3585 471 3650; x_wconf 91' lang='grc' dir='ltr'><strong>Π,</strong></span> <span class='ocrx_word' id='word_1_280' title='bbox 486 3592 513 3644; x_wconf 88' lang='lat'><strong>5.</strong></span> <span class='ocrx_word' id='word_1_281' title='bbox 542 3584 639 3640; x_wconf 87' lang='lat' dir='ltr'><strong>Paulin</strong></span> <span class='ocrx_word' id='word_1_282' title='bbox 661 3589 780 3642; x_wconf 86' lang='lat' dir='ltr'><strong>Talabot</strong></span> <span class='ocrx_word' id='word_1_283' title='bbox 801 3590 846 3643; x_wconf 88' lang='lat' dir='ltr'><strong>in:</strong></span> <span class='ocrx_word' id='word_1_284' title='bbox 867 3589 963 3644; x_wconf 74' lang='lat' dir='ltr'><strong>Revue</strong></span> <span class='ocrx_word' id='word_1_285' title='bbox 986 3590 1013 3642; x_wconf 92' lang='lat' dir='ltr'><strong>d.</strong></span> <span class='ocrx_word' id='word_1_286' title='bbox 1030 3590 1057 3642; x_wconf 91' lang='lat' dir='ltr'><strong>d.</strong></span> <span class='ocrx_word' id='word_1_287' title='bbox 1075 3587 1164 3642; x_wconf 87' lang='lat' dir='ltr'><strong>mond.</strong></span> <span class='ocrx_word' id='word_1_288' title='bbox 1186 3587 1283 3659; x_wconf 74' lang='lat'>(1865)</span> <span class='ocrx_word' id='word_1_289' title='bbox 1304 3587 1340 3640; x_wconf 88' lang='lat' dir='ltr'><strong>T.</strong></span> <span class='ocrx_word' id='word_1_290' title='bbox 1358 3585 1395 3639; x_wconf 83' lang='lat' dir='ltr'><strong>X.</strong></span> 
     </span>
     <span class='ocr_line' id='line_1_32' title="bbox 262 3670 1398 3746; baseline 0.016 -27"><span class='ocrx_word' id='word_1_291' title='bbox 262 3687 289 3738; x_wconf 89' lang='lat' dir='ltr'><strong>p.</strong></span> <span class='ocrx_word' id='word_1_292' title='bbox 305 3673 367 3729; x_wconf 75' lang='lat'><strong>485.</strong></span> <span class='ocrx_word' id='word_1_293' title='bbox 398 3671 497 3739; x_wconf 85' lang='lat' dir='ltr'><strong>Neque</strong></span> <span class='ocrx_word' id='word_1_294' title='bbox 511 3670 611 3724; x_wconf 82' lang='lat' dir='ltr'><strong>Strabo</strong></span> <span class='ocrx_word' id='word_1_295' title='bbox 625 3673 756 3727; x_wconf 79' lang='lat' dir='ltr'><strong>dissentit</strong></span> <span class='ocrx_word' id='word_1_296' title='bbox 772 3673 859 3728; x_wconf 83' lang='lat' dir='ltr'><strong>xvn.</strong></span> <span class='ocrx_word' id='word_1_297' title='bbox 878 3693 906 3744; x_wconf 88' lang='lat' dir='ltr'><strong>p.</strong></span> <span class='ocrx_word' id='word_1_298' title='bbox 925 3677 977 3735; x_wconf 84' lang='grc'><strong>788</strong></span> <span class='ocrx_word' id='word_1_299' title='bbox 990 3693 1014 3728; x_wconf 81' lang='lat' dir='ltr'><strong>s.</strong></span> <span class='ocrx_word' id='word_1_300' title='bbox 1030 3694 1058 3746; x_wconf 86' lang='lat' dir='ltr'><strong>p.</strong></span> <span class='ocrx_word' id='word_1_301' title='bbox 1076 3679 1144 3734; x_wconf 80' lang='lat'><strong>1136</strong></span> <span class='ocrx_word' id='word_1_302' title='bbox 1160 3671 1195 3724; x_wconf 85' lang='lat' dir='ltr'><strong>D·</strong></span> <span class='ocrx_word' id='word_1_303' title='bbox 1235 3671 1398 3734; x_wconf 63' lang='grc' dir='ltr'><strong>01110οΜ</strong></span> 
     </span>
     <span class='ocr_line' id='line_1_33' title="bbox 263 3753 1398 3828; baseline 0.003 -23"><span class='ocrx_word' id='word_1_304' title='bbox 263 3753 302 3805; x_wconf 89' lang='lat' dir='ltr'><strong>itu</strong></span> <span class='ocrx_word' id='word_1_305' title='bbox 321 3755 393 3824; x_wconf 90' lang='lat' dir='ltr'><strong>sint,</strong></span> <span class='ocrx_word' id='word_1_306' title='bbox 422 3755 472 3808; x_wconf 86' lang='lat' dir='ltr'><strong>hoe</strong></span> <span class='ocrx_word' id='word_1_307' title='bbox 494 3755 541 3808; x_wconf 83' lang='lat' dir='ltr'><strong>uix</strong></span> <span class='ocrx_word' id='word_1_308' title='bbox 558 3758 655 3826; x_wconf 79' lang='lat' dir='ltr'><strong>negari</strong></span> <span class='ocrx_word' id='word_1_309' title='bbox 675 3759 789 3827; x_wconf 87' lang='lat' dir='ltr'><strong>poterit,</strong></span> <span class='ocrx_word' id='word_1_310' title='bbox 816 3759 953 3828; x_wconf 84' lang='lat' dir='ltr'><strong>primitiva</strong></span> <span class='ocrx_word' id='word_1_311' title='bbox 968 3758 1026 3812; x_wconf 91' lang='lat' dir='ltr'><strong>Nili</strong></span> <span class='ocrx_word' id='word_1_312' title='bbox 1049 3759 1160 3812; x_wconf 87' lang='lat' dir='ltr'><strong>brachia</strong></span> <span class='ocrx_word' id='word_1_313' title='bbox 1179 3757 1306 3827; x_wconf 88' lang='lat' dir='ltr'><strong>ostiaque</strong></span> <span class='ocrx_word' id='word_1_314' title='bbox 1329 3765 1398 3827; x_wconf 84' lang='lat' dir='ltr'><strong>post</strong></span> 
     </span>
     <span class='ocr_line' id='line_1_34' title="bbox 263 3839 1396 3914; baseline 0.004 -23"><span class='ocrx_word' id='word_1_315' title='bbox 263 3839 405 3893; x_wconf 74' lang='lat' dir='ltr'><strong>admodum</strong></span> <span class='ocrx_word' id='word_1_316' title='bbox 425 3841 513 3894; x_wconf 81' lang='lat' dir='ltr'><strong>luisse</strong></span> <span class='ocrx_word' id='word_1_317' title='bbox 534 3849 651 3912; x_wconf 86' lang='lat' dir='ltr'><strong>mutata,</strong></span> <span class='ocrx_word' id='word_1_318' title='bbox 674 3849 730 3898; x_wconf 89' lang='lat' dir='ltr'><strong>tum</strong></span> <span class='ocrx_word' id='word_1_319' title='bbox 746 3843 880 3898; x_wconf 86' lang='lat' dir='ltr'><strong>hominum</strong></span> <span class='ocrx_word' id='word_1_320' title='bbox 901 3861 985 3914; x_wconf 89' lang='lat' dir='ltr'><strong>opera</strong></span> <span class='ocrx_word' id='word_1_321' title='bbox 1000 3847 1095 3914; x_wconf 85' lang='lat' dir='ltr'><strong>atque.</strong></span> <span class='ocrx_word' id='word_1_322' title='bbox 1106 3847 1166 3897; x_wconf 87' lang='lat' dir='ltr'><strong>arte</strong></span> <span class='ocrx_word' id='word_1_323' title='bbox 1181 3840 1292 3896; x_wconf 81' lang='lat' dir='ltr'><strong>canales</strong></span> <span class='ocrx_word' id='word_1_324' title='bbox 1307 3842 1396 3896; x_wconf 90' lang='lat' dir='ltr'><strong>dedu·</strong></span> 
     </span>
    </p>
   </div>
   <div class='ocr_carea' id='block_1_7' title="bbox 261 4037 1397 4456">
    <p class='ocr_par' dir='ltr' id='par_1_8' title="bbox 261 4037 1397 4456">
     <span class='ocr_line' id='line_1_35' title="bbox 334 4037 1396 4105; baseline 0 -15"><span class='ocrx_word' id='word_1_325' title='bbox 334 4037 361 4104; x_wconf 76' lang='lat'><strong>¹¹¹)</strong></span> <span class='ocrx_word' id='word_1_326' title='bbox 384 4041 445 4090; x_wconf 87' lang='lat' dir='ltr'><strong>Hoc</strong></span> <span class='ocrx_word' id='word_1_327' title='bbox 462 4039 545 4090; x_wconf 88' lang='lat' dir='ltr'><strong>Delta</strong></span> <span class='ocrx_word' id='word_1_328' title='bbox 562 4040 653 4105; x_wconf 83' lang='lat' dir='ltr'><strong>priseo</strong></span> <span class='ocrx_word' id='word_1_329' title='bbox 677 4041 821 4092; x_wconf 85' lang='lat' dir='ltr'><strong>admodum</strong></span> <span class='ocrx_word' id='word_1_330' title='bbox 840 4056 910 4092; x_wconf 83' lang='lat' dir='ltr'><strong>aevo</strong></span> <span class='ocrx_word' id='word_1_331' title='bbox 929 4042 1068 4092; x_wconf 82' lang='lat' dir='ltr'><strong>extensius</strong></span> <span class='ocrx_word' id='word_1_332' title='bbox 1093 4041 1179 4093; x_wconf 80' lang='lat' dir='ltr'><strong>tuisse</strong></span> <span class='ocrx_word' id='word_1_333' title='bbox 1200 4039 1324 4091; x_wconf 87' lang='lat' dir='ltr'><strong>dubitari</strong></span> <span class='ocrx_word' id='word_1_334' title='bbox 1346 4039 1396 4090; x_wconf 81' lang='lat' dir='ltr'><strong>rix</strong></span> 
     </span>
     <span class='ocr_line' id='line_1_36' title="bbox 265 4109 1397 4177; baseline 0.004 -21"><span class='ocrx_word' id='word_1_335' title='bbox 265 4109 377 4171; x_wconf 88' lang='lat' dir='ltr'><strong>poterit,</strong></span> <span class='ocrx_word' id='word_1_336' title='bbox 393 4115 467 4161; x_wconf 86' lang='lat' dir='ltr'><strong>reete</strong></span> <span class='ocrx_word' id='word_1_337' title='bbox 486 4109 649 4161; x_wconf 79' lang='lat' dir='ltr'><strong>observante</strong></span> <span class='ocrx_word' id='word_1_338' title='bbox 659 4111 829 4177; x_wconf 80' lang='lat' dir='ltr'><strong>Russeggero</strong></span> <span class='ocrx_word' id='word_1_339' title='bbox 846 4111 949 4162; x_wconf 86' lang='lat' dir='ltr'><strong>Reiseu</strong></span> <span class='ocrx_word' id='word_1_340' title='bbox 967 4115 1020 4162; x_wconf 89' lang='lat' dir='ltr'><strong>etc.</strong></span> <span class='ocrx_word' id='word_1_341' title='bbox 1039 4111 1094 4174; x_wconf 90' lang='lat' dir='ltr'><strong>I,l.</strong></span> <span class='ocrx_word' id='word_1_342' title='bbox 1110 4111 1260 4177; x_wconf 79' lang='lat' dir='ltr'><strong>p250aeq.</strong></span> <span class='ocrx_word' id='word_1_343' title='bbox 1278 4115 1397 4176; x_wconf 85' lang='lat' dir='ltr'><strong>propter</strong></span> 
     </span>
     <span class='ocr_line' id='line_1_37' title="bbox 264 4177 1397 4247; baseline 0.005 -23"><span class='ocrx_word' id='word_1_344' title='bbox 264 4177 385 4228; x_wconf 77' lang='lat' dir='ltr'><strong>rationes</strong></span> <span class='ocrx_word' id='word_1_345' title='bbox 402 4179 566 4244; x_wconf 78' lang='lat' dir='ltr'><strong>geologicua.</strong></span> <span class='ocrx_word' id='word_1_346' title='bbox 602 4182 725 4247; x_wconf 88' lang='lat' dir='ltr'><strong>Nnmque</strong></span> <span class='ocrx_word' id='word_1_347' title='bbox 737 4181 794 4232; x_wconf 88' lang='lat' dir='ltr'><strong>Nili</strong></span> <span class='ocrx_word' id='word_1_348' title='bbox 810 4180 952 4232; x_wconf 88' lang='lat' dir='ltr'><strong>bruchium</strong></span> <span class='ocrx_word' id='word_1_349' title='bbox 967 4181 1094 4246; x_wconf 86' lang='lat' dir='ltr'><strong>superius</strong></span> <span class='ocrx_word' id='word_1_350' title='bbox 1112 4181 1254 4232; x_wconf 83' lang='lat' dir='ltr'><strong>discedens</strong></span> <span class='ocrx_word' id='word_1_351' title='bbox 1264 4197 1314 4245; x_wconf 87' lang='lat' dir='ltr'><strong>per</strong></span> <span class='ocrx_word' id='word_1_352' title='bbox 1332 4196 1397 4231; x_wconf 88' lang='lat' dir='ltr'><strong>eum</strong></span> 
     </span>
     <span class='ocr_line' id='line_1_38' title="bbox 263 4245 1396 4317; baseline 0.005 -24"><span class='ocrx_word' id='word_1_353' title='bbox 263 4245 367 4310; x_wconf 82' lang='lat' dir='ltr'><strong>Libyae</strong></span> <span class='ocrx_word' id='word_1_354' title='bbox 382 4251 509 4311; x_wconf 82' lang='lat' dir='ltr'><strong>tractum,</strong></span> <span class='ocrx_word' id='word_1_355' title='bbox 528 4249 574 4314; x_wconf 89' lang='lat' dir='ltr'><strong>qui</strong></span> <span class='ocrx_word' id='word_1_356' title='bbox 592 4266 661 4300; x_wconf 78' lang='lat' dir='ltr'><strong>urano</strong></span> <span class='ocrx_word' id='word_1_357' title='bbox 679 4252 804 4303; x_wconf 76' lang='lat' dir='ltr'><strong>desertus</strong></span> <span class='ocrx_word' id='word_1_358' title='bbox 821 4249 976 4316; x_wconf 84' lang='lat' dir='ltr'><strong>sterilisque</strong></span> <span class='ocrx_word' id='word_1_359' title='bbox 994 4253 1068 4301; x_wconf 82' lang='lat' dir='ltr'><strong>iacet</strong></span> <span class='ocrx_word' id='word_1_360' title='bbox 1087 4249 1153 4317; x_wconf 86' lang='lat' dir='ltr'><strong>(vid.</strong></span> <span class='ocrx_word' id='word_1_361' title='bbox 1173 4249 1253 4316; x_wconf 76' lang='lat' dir='ltr'><strong>plura</strong></span> <span class='ocrx_word' id='word_1_362' title='bbox 1273 4251 1303 4300; x_wconf 91' lang='lat' dir='ltr'><strong>in</strong></span> <span class='ocrx_word' id='word_1_363' title='bbox 1321 4255 1396 4300; x_wconf 85' lang='lat' dir='ltr'><strong>nott.</strong></span> 
     </span>
     <span class='ocr_line' id='line_1_39' title="bbox 264 4313 1397 4386; baseline 0.007 -23"><span class='ocrx_word' id='word_1_364' title='bbox 264 4313 299 4364; x_wconf 86' lang='lat' dir='ltr'><strong>ad</strong></span> <span class='ocrx_word' id='word_1_365' title='bbox 317 4313 356 4378; x_wconf 90' lang='lat'><strong>11,</strong></span> <span class='ocrx_word' id='word_1_366' title='bbox 375 4315 432 4379; x_wconf 83' lang='lat'><strong>10),</strong></span> <span class='ocrx_word' id='word_1_367' title='bbox 455 4317 491 4368; x_wconf 87' lang='lat' dir='ltr'><strong>ad</strong></span> <span class='ocrx_word' id='word_1_368' title='bbox 508 4333 581 4370; x_wconf 86' lang='lat' dir='ltr'><strong>mare</strong></span> <span class='ocrx_word' id='word_1_369' title='bbox 600 4320 718 4370; x_wconf 84' lang='lat' dir='ltr'><strong>tetendit</strong></span> <span class='ocrx_word' id='word_1_370' title='bbox 737 4325 820 4386; x_wconf 84' lang='lat' dir='ltr'><strong>atque</strong></span> <span class='ocrx_word' id='word_1_371' title='bbox 840 4319 891 4370; x_wconf 93' lang='lat' dir='ltr'><strong>hoo</strong></span> <span class='ocrx_word' id='word_1_372' title='bbox 911 4321 991 4371; x_wconf 88' lang='lat' dir='ltr'><strong>modo</strong></span> <span class='ocrx_word' id='word_1_373' title='bbox 1011 4319 1086 4371; x_wconf 87' lang='lat' dir='ltr'><strong>hunc</strong></span> <span class='ocrx_word' id='word_1_374' title='bbox 1105 4319 1195 4385; x_wconf 88' lang='lat' dir='ltr'><strong>ipsum</strong></span> <span class='ocrx_word' id='word_1_375' title='bbox 1213 4323 1333 4371; x_wconf 84' lang='lat' dir='ltr'><strong>tractum</strong></span> <span class='ocrx_word' id='word_1_376' title='bbox 1352 4335 1397 4371; x_wconf 87' lang='lat' dir='ltr'><strong>re·</strong></span> 
     </span>
     <span class='ocr_line' id='line_1_40' title="bbox 261 4381 1052 4456; baseline 0.009 -23"><span class='ocrx_word' id='word_1_377' title='bbox 261 4381 339 4447; x_wconf 68' lang='lat' dir='ltr'><strong>pioni</strong></span> <span class='ocrx_word' id='word_1_378' title='bbox 356 4385 439 4436; x_wconf 85' lang='lat' dir='ltr'><strong>Delta</strong></span> <span class='ocrx_word' id='word_1_379' title='bbox 457 4401 490 4438; x_wconf 82' lang='lat' dir='ltr'><strong>ee</strong></span> <span class='ocrx_word' id='word_1_380' title='bbox 508 4391 612 4452; x_wconf 83' lang='lat' dir='ltr'><strong>terrae,</strong></span> <span class='ocrx_word' id='word_1_381' title='bbox 635 4403 704 4456; x_wconf 88' lang='lat' dir='ltr'><strong>quae</strong></span> <span class='ocrx_word' id='word_1_382' title='bbox 720 4389 776 4441; x_wconf 86' lang='lat' dir='ltr'><strong>ooli</strong></span> <span class='ocrx_word' id='word_1_383' title='bbox 793 4391 917 4455; x_wconf 83' lang='lat' dir='ltr'><strong>poteret,</strong></span> <span class='ocrx_word' id='word_1_384' title='bbox 937 4388 1052 4442; x_wconf 84' lang='lat' dir='ltr'><strong>addidit.</strong></span> 
     </span>
    </p>
   </div>
   <div class='ocr_carea' id='block_1_8' title="bbox 0 0 1529 4930">
    <p class='ocr_par' dir='ltr' id='par_1_9' title="bbox 0 0 1529 4930">
     <span class='ocr_line' id='line_1_41' title="bbox 0 0 1529 4930; baseline 0 0"><span class='ocrx_word' id='word_1_385' title='bbox 0 0 1529 4930; x_wconf 95' lang='lat' dir='ltr'><strong> </strong></span> 
     </span>
    </p>
   </div>
  </div>
 </body>
</html>
