2980 4932
537 291 664 353 OLIO.
688 294 713 352 Ι.
735 303 780 356 m.
803 301 846 356 23.
1219 293 1260 354 45

131 463 262 548 ἐγένετο
277 457 298 550 ή
312 464 479 554 διαλλαγή.
506 469 647 550 ἐλπίζων
656 465 727 557 ’γάρ
743 463 761 536 ὁ
776 463 955 555 Ἀλυάττης
973 471 1144 555 σιτοδείην
1158 493 1195 536 τε
1211 465 1259 536 εί-

128 593 184 636 ναι
199 563 339 655 ἰσχυρὴν
353 569 391 635 ἐν
404 573 443 656 τῇ
457 569 595 664 Μιλήτῳ
615 573 670 642 καὶ
686 569 746 642 τὸν
760 567 850 641 λεών
861 570 1044 661 τετρύσθαι
1061 574 1094 651 ἐς
1108 569 1146 638 τὸ
1162 575 1260 659 ἔσχα-

126 697 186 739 τον
201 674 322 756 κακοῦ,
352 666 454 759 ἤκουε
479 679 539 742 τοῦ
559 673 702 764 κήρυκος
720 675 943 765 νοστήσαντος
963 677 1000 745 ἐκ
1022 681 1080 764 τῆς
1102 674 1262 766 Μιλήτου

124 771 201 852 τούς
222 775 396 854 ἐναντίους
415 775 538 864 λόγους
561 773 582 867 ή
605 775 648 860 ὥς
674 776 774 862 αὐτὸς
798 779 987 850 κατεδόκεε.
1019 777 1102 868 μετά
1125 779 1163 848 δὲ
1186 773 1262 867 ήτε

125 875 290 964 διαλλαγή
309 896 370 964 σφι
389 880 533 968 ἐγένετο,
560 880 613 953 ἐστ’
639 873 664 977 ᾧ
684 911 719 954 τε
746 887 876 968 ξείνους
899 882 1072 974 ἀλλήλοισι
1097 882 1185 954 εἶναι
1205 885 1262 952 καί

124 979 328 1068 ξυμμάχους.
361 983 417 1050 καὶ
438 984 499 1052 δύο
520 1011 555 1051 τε
580 982 655 1054 ἀντὶ
676 983 748 1066 ἑνὸς
765 985 868 1074 νηούς
887 993 928 1078 τη”
946 986 1110 1077 Ἀθηναίη
1128 985 1260 1057 οίκοδό-

125 1077 243 1174 μησεὸ
263 1079 442 1173 Ἀλυάττης
459 1087 497 1155 ἐν
509 1091 549 1174 τῇ
568 1084 732 1181 Ἀσσησῷ,
753 1085 852 1169 αὐτός
870 1117 906 1158 τε
923 1094 960 1160 ἐκ
974 1097 1031 1180 τής
1045 1091 1170 1161 νούσου
1184 1087 1262 1159 ιἰνέ·

125 1211 197 1278 στη.
225 1183 310 1256 κατά
325 1187 390 1274 μὲν
404 1186 464 1259 τὸν
478 1187 562 1280 πρὸς
576 1197 768 1280 Μιλησίους
783 1219 819 1262 τε
837 1193 892 1260 καὶ
908 1193 1151 1282 Θρασύβουλον
1164 1192 1263 1263 πόλι·

125 1321 190 1383 μον
207 1288 369 1380 Ἀλυάττῃ
389 1281 457 1363 οἶδε
479 1299 564 1382 ἔσχε.

204 1399 415 1488 Περίανδρος
430 1397 468 1468 δὲ
483 1388 524 1490 ἦν
537 1398 700 1482 Κυψέλου
712 1413 805 1486 τεαῖς,
821 1386 951 1480 ούτοςὸ
972 1403 1020 1493 τῷ
1036 1396 1267 1491 Θρασυβούλῳ
1275 1405 1314 1512 33

127 1565 214 1630 ipsam
227 1564 344 1628 adiisse,
361 1581 415 1631 qno
434 1565 526 1616 dehis
544 1581 610 1618 vera
625 1581 672 1616 au·
721 1572 847 1618 monente
866 1569 925 1632 Cn,
940 1568 1072 1620 Paciaudi
1085 1570 1266 1620 Monumentt.

128 1636 210 1698 diret,
229 1635 360 1685 credibile
370 1636 416 1685 sit.
435 1637 495 1698 Quo
508 1638 590 1687 etiam
603 1637 672 1686 lacit
721 1637 917 1704 Peloponness.
936 1639 973 1690 11.
993 1655 1020 1706 ρ.
1035 1639 1085 1690 tao
1103 1639 1137 1690 de
1155 1638 1268 1704 hospitii

130 1705 198 1755 alter
214 1705 291 1756 loeus
309 1705 332 1768 1,
349 1705 392 1769 20,
412 1705 589 1756 nbiMilesios
608 1705 673 1756 seri·
722 1707 780 1757 iure
798 1724 831 1758 ac
846 1714 946 1758 natura
963 1709 1116 1774 disputans.
1139 1709 1178 1760 Ut
1196 1709 1268 1760 euim

130 1775 169 1824 bit
198 1775 365 1841 Delphorum
395 1776 561 1838 narrationi,
592 1791 673 1840 quam
724 1789 770 1839 eo,
807 1779 880 1842 qnod
910 1783 1003 1828 mutuo
1034 1783 1113 1830 erent
1146 1779 1268 1843 hospites

130 1846 196 1910 ipsis
214 1845 327 1910 Delphis
350 1845 396 1896 ille
415 1850 556 1910 acceptam
576 1845 675 1894 relere-
726 1842 850 1912 (ξεῖνοι)
888 1847 1025 1897 amicitiae
1059 1847 1177 1914 quodam
1215 1847 1271 1896 toe-

131 1915 191 1976 bat‚
219 1914 274 1965 alia
304 1916 438 1981 quaedam
467 1915 615 1976 adiecisse;
646 1913 674 1964 id
725 1913 789 1966 dere
816 1921 899 1980 atque
925 1915 1104 1968 humanitatis
1140 1917 1211 1964 inter
1242 1930 1272 1964 se

130 1985 203 2050 quod
225 1986 320 2050 procul
343 1986 426 2036 dubio
456 1987 485 2036 in
503 1987 565 2051 ipsa
582 1984 678 2036 Mileto
729 1986 825 2048 iuncti,
844 1986 961 2037 invicem
981 2001 1042 2036 sese
1060 1985 1185 2037 domibus
1204 1985 1274 2034 exei-

130 2055 195 2105 nrbe
209 2055 361 2106 audiverat.
381 2055 451 2106 Add.
469 2056 491 2120 1,
506 2057 555 2106 157
569 2061 679 2121 etquae
729 2055 854 2122 piebem,
886 2061 917 2106 ut
947 2071 1039 2106 omnes
1072 2059 1275 2106 removerentur

131 2125 677 2191 inhencremdisseruitlleyseQuaestt.
729 2125 883 2178 simultates
905 2131 990 2192 atque
1015 2125 1147 2190 offensae,
1170 2126 1211 2174 ita
1228 2123 1273 2176 hic

131 2194 251 2246 Herodd.
271 2213 298 2262 p.
310 2195 344 2246 87
363 2196 426 2247 cell.
444 2196 609 2248 Dahlmann.
624 2197 678 2246 He·
728 2197 837 2262 privato
851 2198 931 2263 quasi
944 2198 1092 2248 amicorum
1112 2195 1217 2248 foederi
1230 2211 1274 2248 ac-

132 2265 222 2316 rodct.
242 2283 269 2332 p.
288 2268 332 2318 57.
729 2268 813 2318 cessit
829 2267 968 2332 publicum
985 2268 1081 2320 foedus
1099 2283 1132 2320 ao
1146 2265 1274 2318 bellicum

165 2332 213 2386 καλ
237 2329 288 2386 τὸν
316 2326 388 2385 nstv
416 2325 571 2400 τετρύσθαι
596 2325 624 2392 ἔς
645 2326 677 2384 τὸ
730 2328 904 2404 (ξύμμαχοι),
924 2354 977 2404 quo
994 2339 1080 2390 maior
1097 2339 1126 2388 in
1143 2343 1274 2403 utrosque

132 2399 251 2470 ἔσχατον
273 2403 375 2471 κακοῦ]
399 2397 472 2454 λεάν
494 2421 587 2456 omnes
611 2405 678 2454 dant
728 2407 894 2458 redundaret
914 2408 1029 2460 utilitas.
1064 2409 1096 2459 In
1124 2423 1200 2473 seqq.
1224 2422 1273 2472 pro

131 2475 208 2538 libri,
232 2477 279 2542 qni
302 2475 384 2525 iidem
406 2475 435 2524 in
457 2490 515 2540 seq.
540 2491 608 2526 voce
630 2489 678 2524 va·
730 2468 896 2546 ᾠκοδόμησε
921 2493 981 2528 cnm
1009 2479 1134 2530 Bekkero
1158 2477 1275 2542 aliisque

132 2546 218 2604 riant;
248 2546 348 2596 etenim
376 2545 449 2594 haud
476 2546 556 2610 pauci
581 2542 677 2610 τετρῆ-
729 2548 827 2612 scripsi
853 2539 1039 2612 οἰκοδόμησε,
1057 2548 1130 2614 quod
1148 2547 1276 2614 probavit

134 2613 219 2676 σδαις
249 2615 322 2682 qnod
349 2630 399 2666 nos
434 2615 557 2666 dedimus
583 2607 678 2678 τετρύ-
729 2617 847 2670 Bredov.
870 2635 897 2683 p.
924 2617 985 2668 311.
1011 2649 1046 2658 -
1068 2620 1111 2670 De
1139 2617 1276 2683 particula

133 2683 217 2750 σθαι,
238 2685 316 2736 affert
339 2685 515 2736 Florentinus
536 2701 597 2736 cnm
614 2684 679 2734 duo·
730 2701 759 2736 τε
777 2687 822 2737 hic
840 2688 958 2753 repetita
981 2689 1094 2754 eiusque
1119 2689 1147 2738 vi
1167 2689 1195 2738 in
1214 2687 1276 2737 tali-

133 2756 184 2806 bus
208 2755 287 2806 codd.
311 2755 416 2806 Parias.
442 2755 680 2822 Schweighaeuse·
730 2759 782 2810 bus
795 2759 867 2808 coni.
879 2759 1008 2810 Kuehner
1021 2760 1067 2809 Gr.
1076 2759 1122 2810 Gr.
1137 2761 1162 2821 β.
1174 2759 1235 2818 722,
1247 2759 1274 2807 4.
1329 2773 1343 2799 ο

133 2842 179 2878 rua
209 2841 242 2876 ac
269 2830 385 2876 recentt.
418 2825 479 2878 edd.
515 2823 678 2890 τετρῦσθαι.
766 2819 838 2878 κατὰ
862 2821 914 2890 μὲν
938 2821 990 2878 τὸν
1017 2819 1091 2891 πρὸς
1111 2825 1277 2890 Μιλησίους

133 2896 254 2946 Verbum
280 2896 371 2961 ipsum
400 2893 484 2961 (unde
509 2895 681 2961 potissimum
732 2912 760 2947 τε
778 2893 825 2946 καλ
845 2889 1051 2965 Θρασύβουλον
1068 2911 1094 2945 κ.
1109 2911 1132 2944 τ.
1146 2893 1179 2961 λ.]
1198 2895 1243 2945 Ita
1261 2911 1277 2944 e

132 2961 298 3030 τετρυμένοι
310 2982 333 3016 a.
347 2957 570 3030 άτιοτετρυμένοι
588 2965 682 3016 dicun·
731 2968 808 3018 libris
826 2967 949 3033 probatis
967 2965 1111 3018 ediderunt
1124 2963 1276 3030 Schweigh.

132 3040 179 3086 tur
191 3037 282 3098 attriti,
297 3035 416 3101 confecti)
430 3035 578 3086 illustravit
590 3035 681 3087 Ruhn·
733 3043 761 3089 et
779 3038 867 3088 Gaias.
887 3043 917 3087 ut
936 3037 1009 3088 inira
1025 3037 1048 3099 Ι,
1067 3035 1110 3085 10.
1129 3033 1174 3084 92.
1199 3034 1276 3085 Unus

133 3106 199 3156 ken.
219 3104 254 3154 ad
268 3106 373 3156 Timaei
391 3106 484 3156 Lexic.
502 3122 528 3171 p.
549 3106 582 3156 47
600 3111 627 3156 et
646 3103 680 3154 ab
731 3108 801 3158 liber
817 3103 874 3158 καλ
893 3099 933 3156 τὰ
950 3123 999 3173 pro
1016 3096 1115 3168 κατὰ,
1134 3104 1206 3156 uude
1219 3103 1277 3154 vnl-

135 3192 169 3226 eo
193 3174 321 3225 laudatus
349 3175 513 3242 wesseling.
538 3175 573 3226 ad
594 3177 681 3226 Hero·
732 3179 807 3246 geria
825 3177 907 3228 lectio
934 3178 1025 3242 fluxit,
1048 3191 1118 3244 quae
1142 3175 1231 3226 adhuc
1249 3175 1278 3224 in

135 3247 193 3296 dot.
213 3245 261 3306 VI,
280 3245 322 3295 12.
341 3247 489 3298 Praeterea
506 3246 555 3296 Gr.
575 3245 681 3312 consuli
731 3249 831 3298 Matth.
852 3248 972 3298 editione
990 3251 1142 3312 comparet:
1166 3241 1222 3296 καί
1240 3236 1279 3294 τὰ

135 3315 297 3365 vultOrelli.
318 3315 352 3364 ad
370 3316 679 3382 Nicol.namasoen.p.
732 3313 792 3383 μὲν
819 3309 904 3368 κατὰ
932 3310 991 3366 τὸν
1018 3309 1104 3380 πρὸς
1129 3315 1199 3364 Μιλ.
1236 3314 1278 3364 Ad
1340 3339 1342 3342 >

138 3387 203 3446 lli,
228 3400 261 3434 ac
282 3385 355 3435 viros
383 3385 479 3438 doctos
503 3387 539 3436 ad
567 3387 681 3452 Gregor.
732 3404 789 3438 rem
808 3387 880 3438 conl.
894 3385 1158 3455 PolyaeniStrateg.
1172 3383 1277 3446 v1‚47.

136 3454 262 3506 Corinth.
283 3455 316 3506 de
335 3455 443 3508 dialect.
468 3457 555 3508 Iouic.
580 3459 606 3518 ξ.
632 3455 683 3504 140

136 3517 223 3590 (,,τὸν
253 3522 528 3594 καταπεπονημένον
555 3520 683 3586 τετρυμέ-
911 3555 967 3605 cn
997 3553 1092 3606 xxm

138 3610 192 3646 κον
224 3589 370 3662 λεήοοσι“)
402 3614 428 3662 p.
465 3595 526 3647 534.
559 3593 610 3644 535
640 3590 682 3641 ed.
970 3591 977 3604 “
1025 3643 1037 3668 5
1095 3591 1102 3605 ‘

137 3664 278 3716 Schaeier.
296 3665 399 3716 Eodem
413 3667 497 3718 reiert
508 3667 557 3717 Gr.
571 3663 683 3714 Homer.
773 3655 952 3723 Περίανδρος
969 3650 1002 3707 δὲ
1018 3673 1056 3721 ην
1065 3652 1200 3721 Κυψέλου
1213 3659 1281 3716 παῖς

138 3735 240 3800 Odyss.
254 3735 418 3798 xv11‚387:
438 3723 684 3800 πτωχὸν-τρύ-
736 3746 761 3781 κ.
781 3744 804 3779 τ.
824 3725 861 3795 λ.]
880 3730 994 3779 Temere
1018 3733 1046 3778 et
1069 3729 1097 3778 in
1124 3727 1165 3778 his
1189 3729 1280 3780 verbis

139 3795 246 3866 ξοντά
265 3795 396 3868 ἒαύτόν,
415 3807 462 3856 ubi
480 3805 535 3855 vid.
554 3801 682 3854 Eustath.
737 3805 764 3852 et
782 3801 809 3850 in
828 3815 904 3865 seqq.
920 3798 1051 3850 nonnulla
1067 3803 1157 3850 tentat
1176 3799 1217 3850 vir
1234 3800 1281 3852 do·

138 3891 166 3940 p.
186 3873 239 3926 638
258 3873 301 3924 ed.
316 3875 402 3926 Basil.
422 3876 464 3926 Ad
482 3876 597 3925 sormam
609 3875 684 3924 vocis
737 3877 798 3923 ctus
816 3871 843 3920 in
855 3869 988 3920 Classical
1001 3871 1117 3921 Journal
1135 3871 1223 3922 XXII.
1237 3888 1279 3924 nr.

138 3936 210 3994 λεάν
230 3945 321 3994 omnia
340 3944 434 3995 attulit
450 3945 566 3998 Brcdov.
581 3961 607 4009 p.
627 3943 683 3994 138.
736 3945 780 3994 44.
799 3958 826 4008 p.
853 3939 918 4001 374;
943 3955 1012 4006 quae
1037 3941 1119 3992 semel
1143 3941 1300 4000 indicasse,

174 4003 223 4064 ἐπ’
244 4001 320 4064 τότε
345 4012 458 4076 ξείνους
480 4007 624 4080 ἀλλήλοισι
646 4005 685 4064 εί·
737 4012 866 4062 sufficiat.
892 4011 1021 4076 Sequitur
1041 4012 1086 4062 hic
1109 4011 1281 4064 nobilissima

139 4099 187 4134 ναι
206 4067 256 4134 καί
274 4077 445 4151 ξυμμάχους]
465 4085 484 4135 1.
504 4101 528 4136 e.
547 4084 686 4135 conditione
737 4083 770 4132 de
787 4082 888 4134 Arione
906 4086 989 4148 atque
1006 4081 1155 4133 Periandro
1176 4083 1280 4144 tabula,

138 4155 289 4218 attoapites
302 4161 354 4204 etc.
375 4146 425 4219 ἐφ’
445 4142 467 4222 ᾦ
485 4169 534 4217 τε,
554 4158 686 4218 aequente
736 4169 784 4218 per
806 4159 891 4204 totam
910 4153 1101 4217 antiquitatem
1124 4153 1220 4202 merito
1239 4168 1282 4202 ee-

140 4225 276 4276 inlinitiro
289 4225 332 4276 vel
343 4225 429 4276 futuri
441 4225 602 4284 indicativo,
617 4223 685 4272 satis
735 4221 851 4274 lebrnta.
876 4222 918 4274 Ad
937 4237 1019 4288 quam
1040 4221 1211 4274 Herodotum
1234 4237 1280 4270 ne-

139 4296 292 4358 illustrant‚
313 4311 384 4361 quae
400 4295 477 4346 affert
496 4293 624 4346 Kuehner
636 4293 684 4344 Gr.
736 4295 797 4344 turi
815 4295 893 4360 qnasi
912 4309 945 4344 ex
963 4293 1053 4357 operis
1071 4289 1114 4340 sni
1129 4289 1220 4338 indole
1239 4293 1279 4338 at-

140 4365 187 4420 Gr.
206 4371 232 4430 §-
252 4365 313 4429 828,
332 4369 358 4418 2.
378 4365 568 4416 decivithuuc
587 4362 684 4426 locum,
736 4379 787 4428 que
806 4363 919 4414 consilio
944 4361 1063 4412 delatum
1089 4359 1189 4416 misse,
1209 4354 1282 4405 haud
