3032 4916
251 271 313 335 690
685 261 952 324 HERODO'I'I

247 442 287 525 ὃς
300 439 498 532 μνημόσυνα
514 439 646 506 ἐλίπετο
660 434 701 506 τὰ
719 437 911 528 προπύλαια
925 433 966 504 τὰ
987 432 1070 524 πρὸς
1085 433 1231 523 ἑσπέρην
1243 459 1387 522 τετραμ-

252 547 336 638 μένα
351 549 411 614 τοῦ
427 539 662 627 Ἡφαιστείου,
677 538 813 621 ἀντίους
828 541 866 610 dl
877 545 946 608 τῶν
957 545 1180 628 προπυλαίων
1193 544 1310 626 ἔστησε
1324 534 1388 606 ἆυ-

252 649 410 741 optimae
424 645 498 731 driu,
511 643 627 724 ἐόντας
636 641 673 712 τὸ
687 645 835 734 μέγαθος
848 642 948 713 πέντε
963 645 1019 711 καί
1033 653 1139 712 είκοσι
1156 641 1301 730 πηχέων,
1319 647 1391 710 τῶν

253 753 432 843 Αίγύπτιον
446 748 582 837 τὸνμὲν
597 747 679 838 πρὸς
692 749 801 838 βορέω
816 751 957 818 ἑστεῶτα
971 746 1128 816 καλέουσι
1143 746 1263 835 θέρος,
1278 743 1339 814 τόυ
1350 744 1390 813 δὲ

253 857 336 949 πρὸς
349 855 449 925 νότον
466 857 624 942 χειμῶνα.
660 855 716 922 καί
735 850 795 922 τὸν
808 837 1041 942 μέν’καλέουσι
1055 850 1176 939 θέρος,
1190 854 1313 918 τοῦτον
1326 848 1391 936 μέν

253 957 505 1053 προσκυνέουσί
514 983 550 1024 τε
564 957 620 1024 καί
640 947 679 1025 εὖ
695 957 864 1042 ποιέουσι,
885 953 946 1024 τὸν
959 955 997 1023 dl
1012 959 1160 1043 χειμῶνα
1178 952 1392 1042 καλεύμενον

253 1129 316 1198 ρον]
336 1130 402 1180 Cum
420 1125 560 1176 Herodoto
580 1125 716 1175 consentit
731 1125 795 1174 Dio·
845 1122 925 1173 riolrt.
954 1138 1005 1173 ans
1027 1123 1144 1188 Aegypt.
1169 1138 1198 1188 p.
1223 1123 1256 1172 tt
1281 1137 1338 1186 seq.
1362 1125 1391 1170 et

253 1201 334 1252 dorus
362 1199 389 1262 I,
414 1197 458 1247 02.
500 1197 559 1244 Hoc
584 1195 655 1244 enim
683 1199 795 1244 anctore
845 1193 917 1244 coni.
937 1197 1006 1242 nott.
1027 1193 1117 1256 adli,
1138 1193 1197 1243 112.

252 1273 380 1322 Proteum
402 1281 485 1331 regno
508 1265 620 1329 viteque
637 1264 794 1314 defunctum
874 1259 908 1312 τὰ
918 1255 1388 1326 προπύλαια-τοῦἩφαιστειόυ]

253 1341 359 1405 excepit
378 1336 494 1398 Rempdis
512 1333 563 1398 (ita
584 1350 644 1384 enm
662 1333 792 1400 appellat)
846 1333 905 1382 Vid.
926 1333 964 1394 Il,
978 1333 1024 1382 101
1047 1332 1109 1382 οοΙΙ.
1127 1332 1164 1396 11,
1179 1333 1213 1382 00
1232 1331 1298 1396 ibiq.
1317 1335 1388 1379 nott.

252 1411 337 1472 lilius,
357 1405 521 1472 parsimonia
538 1405 662 1469 adeoque
677 1405 794 1453 avaritie
878 1393 910 1450 τὸ
927 1397 1054 1465 μέγαθος
1070 1395 1152 1451 πέντε
1166 1395 1214 1449 καί
1229 1397 1318 1450 alueos
1335 1415 1388 1462 πρ-

252 1479 382 1530 illustrior
398 1490 479 1542 quem
496 1475 576 1525 rebus
595 1472 734 1538 praeclare
750 1489 794 1539 ge-
844 1465 928 1536 χέων]
941 1471 1077 1522 (iaislord.
1090 1477 1118 1521 et
1131 1470 1284 1536 Schweigh.
1298 1485 1331 1520 ex
1342 1469 1389 1518 Al·
1466 1515 1472 1522 .

252 1551 313 1600 atie.
349 1548 474 1612 Regnare
494 1543 540 1593 illo
562 1545 651 1610 coepit
675 1543 737 1594 inde
761 1543 795 1592 ab
846 1541 911 1590 dina
922 1547 1118 1591 revocaverant
1128 1531 1245 1602 έείκοσις
1265 1539 1389 1605 equidem

254 1634 324 1669 auno
349 1615 416 1667 1244
441 1630 466 1664 a.
492 1613 553 1664 Chr.
577 1629 619 1676 n.,
644 1619 675 1663 ut
698 1613 796 1663 statuit
847 1609 1036 1661 emelioribus
1054 1610 1133 1662 codd.
1149 1625 1208 1660 cum
1222 1609 1348 1660 Bekkcro
1362 1614 1390 1658 et

254 1687 406 1740 Lercherus
428 1683 590 1748 Chronolog.
616 1683 745 1734 d'llerod.
773 1688 793 1732 t.
846 1680 956 1746 reliquie
979 1680 1041 1731 edd.
1066 1681 1194 1745 rescripsi
1216 1687 1243 1730 et
1268 1681 1294 1731 h.
1318 1679 1337 1730 l.
1362 1685 1389 1729 et

253 1758 316 1809 VII.
335 1772 398 1822 pag.
409 1753 444 1804 00
459 1769 516 1819 seq.
536 1754 596 1805 583.
631 1755 707 1816 ane
723 1753 796 1818 apud
848 1751 885 1813 11,
897 1751 955 1801 121.
975 1750 1173 1802 130.115.170
1192 1748 1296 1812 elneus,
1316 1749 1390 1814 qnod

253 1828 380 1879 Tacitum
403 1823 502 1875 Annal.
523 1823 564 1885 11,
589 1823 623 1874 00
641 1823 675 1873 de
695 1823 794 1879 Benace,
846 1835 927 1870 unum
946 1821 973 1869 in
986 1821 1125 1871 Herodoto
1144 1821 1208 1869 ferri
1221 1833 1301 1884 posse
1315 1835 1389 1868 mon-

253 1897 390 1963 Aegyptio
412 1909 489 1960 rege,
514 1894 625 1958 eiusque
648 1893 796 1957 expeditio·
846 1891 944 1940 stravit
961 1885 1078 1941 Bre'dov.
1101 1907 1128 1956 p.
1146 1891 1190 1940 45.
1226 1891 1317 1956 Atque
1334 1891 1388 1938 iam

252 1967 332 2017 nibus
349 1970 523 2026 enarrantur,
548 1977 602 2012 non
621 1963 649 2012 in
666 1963 796 2025 lilcmpsr'·
846 1967 929 2010 entea
953 1961 1098 2011 acerrimus
1128 1959 1255 2010 defensor
1281 1959 1389 2009 exstitit

252 2039 328 2087 nilum
355 2033 500 2095 Herodoti,
531 2032 578 2082 sed
606 2033 634 2082 in
658 2031 795 2082 Sesostrin
846 2031 881 2081 H.
901 2031 1030 2095 Apaturius
1045 2031 1073 2080 in
1087 2035 1144 2081 not.
1163 2029 1199 2079 ad
1218 2030 1244 2080 h.
1258 2029 1276 2080 l.
1310 2029 1387 2091 Quae

253 2106 350 2158 cadere
374 2119 455 2170 supra
479 2102 513 2152 ed
532 2101 574 2164 11,
596 2101 644 2152 102
666 2101 793 2150 vidimus.
846 2100 916 2150 enim
934 2099 1007 2166 apud
1025 2100 1193 2151 Herodotum
1210 2100 1388 2150 inveniuntur

252 2177 305 2226 Hic
333 2189 398 2224 vero
424 2175 481 2222 sive
504 2171 709 2235 Rhempsinitus
735 2171 794 2220 sive
845 2169 949 2219 formae
966 2161 1077 2234 ἐείκοσι,
1096 2161 1198 2235 ἠέλιος,
1218 2163 1299 2232 ἕσαν,
1320 2165 1389 2225 πάϊς

252 2244 394 2309 Remphis,
419 2242 464 2308 qni
483 2241 609 2290 Proteum
635 2244 794 2304 regnantem
845 2254 877 2289 ec
895 2238 1012 2300 similes,
1037 2239 1072 2290 ad
1094 2240 1205 2289 nimiam
1226 2241 1389 2290 Grammati-

253 2314 369 2378 exoepit,
383 2311 506 2361 ultimum
517 2309 734 2359 undevicesimae
746 2309 793 2374 dy·
844 2323 936 2359 eornm
965 2309 1137 2360 sedulitatem
1161 2309 1256 2371 refert,
1283 2310 1330 2374 qui
1359 2307 1388 2357 id

251 2384 358 2432 naetise
376 2396 482 2446 regem,
501 2383 531 2428 nt
550 2377 585 2428 ad
601 2377 639 2442 11,
662 2379 709 2429 112
725 2379 794 2429 vidi·
843 2380 989 2444 praecipue
1001 2381 1099 2431 sectati
1112 2379 1227 2443 fuerint,
1246 2383 1277 2429 ut
1289 2379 1388 2428 Musae

251 2467 325 2514 mus,
351 2451 453 2514 primus
470 2449 564 2511 ntique
584 2463 630 2497 rex
647 2447 793 2499 vicesimae
844 2449 976 2500 Herodoti
992 2449 1130 2502 muliemm
1147 2449 1300 2500 Ionicarum
1313 2463 1387 2499 more

252 2521 395 2586 dynastiae
419 2533 479 2568 esse
497 2517 621 2578 debebit,
645 2518 692 2582 qni
711 2534 725 2567 e
742 2519 792 2569 Le·
843 2521 970 2584 pretiosis
994 2521 1105 2571 indutae
1129 2519 1250 2570 vestibus
1278 2519 1387 2569 incede-

251 2593 304 2656 psii
322 2587 435 2640 calculis
460 2602 531 2637 anno
552 2588 617 2637 1277
637 2603 662 2636 a.
682 2587 745 2637 Chr.
763 2603 791 2638 n.
844 2594 912 2638 rent.
956 2591 1046 2652 Quare
1068 2589 1135 2638 haec
1157 2590 1246 2638 omnia
1268 2589 1387 2656 expungi

252 2661 287 2710 ed
304 2673 417 2724 regnum
434 2658 559 2708 accessit.
590 2657 695 2707 Nomen
713 2657 791 2708 huius
844 2657 956 2720 debere,
975 2673 1043 2724 qnae
1062 2673 1095 2708 ex
1108 2663 1186 2724 parte
1203 2659 1285 2709 etiem
1298 2675 1313 2708 e
1327 2674 1387 2708 rer-

251 2730 322 2796 regis
336 2735 364 2778 et
380 2727 543 2793 reliquorum
556 2726 634 2776 lmine
648 2727 792 2792 dynastiae
843 2728 933 2792 sibus,
952 2743 1020 2793 qnos
1033 2728 1188 2780 Herodotus
1206 2729 1327 2780 historiis
1346 2729 1387 2777 in-

250 2815 343 2866 regnm
362 2798 434 2864 apud
452 2797 642 2847 Manethonem
660 2796 732 2847 haud
750 2798 793 2847 in·
844 2798 972 2860 seruerit,
991 2799 1019 2848 in
1033 2803 1137 2849 textum
1151 2799 1317 2864 irrepserint.
1342 2799 1386 2848 Tu

250 2869 371 2932 dicatur,
402 2869 431 2917 in
458 2868 524 2932 ipsis
544 2869 737 2930 monumentis,
765 2869 792 2916 in
844 2868 915 2918 conl.
940 2867 982 2931 Il,
1004 2869 1063 2919 122.
1091 2869 1149 2920 130.
1175 2867 1233 2919 134.
1278 2867 1331 2918 Sed
1353 2867 1388 2917 de

251 2940 348 3007 quibua
365 2938 436 2988 hand
447 2937 604 3002 infrequens
617 2951 709 2988 eorum
722 2952 795 2987 men·
842 2936 885 2986 his
898 2938 1022 2988 omnibus
1040 2953 1111 2988 nnnc
1129 2938 1168 2987 ita
1180 2937 1309 2988 disseruit
1320 2939 1386 2988 Bre-

250 3011 304 3072 tio,
337 3023 429 3060 omnes
452 3007 559 3058 nomine
582 3007 681 3058 Roneis
705 3007 793 3058 decla·
843 3005 916 3070 dom,
936 3009 1022 3058 utrix
1041 3007 1187 3072 quidquam
1209 3007 1272 3057 addi
1292 3013 1385 3073 queat.

250 3085 359 3140 rantur,
382 3083 453 3128 teste
470 3077 605 3128 Roeeelin.
624 3078 699 3128 Mon.
724 3083 791 3127 stor.
843 3077 1011 3128 Herodotum
1045 3081 1135 3127 autem
1166 3091 1327 3144 quemqnam
1359 3079 1387 3126 in

250 3149 289 3201 11.
307 3165 334 3212 p.
344 3149 378 3198 44
390 3163 447 3212 seq.
485 3147 581 3212 Itaque
599 3149 696 3197 tertium
712 3147 792 3197 huius
842 3148 1004 3213 quibusdam
1019 3147 1112 3197 formis
1131 3147 1183 3198 sibi
1202 3163 1257 3199 non
1274 3161 1386 3212 prorsus

250 3218 366 3268 nominis
393 3232 482 3282 regem
507 3217 651 3267 constituit
677 3217 793 3282 Lepsins
843 3221 981 3278 constare,
1007 3217 1054 3267 sed
1074 3219 1227 3282 promiscue
1244 3217 1323 3268 modo
1344 3218 1388 3267 Io-

250 3285 424 3352 (Chronolog.
450 3287 476 3337 d.
498 3289 616 3352 Aegypt.
640 3285 663 3336 1.
690 3301 716 3350 p.
742 3287 793 3338 200
841 3287 918 3337 nicae
937 3287 1016 3337 modo
1043 3287 1168 3354 vulgares
1190 3289 1292 3338 formas
1312 3287 1388 3336 edhi-

250 3355 333 3422 eeq.),
358 3355 397 3404 ita
415 3355 621 3406 discernendum
644 3371 661 3405 a
683 3357 793 3406 secundo
842 3355 904 3407 bere
927 3356 1095 3422 exploratum
1120 3357 1266 3422 habemns,
1294 3362 1388 3407 temen

248 3427 350 3478 Romae
367 3439 389 3474 s.
410 3425 529 3476 Sesostri
547 3427 662 3491 Magno,
686 3425 791 3489 dequo
841 3426 869 3475 in
887 3427 948 3477 aliis
972 3427 1037 3492 quid
1056 3431 1165 3478 secutus
1190 3429 1241 3490 sit,
1268 3428 1388 3493 optimos

249 3511 333 3562 snpra
350 3493 384 3544 ad
404 3495 446 3555 11,
469 3495 517 3545 102
537 3495 592 3545 vid.
611 3499 696 3554 nott.;
720 3494 791 3544 unde
841 3511 960 3563 quosque
971 3497 1079 3549 codices
1089 3499 1290 3548 consentientes
1301 3497 1388 3548 ferme

249 3567 321 3632 apud
344 3564 495 3614 Diodorum
517 3563 535 3613 l.
561 3565 580 3614 1.
604 3579 652 3628 pro
675 3553 792 3627 Ῥέμφις
842 3567 887 3630 qui
901 3568 1072 3633 reperiuntur
1082 3567 1150 3618 satis
1161 3569 1258 3618 docere
1270 3567 1388 3618 arbitra-

249 3635 422 3687 soribendum
433 3625 550 3696 Ῥέμψις
563 3633 654 3683 eodem
672 3634 731 3683 viro
746 3632 792 3683 do·
844 3651 910 3698 mur,
923 3637 1039 3702 indeque
1050 3642 1159 3688 cautum
1173 3637 1303 3689 editorem
1316 3637 1387 3687 nihil

250 3711 294 3756 cto
321 3708 441 3756 auctore.
482 3703 562 3752 Hunc
591 3717 681 3768 regem
710 3702 792 3753 rebus
843 3705 918 3758 alind
943 3723 1023 3774 agere
1041 3723 1135 3772 posse,
1161 3709 1213 3758 nisi
1236 3714 1267 3759 ut
1288 3708 1384 3758 horum

249 3776 334 3842 gestis
345 3772 505 3824 excelluisse
518 3773 577 3836 ipse
588 3777 724 3823 testantur
737 3789 792 3824 mo·
842 3775 961 3840 ipsorum
982 3779 1185 3842 anctoritatem,
1208 3793 1277 3844 quae
1301 3779 1385 3829 etiem

248 3849 394 3896 numenta:
412 3843 600 3906 inparietibus
615 3843 708 3908 templi
720 3844 792 3908 apud
843 3845 998 3913 plerumque
1022 3863 1081 3897 oum
1105 3847 1172 3912 ipsis
1196 3849 1386 3914 grammatico-

249 3912 465 3968 Medinet-Abn.
490 3912 518 3961 in
535 3913 602 3978 ipsis
619 3913 703 3978 igitur
720 3913 792 3964 The·
843 3931 900 3965 mm
918 3917 1070 3982 praeceptis
1083 3923 1226 3982 congruat,
1244 3923 1384 3983 sequetur.

248 3985 308 4048 bis,
344 3981 508 4048 imaginibus
542 3989 791 4047 repraesentantur,
883 3985 987 4034 τοῦτον
1019 3979 1071 4050 μὲν
1103 3986 1315 4050 προσκυνέουσί
1341 3987 1384 4054 τε]

249 4069 317 4120 quae
334 4051 379 4103 illa
399 4051 511 4118 peregit.
552 4051 606 4102 Alii
622 4053 792 4118 Rhempsini-
844 4054 917 4103 Nota
930 4049 982 4118 μέν
993 4057 1149 4120 repetitum,
1165 4073 1224 4108 cum
1238 4062 1317 4108 antee
1328 4058 1384 4108 iam

248 4129 304 4173 tum
328 4123 362 4172 ad
382 4123 507 4172 Ramsem
532 4126 638 4186 quintum
660 4123 789 4184 referunt,
842 4128 915 4172 esset
938 4120 1054 4174 καὶτὸν
1078 4127 1108 4188 (i.
1134 4141 1157 4177 e.
1181 4117 1226 4193 dv)
1250 4123 1311 4192 μέν
1333 4143 1383 4176 κα-

248 4207 308 4242 cum
330 4193 443 4241 anses
474 4193 570 4242 tertius
596 4193 631 4242 ad
653 4193 789 4254 Proteum,
840 4189 935 4240 λέουσι
965 4191 1062 4257 θέρος.
1103 4196 1145 4246 De
1170 4213 1222 4263 quo
1251 4197 1286 4247 ct'.
1312 4202 1382 4247 nott.

248 4276 326 4326 quem
348 4259 502 4310 Herodotus
529 4267 623 4322 vocnt,
654 4263 790 4326 portinere
841 4262 877 4310 cd
897 4261 937 4324 II,
959 4263 1001 4312 tt.
1038 4265 1079 4314 De
1104 4267 1186 4316 verbo
1209 4269 1385 4330 προσκυνεῖν

247 4331 386 4382 videatur:
416 4329 471 4380 vid.
499 4330 636 4395 Brugsoh:
664 4330 789 4382 Rcisebe-
842 4329 957 4382 diximus
974 4333 1008 4384 ud
1023 4331 1060 4397 11,
1079 4335 1123 4386 80.
1143 4363 1176 4372 -
1194 4336 1227 4386 In
1245 4337 1293 4399 iis,
1312 4349 1384 4402 quae
