3086 4952
615 278 740 342 OLIO.
763 281 789 340 Ι.
812 289 874 346 133.
1250 279 1311 344 277

175 459 247 524 τῶν
260 447 439 543 προβάτων
453 455 680 540 προτιθέαται.
701 461 820 526 σίτοισι
835 455 873 526 δὲ
886 451 1028 543 ὀλίγοισι
1040 459 1218 546 χρέωνται,
1235 459 1307 528 έιιι-

178 556 348 646 φορήμασι
363 554 401 624 31
415 563 567 624 πολλοῖσι
586 558 643 626 καὶ
657 553 719 627 οὐκ
733 554 841 629 ἁλέσι·
867 560 923 628 καὶ
938 557 994 630 διὰ
1007 565 1106 629 τοῦτο
1121 562 1203 649 φασὶ
1216 565 1307 650 Πέρ-

177 680 235 728 σαι
249 656 327 738 τούς
339 655 502 746 Ἕλληνας
514 663 742 747 σιτεομένους,
764 667 949 743 πεινῶντας
970 665 1156 749 παύεσθαι,
1177 660 1228 732 ὅτι
1247 685 1308 753 σφι

180 757 246 832 ιἰτιό
262 767 403 834 δείπνου
415 763 664 856 παραφορέεται
679 760 781 834 οὐδὲν
801 765 902 852 λόγον
924 763 1032 848 ἄξιον·
1052 773 1084 836 sd
1101 769 1141 835 δέ
1152 793 1183 834 τι
1199 793 1307 856 παρα-

181 869 334 955 φέροιτο,
357 866 533 945 sosimas
551 859 595 934 ἂν
608 863 649 935 οὐ
665 866 844 938 παύεσθαι.
875 877 957 960 οΙνφ
973 869 1010 936 dt
1024 869 1127 958 κάρτα
1143 872 1306 957 προσκέα-

178 1067 246 1118 bene
275 1081 341 1116 usus
369 1069 412 1115 est
441 1064 527 1130 Iigen.
560 1067 596 1118 sd
619 1067 720 1132 Hymn.

178 1137 289 1187 Homer.
316 1151 380 1200 pag.
408 1133 468 1196 479,
499 1150 552 1200 quo
583 1137 719 1201 probaret,

178 1197 307 1272 πρόβατα
324 1219 385 1254 esse
401 1204 488 1254 dmnis
498 1206 604 1270 generis
619 1207 721 1256 enims-

177 1273 215 1324 lis
233 1273 429 1340 quadrupedia.
467 1273 547 1325 Ocni.
566 1275 647 1325 etism
667 1276 720 1323 He-

178 1344 266 1394 rodot.
293 1343 348 1406 lx,
368 1342 402 1394 93
420 1342 513 1409 ibique
536 1349 606 1395 nott.
639 1343 719 1406 Quod

143 1405 149 1414 '
177 1413 259 1480 penio
284 1417 348 1464 unte
370 1416 487 1463 camelum
511 1428 618 1478 quoque
647 1427 719 1462 com-

178 1487 322 1544 memorat,
350 1482 476 1532 conveuit
500 1498 561 1534 cum
585 1497 636 1532 usu
653 1482 720 1532 Are·

177 1554 256 1616 bum,
290 1553 336 1617 qui
364 1551 445 1602 huius
479 1550 602 1601 animetis
638 1565 720 1600 cerne

177 1622 257 1674 valde
276 1620 406 1672 delectari
430 1621 556 1671 dicuntur
574 1619 645 1684 npud
660 1621 719 1670 Ari-

179 1691 270 1744 stotel.
289 1691 326 1742 11.
346 1691 378 1740 A.
397 1690 450 1751 VI,
467 1688 510 1740 26.
533 1689 646 1740 Diodor.
663 1689 718 1740 Sic.

178 1763 211 1824 V,
231 1762 324 1813 51-
340 1753 476 1826 χρέιονται
496 1758 597 1809 eth,l.
615 1763 642 1808 et
659 1773 719 1824 cep.

180 1826 506 1890 lesintactumreliqu13
526 1832 639 1878 reeentt.
659 1828 720 1880 edd.

180 1901 336 1967 plerumque
371 1891 492 1959 ρέονται.

185 2030 192 2049 ε
214 1969 315 2018 σίτοισι
338 1911 511 2044 δ1οᾌίγοισι
534 1994 569 2006 -
591 1961 638 2014 κα1
668 1955 722 2048 opis

178 2026 504 2171 11113171131331.
515 2033 721 2156 titiis

181 2174 291 2234 cundis,
315 2172 440 2237 primerio
462 2173 522 2224 cibo
547 2179 651 2237 sumto,
675 2189 722 2240 up-

180 2247 325 2309 ponuntnr,
342 2241 451 2293 Graecis
463 2243 533 2294 elius
547 2248 647 2294 roceto
660 2235 721 2294 έπι-

180 2309 358 2374 δορτίσματα
376 2317 403 2361 et
420 2305 590 2377 τραγήματα,
610 2318 721 2364 sectore

178 2381 326 2446 Hesychio.
363 2381 414 2431 His
437 2397 517 2447 quem
535 2383 656 2447 plurimis
679 2383 721 2434 uti

176 2453 276 2503 Perses
286 2452 385 2502 Noster
399 2450 466 2502 dicit
479 2452 553 2503 houd
568 2451 648 2504 aliter
664 2452 721 2503 sere

177 2526 260 2586 etque
291 2520 375 2571 multo
404 2525 467 2585 post
490 2523 624 2572 Ammien.
649 2523 720 2572 Mer-

92 2617 97 2626 ·
175 2590 238 2643 oell.
256 2590 365 2652 XXIII,
389 2589 414 2642 θ.
427 2593 459 2654 ’8.
479 2593 511 2641 77
536 2589 594 2655 (ubi
612 2591 648 2642 oi.
667 2592 721 2642 Vs·

175 2661 236 2724 les,
254 2663 380 2710 monente
400 2660 470 2722 on),
488 2661 537 2712 esd
551 2663 645 2712 τιὶιιίαιτ
662 2676 721 2712 son-

172 2731 264 2795 fertr'r,
288 2747 314 2795 q.
334 2744 358 2780 e.
376 2723 423 2778 καὶ
441 2725 495 2780 οὐκ
512 2720 602 2790 ἇλέσις
628 2735 722 2796 quete-

176 2816 228 2852 nus
246 2797 375 2866 cupedies
394 2803 422 2849 et
439 2799 553 2850 bellaris
567 2799 652 2850 mults
668 2801 721 2850 nti-

177 2885 230 2936 que
261 2871 290 2919 iu
316 2883 437 2920 mensem
469 2869 639 2932 inserebant,
672 2870 721 2921 sed

176 2955 225 2991 non
242 2941 371 3004 confertim
388 2940 477 2989 munia.
513 2939 557 2988 Its
574 2939 721 2990 Wesselin·

177 3010 252 3076 gius,
272 3009 318 3074 qni
335 3009 362 3058 h.
382 3007 401 3059 l.
421 3009 552 3060 tractavit
570 3009 598 3058 in
615 3010 721 3060 Disser-

176 3085 230 3131 tst.
241 3078 343 3130 Herod.
358 3078 406 3128 IX.
425 3093 488 3145 pag.
503 3076 546 3141 93,
566 3079 720 3144 epprobnus

176 3155 261 3215 etque
278 3150 318 3200 sic
342 3147 482 3212 explicans
499 3147 541 3210 id,
566 3149 639 3213 quod
655 3149 721 3200 Gro-

176 3220 258 3270 novio
280 3221 309 3270 in
331 3221 448 3268 mentem
470 3214 647 3268 reserasset
667 3208 721 3268 οὐκ

176 3279 270 3350 ἁλέσι,
306 3303 366 3338 cum
395 3291 477 3338 entes
507 3287 642 3353 legeretur
672 3284 721 3336 καὶ

177 3348 212 3408 οὔ
231 3357 354 3418 καλοῖσι,
375 3358 452 3408 cuius
467 3357 528 3408 1οοο
547 3359 575 3407 in
594 3357 721 3409 oche-

177 3427 255 3478 dioec
269 3431 296 3477 et
308 3425 467 3477 Florentino
483 3431 574 3478 exstet
593 3423 642 3476 κα1
659 3418 719 3476 οὔ·

176 3494 313 3558 καλέοι,
338 3495 462 3562 idemque
489 3497 571 3547 etiem
590 3498 619 3546 in
637 3496 721 3547 Athe-

177 3567 242 3617 nsei
266 3564 423 3616 Herodotes
456 3567 634 3617 exscribentis
659 3566 721 3616 loco

178 3651 261 3702 supra
278 3635 392 3686 laudato
410 3635 518 3700 legitur,
535 3636 608 3686 unde
625 3636 721 3686 merito

177 3721 250 3756 nunc
275 3706 303 3754 iu
329 3705 464 3756 Herodoti
489 3705 624 3756 editiones
650 3720 723 3756 rece-

177 3781 253 3840 ptum
276 3770 324 3823 καὶ
347 3765 410 3824 οὐκ
434 3766 546 3838 ἁλέσι,
570 3776 610 3825 its
634 3779 665 3826 ut
682 3780 723 3824 to-

177 3846 232 3896 tius
247 3845 302 3895 loci
319 3841 387 3895 hoec
401 3845 438 3894 sit
452 3846 603 3896 sententie:
629 3843 723 3908 „ffer-

178 3913 237 3980 τοο)
262 3913 330 3964 cibis
354 3913 501 3965 forinsecis
523 3915 619 3980 psucis
643 3919 723 3965 utun-

177 3989 237 4044 tur,
265 3983 313 4033 sed
331 3984 452 4048 opsoniis
471 4001 494 4035 s.
516 3983 637 4036 bellariis
656 3983 723 4034 mul-

179 4054 215 4102 tis
233 4053 322 4117 iisqne
344 4069 399 4104 uon
424 4054 504 4104 simul
525 4055 573 4106 sed
591 4054 722 4120 peulntim

179 4121 294 4173 illotis.“
331 4124 454 4189 Namque
474 4126 536 4174 σῖτα
554 4139 576 4174 s.
598 4122 722 4174 seelude

179 4193 248 4242 cibis
274 4191 420 4243 teriusoeis
445 4209 478 4244 eo
497 4194 666 4258 potissimum
690 4194 723 4244 de

180 4262 242 4311 oibo
266 4262 410 4327 primerio,
438 4277 517 4327 quem
546 4278 656 4314 menses
683 4278 723 4314 se-

181 4331 285 4384 cundae
314 4348 337 4384 s.
363 4331 478 4384 bellaris
504 4334 659 4400 excipiunt,
695 4333 723 4384 iu

770 1068 928 1118 universnm
950 1066 1004 1116 dici
1026 1067 1094 1116 setis
1121 1073 1242 1129 eonstot3
1273 1069 1310 1120 ci.

771 1135 902 1186 Herodot.
926 1135 1034 1197 1‚188.
1058 1135 1100 1198 11,
1119 1133 1161 1186 36.
1187 1137 1230 1188 63.
1252 1137 1309 1188 ros.

772 1205 831 1264 111,
851 1205 894 1254 25.
914 1204 947 1266 V,
967 1203 1010 1254 34.
1029 1204 1075 1264 65;
1105 1203 1138 1254 de
1156 1220 1223 1255 voce
1239 1195 1311 1270 ἁλὴς

771 1272 845 1323 conf.
863 1273 890 1334 I,
911 1271 970 1324 196.
995 1273 1039 1336 ΙΙ,
1059 1273 1103 1325 63.
1127 1274 1184 1336 ΠΙ,
1205 1273 1245 1324 13.
1264 1275 1311 1336 lv,

772 1341 831 1393 181.
850 1342 918 1405 vn,
941 1344 1000 1394 104.
1019 1343 1079 1394 211.
1106 1344 1167 1394 225.
1186 1342 1246 1394 233.
1264 1343 1312 1402 111,

774 1411 812 1462 it.
825 1409 869 1461 85.
888 1411 964 1462 Scite
976 1416 1018 1463 est
1031 1412 1188 1463 coniectore
1197 1411 1314 1462 Beckeri

772 1481 813 1546 (in
837 1480 956 1532 Charisi.
980 1482 1018 1532 11.
1042 1498 1069 1547 p.
1091 1482 1143 1534 266
1166 1481 1209 1532 ed.
1234 1482 1312 1544 sec),

770 1551 945 1601 rescribentis
962 1547 1010 1600 κα1
1028 1543 1081 1601 οὐκ
1100 1541 1177 1602 dicct
1195 1556 1244 1602 eut
1260 1551 1314 1601 for·

770 1619 844 1670 siten
866 1622 948 1673 etiem
970 1612 1065 1684 dioios,
1098 1637 1131 1672 sc
1158 1619 1191 1672 de
1217 1620 1314 1672 solibus

771 1689 930 1754 cogitantis,
962 1691 1060 1755 quibus
1093 1691 1210 1742 Graecos
1242 1692 1313 1740 inter

769 1758 885 1810 bellerie
915 1761 1032 1810 mexime
1070 1758 1220 1812 delectatos
1252 1775 1313 1810 esse

771 1828 841 1878 idem
868 1829 910 1878 vir
935 1829 1031 1879 doetus
1058 1831 1127 1880 satie
1150 1829 1314 1882 monstrsvit

772 1897 918 1963 multisque
940 1899 1102 1949 testimoniis
1130 1897 1224 1950 ellstis
1252 1913 1315 1949 con·

772 1967 899 2017 firmavit.
935 1969 993 2019 Neo
1014 1972 1106 2019 temen
1122 1968 1187 2018 mihi
1204 1982 1314 2034 persue-

772 2037 817 2099 sit,
837 2037 883 2102 qui
898 2036 961 2088 olim
978 2038 1048 2088 hanc
1059 2037 1242 2088 coniecturum
1254 2053 1314 2102 pro-

771 2107 900 2156 baveram
923 2105 1078 2171 (Heidelbb.
1096 2107 1210 2159 Jahrbb.
1237 2106 1313 2158 1841.

772 2193 797 2240 p.
819 2174 888 2238 117),
908 2191 988 2240 quem
999 2174 1072 2227 nuno
1083 2176 1201 2228 alicuem
1213 2177 1248 2226 eb
1260 2176 1313 2226 hoc

771 2245 831 2296 1οοο
851 2246 990 2310 existimo,
1015 2247 1174 2311 praesertim
1192 2261 1254 2298 oum
1271 2261 1314 2296 se-

771 2313 842 2365 libns
872 2315 981 2366 minime
1015 2317 1136 2368 semisse
1170 2315 1314 2366 videentur

771 2386 879 2447 Perses,
894 2401 1007 2450 quorum
1020 2387 1138 2452 regibus,
1153 2387 1199 2452 qui
1212 2386 1314 2451 optime

771 2469 893 2520 quosque
916 2471 931 2505 e
951 2456 1035 2505 seriis
1062 2456 1138 2522 regni
1165 2455 1313 2521 provinciis

771 2523 805 2574 ed
832 2523 934 2574 victum
963 2526 1087 2591 accipere
1111 2524 1250 2586 solebant,
1281 2539 1313 2574 ex

770 2594 895 2660 Aegypto
927 2599 1004 2646 τοῖσι
1030 2595 1212 2646 Armoniacum
1248 2585 1315 2660 (diet

768 2652 974 2727 Ἀμμωνιακὸν,
998 2669 1030 2715 ut
1052 2666 1162 2730 scripsit
1179 2664 1210 2715 G.
1230 2662 1315 2714 Muel-
1416 2653 1421 2663 “

770 2731 820 2783 ler.
843 2733 980 2810 §regmen
1004 2733 1067 2784 hist.
1093 2735 1139 2786 Gr.
1163 2733 1201 2784 II.
1229 2750 1257 2798 p.
1279 2734 1314 2785 33

771 2817 819 2867 pro
841 2801 920 2868 αλας)
948 2804 1019 2852 mitti
1049 2803 1164 2854 tradidit
1189 2803 1261 2852 Dino
1287 2803 1315 2851 in

772 2871 902 2934 Persicis,
931 2877 1002 2922 teste
1024 2873 1164 2922 Athenaeo
1188 2871 1226 2921 11.
1251 2885 1314 2936 φας.

771 2941 804 2991 67
818 2942 849 2991 Β.
861 2971 896 2982 -
914 2941 993 3003 Quod
1006 2942 1128 3005 sequitur
1141 2940 1243 2990 dictum
1253 2940 1317 2988 Per-

771 3025 862 3060 ssrum
881 3010 915 3060 dc
933 3011 1044 3062 Grseois
1063 3009 1258 3070 coenantibus,
1276 3008 1316 3058 ite

772 3079 959 3144 accipiendum
977 3083 1032 3142 est,
1052 3079 1185 3140 Graecos,
1205 3078 1268 3128 dum
1280 3077 1317 3127 oi-

772 3150 835 3198 bnm
852 3155 997 3212 sumerent,
1018 3149 1121 3200 esurire
1138 3147 1262 3199 desinere
1281 3145 1314 3211 (s.

773 3219 893 3270 Graecos
910 3217 991 3270 finem
1012 3219 1110 3270 edendi
1128 3219 1232 3282 fecere,
1252 3218 1316 3267 dum

773 3287 861 3338 edhuo
885 3287 1045 3353 esurirent),
1076 3293 1220 3354 propterea
1243 3288 1316 3352 quod

772 3355 866 3406 stetim
890 3364 952 3422 post
975 3375 1087 3409 ocenum
1114 3363 1230 3408 sumtum
1248 3356 1317 3406 nihil

772 3431 914 3491 prseteres
933 3429 1066 3492 (opsonii)
1084 3428 1150 3493 ipsis
1169 3439 1316 3492 opponere-

772 3501 830 3558 tur,
860 3496 932 3561 quod
954 3497 1069 3547 alicuius
1097 3501 1169 3546 esset
1188 3495 1318 3544 momenti

772 3570 821 3616 eut
837 3565 931 3630 pretii,
957 3567 1061 3616 sivero
1087 3567 1152 3632 quid
1171 3579 1318 3629 opponere·

773 3640 818 3684 tur
835 3635 1004 3698 huiusmodi,
1026 3649 1072 3686 eos
1091 3651 1146 3685 non
1163 3637 1317 3684 cessaturos

774 3705 832 3754 tore
865 3707 929 3770 quin
953 3705 1065 3756 ederent
1098 3702 1131 3770 (s.
1157 3719 1211 3754 nou
1237 3701 1317 3752 finem

774 3775 872 3824 edendi
896 3775 1030 3836 facturos,
1055 3775 1141 3825 donec
1165 3772 1259 3823 setisti
1277 3789 1317 3822 es-

774 3836 985 3909 εοιι1).-ο1πό
1007 3842 1128 3894 delusos
1147 3844 1240 3895 eodem
1260 3842 1317 3893 iere
1379 3897 1382 3903 ,

773 3918 870 3978 pecto,
893 3929 945 3979 quo
964 3915 987 3976 I,
1007 3915 1067 3966 lm.

808 3980 880 4050 ol'vp
907 3978 939 4032 δὲ
968 3976 1057 4046 κάρτα
1087 3975 1313 4048 προσκέαται]

772 4051 815 4102 Ad
849 4052 962 4103 formem
991 4053 1112 4104 Ionicum
1143 4045 1315 4116 προσκέαται

773 4122 810 4172 cf.
833 4123 949 4173 Bredov.
977 4140 1004 4189 p.
1035 4122 1096 4176 329.
1124 4118 1316 4186 προσκεῖσθαι

773 4190 866 4242 eodem
890 4207 971 4242 sensu
997 4193 1136 4258 (addictum
1159 4207 1213 4242 esec
1240 4189 1317 4240 aliosi

773 4263 826 4324 rei,
847 4264 920 4327 sequi
936 4261 1066 4326 cameto)
1083 4261 1187 4324 111,34
1202 4265 1230 4310 et
1243 4257 1315 4323 apud

773 4333 892 4386 Peusen.
907 4332 929 4396 I,
944 4332 986 4386 31.
1001 4337 1026 4399 5.
1037 4333 1062 4398 3,
1075 4333 1122 4384 ubi
1138 4329 1246 4384 noterit
1259 4328 1315 4379 sie-
