2980 4932
349 1062 585 1162 odotem
611 1064 890 1161 llllllllllllbll
916 1069 965 1165 l'.
996 1071 1038 1166 S.

585 1379 799 1390 σαψ-Ἦ

203 1637 289 1742 Iam
321 1677 443 1744 dudum
472 1687 538 1762 est,
570 1701 614 1746 ex
645 1701 709 1766 quo
736 1680 932 1748 Hahnius
965 1708 986 1750 a
1023 1692 1078 1752 Fr.
1109 1693 1258 1756 Creazero

115 1799 229 1888 petiit,
252 1806 305 1881 ut,
334 1818 415 1884 quas
438 1797 581 1862 seribere
603 1800 771 1885 inceperat
789 1807 1045 1866 commentatores
1065 1805 1258 1883 Hectoreas,

116 1939 175 1982 eas
202 1915 245 1980 ad
272 1913 371 1980 finem
398 1914 594 2001 perduceret
621 1915 862 2001 multorumque
885 1915 1059 1984 desideriis
1082 1917 1144 1984 hoc
1163 1920 1259 1987 modo

117 2034 338 2102 satisfaceret.
396 2031 564 2114 Quicum
590 2033 665 2098 aliis
692 2035 833 2119 negotiis
863 2035 999 2102 obrutus
1028 2058 1100 2103 eam
1127 2039 1258 2126 provin-

116 2156 203 2222 ciam
233 2154 268 2218 in
299 2175 335 2218 se
366 2152 512 2239 recipere
539 2173 605 2218 non
641 2153 818 2240 potuisset,
851 2176 957 2222 novae
989 2157 1143 2224 editionis
1175 2157 1256 2224 mihi

117 2270 368 2338 demandandae
389 2270 561 2338 consilium
582 2269 781 2357 bibliopolae
802 2271 1033 2342 honestissimo
1055 2298 1095 2342 ea
1123 2277 1255 2364 quidem

117 2391 191 2478 lege
212 2391 394 2478 persuasit,
416 2399 468 2474 ut,
492 2411 576 2478 quae
598 2391 670 2478 ipse
688 2391 766 2457 olim
787 2394 822 2458 in
844 2395 1171 2464 commentationibus
1189 2396 1255 2462 He·

117 2509 263 2576 rodoteis
284 2507 525 2596 disputaverat,
546 2531 585 2574 ea
609 2532 667 2576 suo
689 2533 836 2600 quaeque
857 2511 928 2578 loco
951 2515 987 2578 in
1007 2514 1150 2580 editione
1169 2538 1256 2582 nova

116 2627 368 2712 adhiberentur,
399 2628 464 2692 alia
491 2650 585 2714 vero,
615 2651 698 2716 quae
725 2631 768 2694 ad
795 2629 997 2697 Herodotum
1023 2631 1253 2698 illustrandum

115 2747 150 2811 in
173 2743 306 2810 schedis
328 2746 396 2810 suis
416 2745 609 2832 collegerat,
633 2751 760 2814 niecum
787 2749 822 2814 in
854 2771 950 2814 usum
979 2749 1076 2816 huius
1099 2751 1253 2818 editionis

114 2865 443 2930 communicarentur.
498 2863 566 2928 Diu
594 2877 766 2940 cunctatus
794 2867 948 2956 equidem
981 2871 1092 2956 recepi
1124 2871 1254 2956 provin·

113 2985 201 3049 ciam
234 3003 313 3046 sane
346 2983 593 3068 gravissimam,
626 2985 662 3050 in
693 3008 759 3073 qua
787 3007 852 3074 quo
879 2995 975 3072 pacto
1004 2988 1065 3051 sim
1092 2995 1253 3070 versatus,

113 3101 191 3167 aliis
211 3100 323 3166 malim
344 3099 590 3168 diiudicandum
610 3103 804 3192 relinquere.
856 3093 939 3170 Cum
966 3106 1053 3170 enim
1075 3104 1135 3170 hoc
1156 3104 1254 3170 huius

115 3219 273 3286 editionis
295 3227 384 3284 esset
403 3219 591 3305 consilium,
619 3231 788 3289 attextus
811 3224 868 3310 qui
890 3222 1011 3289 dicitur
1032 3221 1253 3307 exhiberetur,

113 3346 274 3426 quantum
296 3337 367 3404 11011
388 3347 515 3425 posset,
538 3339 825 3406 emendatissimus
849 3339 1009 3427 simulque
1030 3344 1104 3428 ipsa
1119 3344 1255 3429 scripto·

112 3458 160 3522 ris
181 3456 286 3522 verba
307 3455 553 3542 explicarentur
573 3464 671 3542 atque
697 3456 955 3524 illustrarentur:
985 3460 1020 3524 in
1038 3468 1134 3523 textu
1162 3459 1254 3526 ador·

114 3573 225 3640 nando
246 3575 390 3640 maxime
414 3575 635 3652 Gabsordtam,
662 3574 770 3638 virum
797 3575 1022 3641 doctissimum
1051 3597 1090 3640 ac
1116 3575 1255 3662 diligen-

112 3694 296 3777 tissimum,
331 3699 464 3758 secutus
497 3711 585 3775 sum;
618 3713 639 3756 a
671 3712 735 3780 quo
768 3691 876 3759 sicubi
911 3691 1064 3777 discessi,
1098 3693 1159 3760 hoc
1189 3715 1255 3760 una

112 3833 188 3876 cum
209 3813 427 3897 insigniorum
448 3807 624 3876 lectionum
643 3808 773 3876 delectu
793 3811 903 3878 ubivis
928 3821 1081 3878 accurate
1107 3813 1253 3878 indicavi

111 3931 148 3996 in
165 3930 271 4012 notis,
298 3951 380 4016 quas
400 3930 507 3994 textui
527 3928 688 3995 subiicere
710 3931 818 4016 aptius
842 3940 875 3996 et
896 3933 1052 3998 lectorum
1075 3930 1252 3999 commodis

110 4047 220 4132 magis
243 4069 425 4132 congruum
445 4047 637 4131 videbatur,
666 4070 764 4136 quam
792 4049 835 4114 ad
859 4049 937 4117 libri
958 4051 1082 4117 calcem
1103 4053 1251 4118 relicere.

109 4163 151 4228 ln
173 4162 354 4230 bisantem
375 4167 460 4230 n‘otis
485 4187 557 4231 eam
579 4165 675 4232 nobis
703 4167 808 4255 legem
833 4171 1044 4259 scripsimus,
1072 4181 1110 4236 ut
1133 4168 1250 4233 diffici-

108 4281 229 4350 tiorum
250 4282 394 4352 locorum
415 4305 547 4352 sensum
576 4285 813 4372 indicaremus,
840 4289 1016 4386 verborum
1045 4285 1250 4372 singulorum
