3088 4944
625 293 752 358 culo.
775 297 799 356 Ι.
821 305 882 362 186.
974 321 979 332 ’
1257 297 1315 360 371
1387 332 1391 342 ·

181 465 241 536 τόν
252 494 289 537 τε
303 463 453 557 ποταμόν
465 463 602 538 σκολιόν
615 468 722 540 καὶτὸ
736 467 868 560 ὄρυγμα
888 473 956 540 πᾶν
976 472 1069 556 ἕλος,
1093 463 1137 550 τός
1161 465 1235 540 ὅτε
1254 496 1316 541 πο-

183 569 285 660 ταμός
309 570 515 660 βραδύτερος
536 581 605 660 εἴη,
633 573 709 663 περὶ
728 572 859 664 καμπὰς
880 571 1004 654 πολλὰς
1031 571 1233 664 ἀγνύμενος,
1261 578 1318 646 καλ

183 678 218 742 ολ
229 673 326 744 πλόοι
340 681 419 744 ἔωσι
437 677 565 745 σκολιοὶ
585 678 618 756 ἐς
632 674 693 766 τὴν
707 685 911 767 Βαβυλῶνα,
937 685 975 750 ἔκ
997 706 1033 748 τε
1048 683 1117 748 των
1131 677 1244 749 πλόων
1261 683 1316 748 ἐκ·

185 779 321 868 δέκηται
340 785 495 870 περίοδος
515 785 573 869 τῆς
593 786 712 870 λίμνης
732 784 852 873 μακρή.
882 780 965 852 κατὰ
985 788 1083 853 τούτο
1098 782 1136 853 δὲ
1149 782 1316 872 εἰργάζετο

183 886 241 970 τῆς
254 879 380 972 χύρης,
401 889 441 973 τῇ
462 887 551 953 αἵτε
573 885 707 971 ἐσβολαὶ
723 876 808 974 ἦσαν
822 883 931 955 καὶτὰ
950 884 1098 976 σύντομα
1110 891 1169 976 τῆς
1182 889 1219 956 ἐκ
1236 886 1314 976 Μή-

183 990 255 1055 δων
269 981 368 1074 ὁδοῦ,
389 984 505 1076 ἵναμὴ
519 987 767 1077 ἐπιμισγόμενοι
780 994 815 1060 οἱ
824 995 940 1078 Μῆδοι
955 990 1201 1078 ἐκμανθάνοιεν
1215 988 1318 1081 αὐτῆς

180 1085 221 1158 τὰ
234 1089 420 1180 πρήγματα.
472 1095 584 1160 Ταῦτα
604 1091 668 1179 μὲν
682 1089 725 1182 δὴ
739 1096 776 1176 ἐκ
789 1091 915 1182 βάθεος
928 1091 1160 1182 περιεβάλετο,
1182 1094 1315 1184 τοιήνδε
1326 1103 1385 1165 186

182 1192 220 1261 δὲ
241 1195 274 1276 ἐξ
295 1191 410 1264 αὐτόν
431 1194 651 1285 παρενθήκην
668 1197 855 1288 ἐποιήσατο.
897 1201 962 1285 Τῆς
984 1196 1097 1277 πόλιος
1116 1196 1234 1285 ἐούσης
1255 1198 1316 1268 δύο

75 1293 79 1302 ’
180 1299 356 1388 φαρσέων,
375 1303 437 1370 τοῦ
458 1297 495 1368 δὲ
516 1304 666 1388 ποταμοῦ
687 1302 789 1388 μέσον
811 1307 960 1390 ἔχοντος,
983 1301 1128 1370 ἐπὶτῶν
1151 1299 1317 1390 πρότερον

180 1502 207 1551 ct
234 1498 347 1552 Dietsch
374 1501 462 1552 secuti
488 1504 565 1562 sunt,
593 1500 727 1566 probante
777 1500 945 1566 egredientes
962 1517 993 1553 eo
1012 1500 1140 1563 consilio,
1158 1505 1189 1552 ut
1205 1500 1259 1552 ism
1274 1516 1319 1566 pe-

179 1569 295 1620 Bredov.
317 1587 343 1636 p.
372 1569 432 1623 314.
469 1571 602 1636 Equidem
625 1575 726 1621 utram·
777 1569 862 1621 deutri
884 1571 981 1622 itinere
1004 1571 1103 1638 quippe
1132 1571 1219 1638 magis
1244 1587 1317 1622 com-

180 1653 231 1704 que
260 1640 375 1691 iormsm
401 1655 418 1690 a
446 1641 547 1692 Nostro
576 1639 725 1692 adhibitam
776 1636 906 1705 pendioo
916 1641 1083 1706 Babylonem
1094 1645 1227 1706 peterent.
1255 1643 1317 1692 Hoc

181 1724 241 1759 esse
272 1711 406 1762 existimo.
453 1711 487 1760 In
514 1710 602 1760 forms
628 1710 725 1776 imper·
776 1711 855 1762 modo
874 1711 1024 1776 explicatus
1041 1711 1118 1762 locus
1136 1711 1237 1762 unllam
1257 1726 1317 1762 meo

180 1778 245 1828 fecti
262 1769 415 1844 ἀναισίμου
433 1780 534 1831 Noster
550 1786 724 1846 augmentum
775 1779 876 1830 iudicio
889 1780 1010 1831 admittit
1019 1780 1243 1844 emendationem,
1254 1796 1318 1846 qua·
1406 1775 1413 1786 ”

180 1861 285 1914 semper
313 1848 448 1916 neglexit:
477 1849 535 1902 vid.
557 1849 673 1901 Bredov.
696 1867 722 1916 p.
774 1849 826 1900 lem
841 1849 931 1916 plures
945 1850 1019 1901 docti
1028 1850 1080 1900 viri
1093 1849 1157 1900 olim
1167 1853 1317 1900 tentarunt.

178 1916 238 1981 309,
257 1920 386 1984 quiidsm
401 1935 427 1984 p.
444 1919 495 1971 302
516 1935 565 1984 pro
583 1912 723 1985 εἰργάζετο
774 1919 896 1970 Eundem
916 1919 1042 1970 induem
1066 1919 1188 1984 disputet
1210 1919 1319 1986 Breige·

179 1987 207 2037 in
232 2003 317 2054 seqq,
338 1988 410 2055 quod
431 2003 525 2040 omnes
550 1988 629 2040 codd.
651 1989 723 2040 exbi·
774 2004 820 2039 rus
843 1989 862 2042 l.
881 1989 900 2040 l.
926 2003 990 2056 pag.
1009 1993 1043 2040 45
1067 1993 1163 2040 contra
1185 2005 1246 2052 eos,
1271 1989 1318 2054 qui

178 2057 257 2120 bcut,
276 2058 330 2124 legi
349 2058 408 2108 vult
425 2048 562 2123 ἐργάζετο,
582 2059 721 2121 ut11,15‚

179 2126 227 2176 ubi
237 2127 332 2177 eudem
340 2127 410 2178 redit
422 2128 518 2190 forms,
534 2131 630 2178 contra
641 2129 721 2180 codd.

180 2211 341 2246 consensum
358 2195 431 2247 baud
450 2197 634 2250 sollicitanda.

215 2253 285 2323 ded
304 2280 332 2314 τε
345 2258 471 2330 ποταμὸς
483 2258 656 2334 βραδύτερος
669 2263 720 2330 είη

179 2329 279 2384 -κού
299 2328 330 2384 οἵ
351 2327 436 2385 πλόοι
458 2329 538 2385 ἔωσι
563 2331 671 2386 σκολιοὶ
694 2327 721 2392 ἐς

179 2394 234 2468 τὴν
243 2401 407 2472 Βαβυλῶνα]
419 2405 501 2456 Haud
513 2411 614 2456 temere
628 2406 657 2456 in
667 2421 723 2455 mo·

74 2535 77 2542 ¹
178 2472 221 2523 dis
249 2473 371 2525 variasse
401 2475 508 2526 videtur
533 2475 646 2538 Noster,
674 2475 722 2541 qui

177 2543 206 2592 in
223 2543 404 2610 reprobabili
429 2549 549 2607 tantum,
571 2561 640 2612 qnae
663 2545 722 2595 lieri

179 2618 226 2662 sut
236 2613 309 2665 sitici
327 2619 423 2680 quest,
442 2615 566 2680 optativo
577 2612 647 2679 (τίη)
656 2629 721 2665 usus

177 2687 229 2745 est,
249 2684 424 2735 coniunctivo
442 2683 628 2748 anteniaco,
649 2683 722 2750 qnod

178 2753 340 2805 sibicertum
353 2755 625 2819 babeatpropositum
639 2754 724 2819 qnod-

177 2837 230 2889 que
246 2839 296 2875 suo
314 2824 427 2875 consilio
446 2837 582 2889 opereque
598 2823 721 2875 ellectum

177 2893 255 2946 uelit.
308 2893 414 2945 Similia
448 2893 520 2958 apud
555 2893 721 2944 Pausaniam

177 2963 336 3014 observavit
361 2963 486 3015 Siebelis.
513 2963 548 3014 ad
574 2963 611 3024 11,
632 2962 674 3014 37.
694 2965 719 3026 5.

177 3033 203 3082 4.
249 3033 320 3085 Δδδ.
349 3032 519 3084 Bseumlein:
555 3030 719 3084 Uutcrsuch.

75 3135 79 3144 ·
177 3102 244 3153 iiber
261 3103 288 3153 d.
301 3103 408 3155 Griccb.
422 3103 497 3154 blod.
510 3118 537 3167 p.
551 3103 611 3155 270.
631 3101 720 3153 Kush-

178 3187 228 3222 ner
246 3173 292 3224 Gr.
314 3174 361 3224 (lr.
377 3171 401 3234 ξ.
422 3174 482 3225 774.
519 3174 561 3222 Ex
579 3173 719 3224 Herodoto

177 3243 250 3292 conf.
281 3243 305 3304 I,
331 3242 390 3294 196.
418 3243 466 3306 IV,
491 3241 551 3295 139.
571 3243 651 3304 VIII,
677 3242 719 3294 76.

176 3311 242 3430 lxda
254 3313 297 3431 lle
310 3377 367 3430 τοῖν
387 3371 485 3429 πλόων
507 3369 655 3444 ἐκδέκηται
672 3394 720 3430 πε-

177 3447 353 3514 ριόδορτῆς
382 3447 484 3513 λίμνης
512 3445 616 3514 μακρή]
643 3450 721 3500 Haec
782 3449 787 3460 '

174 3519 211 3570 sd
229 3519 342 3570 verbum
360 3519 400 3570 sic
418 3517 568 3569 reddenda:
587 3525 614 3568 nt
626 3535 662 3568 ex
673 3535 720 3569 na-

773 2075 857 2124 prave
879 2059 923 2110 bic
946 2063 1085 2124 statuunt,
1114 2059 1317 2124 nauigationem

774 2143 807 2179 ex
813 2129 954 2193 Euphrate
966 2145 1015 2194 per
1025 2129 1151 2180 lacunam
1162 2128 1243 2180 iatam
1254 2145 1317 2180 con-

772 2199 906 2248 tinuatam
930 2199 1029 2262 luisse,
1054 2199 1135 2265 idque
1151 2199 1316 2250 Hsrodoteis

772 2269 863 2320 verbis
882 2266 955 2319 effici
970 2285 1050 2334 posse
1068 2267 1245 2320 contendunt.

807 2329 980 2387 nandeciso
999 2331 1076 2388 sl..
1088 2335 1124 2402 τῇ
1141 2334 1218 2388 αἵτε
1236 2328 1315 2404 ἐσβο-

772 2403 817 2457 λαλ
835 2395 910 2472 ἦσαν
949 2404 997 2458 καλ
1019 2399 1054 2458 τὰ
1072 2405 1200 2472 σύντομα
1216 2405 1267 2472 τῆς
1285 2397 1314 2457 ἐκ

772 2468 887 2542 Μήδων
910 2443 996 2544 delusi]
1019 2479 1062 2528 Do
1082 2469 1153 2528 κατὰ
1174 2473 1260 2527 τούτο
1279 2507 1314 2516 -

772 2544 808 2611 τῇ
837 2547 910 2597 conf.
938 2562 1021 2613 supra
1047 2547 1070 2609 1,
1095 2545 1139 2597 84.
1171 2536 1314 2615 ἐσβολαὶ

773 2620 838 2667 sunt
856 2617 964 2680 lauces,
988 2617 1087 2683 quibus
1111 2615 1203 2668 aditus
1227 2631 1250 2666 s.
1275 2616 1315 2666 in·

772 2686 871 2736 troitus
896 2691 972 2750 patet
995 2702 1010 2737 e
1031 2685 1124 2738 Media
1146 2686 1174 2736 in
1199 2685 1315 2750 Babylo-

772 2755 844 2806 niam
858 2761 971 2818 terram
984 2748 1019 2806 τὰ
1030 2747 1157 2820 σύντομα
1167 2752 1218 2819 τῆς
1227 2747 1257 2804 ἐκ
1271 2753 1313 2804 Μ.

770 2816 816 2874 dd.
836 2825 960 2876 indicunt
976 2826 1050 2876 viam
1063 2823 1226 2885 breviorem,
1243 2839 1315 2874 com-

772 2895 984 2960 pendiosiorem,
1003 2909 1058 2960 qua
1075 2910 1090 2944 s
1107 2891 1198 2943 Media
1216 2894 1244 2942 in
1262 2893 1314 2942 Ba·

770 2964 909 3029 byloniam
934 2963 1068 3029 perveniri
1096 2961 1194 3027 possit.
1222 2991 1256 3002 -
1281 2962 1314 3012 Ιιι

770 3033 823 3084 fine
835 3049 896 3098 σιμ.
912 3023 1111 3098 ἐπιμίσγεσθαι
1123 3035 1179 3082 est:
1198 3045 1314 3081 comnen-

770 3107 832 3154 cinar
859 3107 982 3154 mutuum
1010 3102 1167 3163 instituere,
1198 3100 1314 3166 indeque

771 3173 883 3238 propius
922 3173 1067 3235 accedere,
1108 3171 1313 3222 consuetudinis

771 3242 1063 3307 ineundsepericulum
1076 3242 1176 3294 iecere.
1213 3241 1256 3292 Ol.
1272 3242 1312 3306 11,

772 3314 832 3365 104.
851 3313 911 3364 151.

915 3484 981 3535 Car.
997 3481 1168 3532 CLXXXVI.

174 3591 302 3654 stipatione
316 3604 366 3652 per
382 3588 536 3652 Ειηιλναίτπι
553 3587 661 3650 (hostes
674 3604 719 3638 ac·
807 3583 903 3636 Ταῦτα
919 3579 971 3649 μὲν
988 3575 1025 3648 δὴ
1038 3613 1073 3624 -
1087 3572 1280 3648 περιεβάλετο]
1293 3581 1311 3632 i.

175 3658 314 3724 cedentes)
325 3661 457 3722 exciperet
471 3659 546 3723 λοομσ
555 3659 659 3720 paludis
669 3660 719 3709 cir-
770 3673 794 3706 s.
812 3656 850 3708 dis
866 3657 942 3720 ι’ριλια
963 3653 1133 3706 punitionibus
1156 3667 1170 3702 e
1183 3651 1313 3714 profundo

175 3731 263 3788 csilio,
289 3744 312 3779 s.
331 3733 362 3778 ut
385 3727 461 3777 linita
484 3743 532 3792 per
550 3727 718 3792 Euphratem
770 3727 870 3792 effossis
884 3723 918 3788 (s.
928 3725 1004 3774 losse
1017 3723 1071 3774 ista
1085 3721 1204 3784 eductis)
1219 3735 1248 3770 se
1264 3722 1313 3770 σίτ-

176 3799 366 3864 navigatione,
392 3797 439 3847 ubi
463 3797 491 3846 in
509 3802 610 3847 terram
628 3811 718 3846 escen·
769 3796 925 3845 οιοιιναὶίαοίι
947 3801 972 3844 et
989 3793 1021 3843 ab
1039 3793 1109 3842 ίιοτλο
1125 3794 1192 3842 tueri
1207 3791 1311 3842 sorduit.

176 3867 284 3930 dorent,
302 3866 469 3932 Babylonem
482 3867 603 3931 pedestri
615 3866 662 3916 vis
672 3882 718 3930 pe·
803 3861 854 3928 τῆς
872 3855 972 3920 πόλιος
984 3852 1086 3925 ἐούσης
1099 3852 1154 3910 δύο
1166 3856 1311 3924 φαρσέων]

177 3941 276 4000 tentes,
288 3941 451 4002 cogerentur
463 3934 544 4002 longo
558 3935 655 3986 itinere
668 3937 719 3986 cir·
770 3933 790 3982 i.
812 3949 836 3984 e.
861 3949 914 3983 οιιιιι
934 3931 995 3982 τιτλε
1016 3932 1081 3980 duas
1102 3938 1190 3993 partes
1211 3929 1311 3979 lrabeat.

177 4007 278 4056 cumire
301 4005 390 4056 lacum
421 4006 504 4055 istum
531 4021 615 4071 eoque
639 4006 719 4057 modo
771 4003 813 4052 De
836 4001 950 4068 genitivi
967 4004 1105 4050 structure
1122 3999 1193 4050 conl.
1212 3994 1310 4049 Mattb.

177 4075 285 4126 facilius
305 4075 508 4138 cohiberentur,
534 4089 614 4141 quam
637 4075 661 4125 si
680 4091 721 4125 re·
773 4071 819 4123 Gr.
845 4071 891 4123 Gr.
917 4088 943 4137 p.
966 4069 1018 4122 623
1041 4073 1069 4120 et
1092 4073 1150 4118 not.
1174 4066 1208 4116 sd
1232 4067 1258 4118 h.
1281 4067 1311 4131 l.,

176 4151 223 4196 ets
251 4146 297 4196 vis
323 4144 492 4210 Babylonem
522 4149 654 4210 peterent.
691 4133 721 4192 ἐκ
771 4141 819 4190 ubi
836 4145 978 4204 praeterea
989 4138 1084 4190 laudat
1095 4136 1197 4188 Herod.
1215 4137 1249 4199 V,
1267 4137 1312 4188 92.

175 4211 233 4264 τῶν
250 4205 356 4278 πλόων,
374 4231 409 4265 em
420 4216 587 4279 ααοηγσίίοιιι,
600 4215 619 4264 ἰ.
630 4229 654 4266 e.
664 4228 722 4263 con·
771 4209 883 4260 Pindsr.
911 4209 992 4274 Pytb.
1019 4209 1073 4271 111,
1099 4206 1149 4258 108
1177 4204 1240 4256 coll.
1264 4205 1314 4256 So·

175 4287 243 4335 tinne
258 4293 317 4346 post
331 4286 521 4350 αανίροίίωιεοι,
540 4299 620 4348 quam
635 4296 721 4346 usque
772 4278 862 4344 phool.
881 4277 977 4344 Oedip.
1003 4277 1062 4330 Col.
1087 4279 1146 4330 144.
1172 4275 1214 4325 Αἰ.
1237 4275 1312 4325 1004.

175 4351 211 4404 sd
224 4351 313 4404 lecum
330 4351 405 4403 illurn
424 4353 528 4418 experti
545 4356 631 4416 erant,
650 4365 721 4402 nunc
771 4375 807 4390 ι·-
830 4337 858 4408 df
882 4337 977 4398 αύτύν
998 4346 1127 4398 Beiskius
1154 4345 1314 4408 interpreta-

1032 4425 1100 4490 24*
