3058 4928
558 287 805 346 EUTERPE.
828 286 870 346 11.
892 294 937 351 67.
1251 281 1313 344 579

177 465 254 542 λέας
271 456 421 538 καὶτοὺς
439 467 556 548 ἴρηκας
574 455 741 545 ἀπάγουσι
762 461 796 539 ἐς
811 465 964 532 Βουτοῦν
982 459 1098 545 πόλιν,
1116 450 1175 538 τὰς
1192 456 1230 527 el
1246 463 1313 545 ἴβις

178 567 211 644 ἐς
230 559 354 653 Ἑρμέω
373 559 481 633 πόλιν.
525 557 583 641 τὰς
605 561 642 630 di
659 558 821 652 ἄρκτους,
846 564 965 645 ἐούσας
980 569 1140 649 σπανίας,
1161 563 1217 632 καὶ
1229 557 1313 654 ,τούς

181 729 285 793 dictus,
303 743 382 795 quem
397 729 511 780 viverris
519 743 665 786 accensere
682 743 724 778 so·
774 735 848 782 certe
871 732 906 782 ad
930 732 988 782 eius
1011 731 1142 782 ditionem
1166 731 1316 795 proximam

181 799 247 864 lent,
262 804 333 851 testo
351 799 454 850 Leuke:
477 797 724 864 Naturgeschichts

183 885 246 935 pag.
267 868 325 920 116.
362 867 442 919 Cous.
452 869 605 933 interprett.
616 868 651 918 ad
661 868 723 917 Am-

182 940 265 991 misn.
290 938 412 989 Marcell.
431 938 520 1002 xxn,
546 938 588 989 15.
610 936 634 999 ἐ.
660 936 722 988 19.“

182 1009 225 1062 Gr.
272 1009 315 1059 De
336 1008 406 1059 Bato
429 1007 496 1058 urbo
526 1007 599 1058 conf.
627 1006 662 1057 sd
684 1006 722 1069 11,

182 1079 242 1130 155.
261 1108 296 1117 -
319 1075 429 1142 μυγαλῆ
454 1078 513 1127 sive
533 1093 586 1128 mus
611 1091 723 1127 araneus

181 1148 216 1198 ad
234 1151 340 1200 εοιίοαοι
358 1161 444 1214 genus
462 1147 591 1209 retertur,
617 1146 722 1197 rarissi-

181 1233 295 1284 masque
308 1217 434 1268 dicuntur
443 1216 524 1267 huius
533 1217 658 1267 animalis
667 1229 723 1265 mu-

181 1289 261 1339 miae.
296 1286 360 1338 vid.
381 1285 541 1337 Reiuhardt.
566 1285 584 1335 1.
604 1285 621 1336 l.
641 1301 669 1351 p.
691 1284 723 1336 18

181 1373 238 1423 seq.
279 1357 321 1408 Ab
343 1355 486 1408 Athribitis
515 1356 585 1406 hunc
606 1355 723 1405 bestiam

181 1427 235 1478 coli
252 1431 370 1478 testatur
388 1426 487 1477 Strabo
507 1425 597 1476 XVII.
617 1441 644 1490 p.
661 1423 722 1476 813.

119 1519 121 1524 ·
181 1497 282 1548 Thebis
299 1496 405 1547 annuos
423 1495 502 1546 huius
515 1495 618 1546 bestiae
637 1509 726 1560 reper-

181 1573 224 1618 tas
236 1581 310 1629 esse,
331 1563 378 1616 sed
389 1566 417 1615 in
428 1565 576 1630 sculpturis
586 1577 724 1630 nunquam

183 1653 241 1687 eam
260 1636 382 1700 conspici
403 1636 503 1686 asserit
520 1634 686 1685 Wilkinson.
705 1632 725 1683 l.

182 1707 200 1757 l.
221 1723 247 1771 p.
263 1705 313 1757 133
331 1720 399 1770 seq„
417 1705 461 1755 oni
483 1709 526 1754 est
542 1703 628 1754 Soreae
644 1719 726 1768 myos-

183 1791 253 1838 urus,
273 1775 369 1825 nobis:
380 1773 531 1837 Spitzmans.
552 1773 631 1823 Cous.
644 1773 726 1823 otiam

183 1844 281 1896 Roeth.
304 1843 322 1894 l.
340 1842 360 1894 l.
376 1847 447 1896 nott.
460 1859 525 1908 pag.
540 1844 583 1894 51.
620 1843 653 1892 In
666 1843 727 1906 ipsa

183 1915 259 1965 vocis
283 1914 419 1978 scriptura
440 1912 584 1963 admodum
604 1913 726 1962 variant:

186 1982 309 2049 equidem
322 1981 384 2034 dedi
395 1974 544 2047 μυγαλὲας,
564 1981 727 2032 Bredovium

185 2059 294 2104 secutus
311 2069 338 2118 p.
357 2052 408 2104 215
426 2055 453 2101 et
464 2052 608 2116 praecipue
621 2068 648 2116 p.
664 2052 727 2101 220.

218 2115 268 2180 τὰς
279 2114 310 2171 δὲ
319 2117 379 2258 ἕεις
396 2111 423 2178 ἒς
434 2112 541 2186 Ἑρμέω
555 2112 651 2185 πόλιν]
659 2121 728 2170 Post

185 2191 309 2244 voculam
350 2205 375 2247 ις
389 2191 540 2256 Schweigh.
557 2191 727 2240 inseruitvo·

185 2277 231 2313 ces
249 2251 350 2317 ἐούσας
362 2253 434 2324 ἱρὰς,
453 2275 523 2326 quae
534 2265 626 2311 tamen
641 2275 658 2310 a
674 2274 727 2310 me·

184 2331 260 2381 lioris
286 2335 368 2380 notae
403 2330 543 2381 codicibus
572 2330 673 2380 absunt
700 2333 727 2378 et

185 2401 295 2451 omnino
318 2399 497 2466 glossatorem
520 2401 639 2465 sapiunt.
677 2398 728 2449 Oc-

186 2473 297 2520 currunt
318 2485 382 2520 vero
401 2469 470 2521 duae
488 2471 569 2521 urbes
587 2470 727 2532 Hermopo-

186 2543 218 2590 lis
238 2540 346 2591 nomine
366 2541 523 2606 insignitae,
542 2539 630 2590 altera
645 2553 728 2602 parua

185 2610 214 2659 iu
232 2611 343 2676 regione
367 2611 486 2678 Aegypti
503 2610 639 2660 interioris
658 2607 729 2658 occi-

186 2679 303 2742 dentali,
338 2695 408 2746 quse
442 2685 521 2732 extra
554 2678 638 2729 Delta
676 2682 727 2740 est,

186 2765 272 2812 nunc,
289 2749 331 2798 uti
340 2748 450 2813 volunt,
470 2747 608 2815 appellata
616 2749 728 2798 Barnun·

185 2819 247 2880 bar3
272 2819 328 2868 eltis
345 2825 437 2869 mmen
459 2819 534 2868 nulla
555 2818 627 2882 apud
644 2818 730 2868 Hero-

188 2887 281 2938 dotum
298 2889 414 2950 mentio,
438 2889 485 2952 qni
504 2889 666 2952 Hemopolin
683 2903 730 2937 no-

188 2958 229 3006 vit
241 2971 365 3022 magnam,
386 2958 467 3007 sitam
485 2958 514 3006 in
533 2973 566 3008 ea
583 2956 729 3022 superioris

189 3026 306 3091 Aegypti
315 3027 439 3091 regione,
459 3027 504 3077 cui
520 3042 617 3078 nomen
628 3028 730 3092 Hepta-

188 3095 291 3158 nomis,
312 3110 435 3161 quasque
445 3097 479 3146 ab
492 3096 551 3146 aliis
567 3097 648 3146 etiam
662 3095 728 3145 The

189 3165 265 3215 baidi
280 3163 482 3216 adnumeratur.
519 3167 588 3217 Vide
600 3164 732 3217 Schlicht·

189 3234 273 3287 horst.
291 3233 311 3284 l.
332 3234 351 3288 l.
379 3251 441 3302 pag.
460 3237 504 3289 97.
522 3235 571 3298 98,
595 3236 729 3286 Msnuert.

189 3302 206 3352 1.
231 3303 248 3353 1.
275 3304 309 3365 X,
339 3305 364 3356 1.
390 3321 453 3370 pag.
479 3304 528 3358 397
550 3319 608 3370 seq.
651 3304 730 3355 Conl.

191 3373 272 3422 etiam
289 3373 442 3424 Prohesch:
460 3375 584 3424 Erinner.
598 3375 621 3425 1.
633 3391 661 3439 p.
681 3374 731 3424 114

191 3458 267 3508 seqq.
282 3447 310 3492 et
327 3443 392 3504 alis,
410 3459 479 3509 quae
492 3443 571 3494 affert
585 3445 729 3510 Forbiger:

189 3513 300 3563 Handb.
321 3513 348 3564 d.
367 3513 416 3568 alt.
441 3514 540 3581 Geogr.
565 3515 604 3565 11.
627 3531 654 3579 p.
680 3514 729 3564 787

190 3588 247 3633 not.
282 3582 362 3633 Nunc
384 3581 438 3632 illis
461 3583 490 3633 in
513 3583 669 3649 regionibus
691 3583 731 3632 in·

189 3653 298 3702 venitur
325 3653 401 3703 vicus
433 3653 541 3704 nornine
563 3651 731 3717 Achnncnegn,

190 3722 329 3788 multaque
347 3737 364 3773 a
383 3721 469 3774 Gallis
485 3729 549 3775 sunt
560 3723 672 3773 inventa
689 3737 732 3772 ru-

191 3791 255 3842 dera
295 3793 500 3857 magnificorum
538 3791 730 3855 aedificiorum,

192 3861 365 3928 templorum,
389 3861 573 3913 columnarum
597 3861 677 3928 longe
694 3861 733 3912 la·

773 801 925 866 pertinens,
950 817 1010 852 cnm
1032 802 1116 851 ibium
1138 800 1252 850 mumias
1276 813 1317 849 ro-

773 871 886 990 tutti
902 870 1186 1006 ”intuuntur
1199 869 1316 1002 iii?

773 1009 834 1060 295.
853 1008 914 1072 296,
933 1008 979 1074 qui
996 1008 1057 1059 ideo
1075 1008 1243 1060 Herodotum
1263 1021 1318 1056 non

773 1093 883 1144 prorsus
906 1083 1034 1128 accurato
1057 1077 1101 1128 hic
1125 1078 1200 1142 loqui
1217 1081 1317 1138 monet,

774 1163 835 1199 cum
853 1148 912 1198 ibes
930 1145 1088 1212 Hermopoli
1105 1147 1240 1211 repositas
1258 1160 1318 1195 esso

774 1218 886 1268 scribat.
910 1217 981 1267 Nam
993 1215 1185 1282 intelligendas
1201 1229 1317 1265 essessa

773 1293 881 1338 tanturn
899 1286 972 1350 ibss,
999 1301 1068 1351 quae
1087 1285 1117 1335 in
1134 1284 1242 1350 templis
1260 1284 1317 1334 ine·

774 1357 829 1407 rint
838 1357 957 1407 nutritae
974 1353 1116 1421 (religione
1135 1354 1245 1420 publica
1261 1354 1319 1419 opi-

775 1441 825 1477 nor
852 1430 1027 1476 consecratss
1054 1423 1176 1490 dixeris),
1204 1439 1265 1474 cum
1290 1424 1318 1472 in

776 1497 878 1561 cryptis
892 1494 1077 1560 Memphitidis
1091 1494 1212 1545 infinitus
1226 1509 1319 1544 nnme-

775 1581 821 1616 rus
838 1565 921 1615 ibium
935 1564 1105 1615 conditarum
1122 1569 1245 1629 repertus
1262 1563 1319 1613 iue-

775 1636 820 1685 rit.
856 1635 1030 1686 Domesticos
1047 1635 1132 1700 igitur
1147 1633 1200 1684 hae
1217 1633 1320 1684 tuerint

776 1705 848 1769 ibes,
872 1703 935 1754 illae
958 1703 1085 1769 publicae
1111 1708 1138 1754 et
1154 1719 1263 1764 sacrae;
1288 1705 1320 1752 ut

778 1775 849 1826 enim
860 1774 972 1839 quaevis
984 1774 1152 1839 privatorum
1164 1773 1259 1824 domus
1272 1786 1320 1837 por

776 1844 930 1894 universam
938 1843 1090 1909 Aegyptum
1101 1858 1178 1894 arem
1190 1857 1266 1894 suam
1276 1856 1320 1891 sa-

777 1929 851 1965 cram
876 1913 979 1964 nutrire
1006 1913 1124 1974 solebat,
1154 1914 1195 1963 ita
1215 1913 1268 1962 ibis
1291 1911 1321 1960 in

779 1982 886 2047 templis
916 1983 1020 2033 nutrita
1045 1987 1073 2033 et
1101 1984 1180 2048 qussi
1207 1982 1320 2032 deorum

778 2051 969 2104 consuetudini
982 2051 1093 2103 admota
1107 2058 1162 2114 est,
1181 2050 1254 2117 quod
1265 2064 1321 2100 mo-

777 2126 824 2172 net
835 2121 962 2172 Oreuser.
977 2121 1139 2174 commenti.
1154 2119 1276 2174 Herodd.
1291 2135 1319 2185 p.

779 2192 837 2242 lus.
880 2191 953 2242 Hinc
973 2192 1050 2242 vario
1074 2191 1154 2242 modo
1181 2191 1232 2241 hac
1255 2203 1320 2242 area

777 2260 947 2325 reperiuntur
964 2259 1104 2323 conditae,
1128 2266 1159 2312 ut
1176 2259 1248 2310 idem
1265 2273 1321 2310 mo-

777 2336 833 2381 net.
870 2331 949 2380 Coni.
967 2331 1086 2383 lomard.
1100 2330 1211 2382 Recueil
1224 2333 1276 2381 etc.
1293 2345 1320 2395 p.

779 2399 831 2452 313
848 2415 904 2466 seq.
940 2401 982 2450 Ds
999 2401 1060 2466 ipsa
1072 2417 1122 2452 ave
1135 2402 1248 2466 eiusque
1260 2412 1322 2450 san·

780 2471 877 2520 ctitsts
895 2470 969 2534 apud
982 2471 1132 2537 Aegyptios
1149 2471 1270 2521 Mcemus
1286 2467 1321 2519 ad

780 2539 819 2603 11,
838 2540 880 2592 15.
916 2541 977 2590 Hoc
992 2540 1053 2591 loco
1066 2540 1134 2590 illud
1151 2541 1322 2606 potissimum

779 2609 866 2659 teneri
895 2609 1033 2673 volumus,
1063 2611 1134 2676 quod
1163 2611 1231 2671 ibis,
1262 2623 1322 2658 cum

779 2679 904 2730 Niliacae
921 2679 1107 2730 inundationis
1123 2684 1196 2730 esset
1214 2679 1322 2743 signum

780 2765 812 2798 ac
831 2748 995 2814 symbolum,
1013 2749 1147 2800 Mercurio
1160 2763 1268 2813 quoque
1280 2761 1323 2796 sa·

780 2833 828 2869 cra
845 2818 1051 2883 perhibebatur,
1071 2818 1118 2884 qui
1136 2818 1201 2868 deus
1220 2815 1322 2880 primus

781 2887 837 2939 Nili
853 2887 999 2938 crescentis
1008 2901 1148 2936 mensuras
1160 2885 1282 2951 percepit
1295 2887 1323 2933 et

780 2958 928 3019 indicavit,
948 2956 1063 3022 indeque
1076 2955 1158 3006 ibidis
1172 2955 1262 3018 capite
1274 2953 1323 3002 im-

781 3027 871 3092 posito
894 3030 1113 3091 repraesentatus
1139 3026 1277 3088 comparet
1294 3022 1323 3070 iu

782 3095 943 3161 anaglyphis
951 3111 984 3146 ac
995 3095 1109 3161 picturis
1118 3093 1322 3158 Aegyptiorum.

782 3167 872 3229 Quare
891 3164 1056 3231 Hermopoli,
1075 3165 1094 3215 i.
1105 3179 1130 3214 e.
1148 3162 1277 3214 Mercurii
1294 3162 1323 3210 in

782 3236 862 3297 urbe,
882 3250 987 3285 sacram
1004 3250 1082 3285 avem
1103 3232 1212 3298 sepeliri
1232 3248 1265 3283 ac
1283 3247 1324 3282 re-

782 3306 846 3371 poni
857 3309 1077 3356 consentaneum.
1100 3302 1178 3354 Ocni.
1194 3301 1323 3354 Crenaeri

782 3373 902 3441 Symbol.
935 3375 973 3427 11.
1004 3390 1067 3439 pag.
1100 3373 1150 3424 201
1181 3388 1238 3438 seq.
1281 3373 1324 3421 De
1351 3395 1355 3404 ·

782 3445 977 3511 Aegyptiorum
1002 3443 1137 3494 Mercurio
1157 3443 1268 3506 scripsit
1292 3439 1323 3491 O.

781 3515 828 3566 Fr.
852 3513 1033 3565 Dorimueller
1054 3513 1082 3562 in
1114 3513 1323 3577 programmate,

782 3582 854 3648 quod
864 3583 965 3649 prodiit
974 3584 1090 3648 August.
1102 3580 1235 3630 Vindelio.
1246 3579 1323 3630 1851:

782 3653 872 3704 Ueber
898 3653 943 3704 die
970 3652 1123 3704 Grundidee
1152 3649 1200 3701 des
1228 3649 1324 3701 Gottes

783 3725 907 3774 Hermes.

817 3785 867 3850 τὰς
885 3783 917 3840 δὲ
936 3781 1071 3854 ἄρκτους,
1088 3777 1189 3845 ἐούσας
1204 3783 1326 3843 σπανίας

783 3877 810 3912 κ.
828 3877 853 3912 τ.
872 3859 908 3925 1.]
928 3861 1031 3910 Auctor
1049 3862 1092 3908 est
1113 3859 1231 3922 Prosper
1249 3856 1326 3923 Alpi·

192 3935 272 3996 tsque
290 3947 338 3997 per
355 3945 466 3996 campos
487 3931 620 3996 dispersa.
655 3934 733 3995 Quae
784 3946 836 3982 nus
854 3931 918 3980 hist.
937 3933 996 3980 nat.
1013 3927 1130 3993 Aegypt.
1151 3927 1199 3989 IV,
1216 3927 1243 3978 9.
1261 3943 1324 3992 pag.

192 4003 283 4050 tamen
304 4015 359 4050 non
381 4001 473 4050 omnia
494 3999 529 4050 ad
546 4000 732 4066 Hermopolis,
787 3999 846 4062 132,
862 4013 954 4060 ursos,
972 3997 1061 4062 lupos,
1079 3995 1175 4062 vulpes
1193 3997 1221 4046 in
1237 3996 1326 4063 Aegy-

88 4069 93 4078 '
191 4073 223 4117 nt
238 4069 310 4120 Galli
328 4069 369 4119 illi
393 4069 574 4132 contendunt,
599 4071 733 4134 pertinere
784 4074 831 4134 pto
851 4067 977 4133 reperiri,
1001 4081 1162 4133 quamquam
1180 4066 1253 4117 haud
1269 4082 1325 4117 ms·

191 4153 272 4200 posse
295 4143 375 4204 putat
398 4140 557 4190 Mannertus
578 4137 638 4189 looo
662 4140 682 4189 l.
705 4155 732 4204 p.
784 4139 895 4222 gnasit
911 4152 1003 4220 eorum
1023 4137 1111 4218 copia.
1147 4136 1233 4187 Ursos
1254 4137 1325 4220 idom

191 4206 735 4342 illutestudinibus?liu
786 4205 1327 4344 &iniustisluituri

192 4343 307 4396 forsitan
330 4347 365 4396 sd
384 4361 443 4396 eam
470 4348 555 4412 ipsam
580 4347 672 4397 urbem
693 4345 736 4397 vel
786 4347 831 4413 plo
851 4347 967 4399 minores
988 4362 1068 4413 quam
1087 4345 1158 4412 apud
1180 4363 1229 4398 nos
1252 4347 1326 4398 inve-

1041 4427 1116 4535 .³.⁷.''.‘
1142 4493 1146 4502 ,
