3058 4928
228 242 289 302 624
660 242 929 305 HERODOTI

228 444 297 488 παν
324 421 448 500 εἰπεῖν,
473 410 552 502 μηδ’
578 411 691 484 ἄλλων
715 413 851 505 μηδαμά
885 417 1050 504 μηδαμῶν
1076 413 1274 508 ἀνθρώπων
1304 447 1363 490 νο-

227 527 365 610 μαίοισι.
394 525 429 587 ολ
444 519 506 606 μέν
527 545 592 586 νυν
613 515 708 588 ἄλλοι
727 519 907 607 Αἰγύπτιοι
922 514 1010 588 οὕτω
1024 524 1123 590 τοῦτο
1139 522 1362 609 φυλάσσουσι.

228 631 297 693 ἔστι
316 623 353 692 δὲ
362 625 489 710 Χέμμις
505 621 601 701 πόλις
613 621 741 710 μεγάλη
757 629 864 712 νομοῦ
878 627 938 692 τοῦ
949 627 1123 710 Θηβαϊκοῦ
1141 623 1242 713 ἐγγὺς
1255 630 1346 715 Νέης
1357 643 1409 698 tlt

227 726 352 807 πόλιος.
407 727 444 795 ἐν
466 723 570 814 ταύτῃ
595 730 635 817 τῇ
665 725 743 795 πόλι
770 729 839 796 ἐστὶ
864 728 1011 816 Περσέος
1039 732 1100 796 τοῦ
1117 729 1258 818 Δανάης
1288 729 1363 819 ἱρὸν

227 883 303 956 (λαμὰ
314 923 348 930 -
358 887 505 956 μηδαμῶς)
524 891 597 942 conl.
618 891 717 942 Iaeobs
735 891 770 942 ad
820 891 880 944 loeo
890 908 962 943 uunc
972 893 1094 958 conspici
1106 893 1173 944 dicit
1182 895 1270 946 vicum
1281 895 1361 958 Kese,

227 962 333 1012 Aelian.
352 962 387 1012 N.
405 961 437 1010 rt.
456 961 506 1024 x1,
527 961 551 1011 l.
820 967 927 1014 retenta
962 963 1087 1014 nimirum
1121 965 1214 1014 vetere
1243 963 1362 1030 appella·

262 1025 320 1080 ἔστι
339 1024 370 1079 δὲ
388 1026 497 1094 Χέμμις
519 1022 601 1087 πόλις
618 1021 723 1094 μεγάλη
742 1045 768 1080 κ.
821 1034 908 1096 tione,
927 1034 1049 1098 quamvis
1067 1041 1204 1099 corrupta.

226 1115 250 1150 s.
270 1098 306 1166 λ.]
330 1100 447 1151 Charmis
468 1100 532 1150 urbs
556 1099 591 1148 ad
611 1099 769 1149 orientalem
856 1094 887 1151 ἐν
907 1095 995 1168 ταύτῃ
1014 1095 1049 1166 τῆ
1070 1095 1135 1152 πόλι
1157 1095 1213 1152 ἐστὶ
1237 1101 1361 1168 Περσέος

226 1169 282 1222 Nili
299 1170 386 1235 ripam
409 1169 463 1219 sita
484 1171 555 1220 inter
571 1168 770 1234 Aphroditopo-
820 1169 871 1220 sori
888 1163 1005 1234 Δανάης
1021 1151 1086 1236 άρὸν
1102 1164 1289 1239 τετράγωνον]
1309 1173 1362 1223 Ne·

225 1239 264 1290 liu
282 1245 310 1290 et
327 1239 481 1290 Ptolemain
507 1240 535 1288 in
553 1238 702 1301 Thebaide,
727 1254 769 1288 sa·
820 1247 868 1306 gat
886 1241 1049 1292 Wilkinson.
1071 1240 1210 1306 (Manners
1233 1247 1286 1294 ete.
1305 1257 1360 1292 sec.

225 1313 261 1359 tis
280 1309 371 1374 ampla
394 1313 422 1358 et
443 1311 533 1373 prisco
557 1325 626 1359 aevo
649 1307 769 1360 condita.
820 1310 924 1360 senil.
937 1327 964 1374 p.
976 1310 1019 1362 88.
1031 1311 1092 1376 293)
1105 1311 1139 1362 de
1151 1311 1202 1362 hoc
1214 1313 1272 1362 sire
1281 1313 1361 1362 heroe

227 1381 324 1430 Graeci
334 1379 473 1430 vocabant
482 1381 630 1441 Panopolis,
641 1377 768 1443 quoniam
820 1380 878 1429 sive
906 1379 956 1429 deo
982 1396 1011 1441 se
1038 1380 1102 1446 quid
1128 1382 1301 1432 statuendum
1325 1383 1361 1431 sit

225 1449 309 1499 Panis
328 1448 403 1499 cultu
421 1449 566 1512 praecipue
578 1449 693 1513 insignis
705 1447 767 1510 suit,
819 1449 931 1512 habere,
950 1451 1110 1513 praesertim
1127 1467 1187 1501 cunr
1205 1453 1305 1504 veteris
1317 1467 1360 1502 ur-

225 1521 366 1584 ipsumque
384 1519 442 1568 eius
461 1532 571 1580 nomen,
588 1517 767 1582 quodCoptis
819 1519 861 1568 bis
885 1534 917 1568 ac
941 1519 1033 1583 templi
1056 1535 1125 1585 quae
1148 1527 1293 1585 supersunt
1316 1536 1359 1570 ru·

225 1594 267 1637 est
284 1587 382 1637 Schmin
399 1587 458 1636 sive
477 1587 578 1647 Cimon,
597 1587 698 1636 Panem
716 1587 767 1636 Ae·
819 1589 884 1638 ders
912 1589 1085 1653 imperfecta,
1117 1589 1220 1640 nullum
1247 1591 1291 1641 dei
1314 1591 1357 1640 hic

225 1658 319 1723 gyptio
346 1672 469 1707 sermone
495 1655 645 1707 indicabat.
687 1657 766 1706 Nunc
818 1657 884 1708 culti
896 1659 1020 1709 notitiam
1032 1667 1187 1710 accuratam
1198 1661 1357 1725 praebeant.

225 1743 331 1792 quoque
356 1732 434 1778 retus
460 1727 605 1792 appellatio
639 1725 767 1791 quodam·
817 1727 915 1778 Mirum
932 1729 1056 1793 prosecta
1076 1730 1164 1780 videri
1186 1735 1277 1794 potest
1295 1731 1358 1780 Per·

224 1797 303 1847 modo
324 1798 470 1858 remansit,
497 1801 613 1847 vocatur
639 1795 709 1846 enim
731 1795 765 1845 ab
816 1797 870 1860 sei,
893 1813 973 1862 quern
993 1798 1125 1850 Graecum
1147 1799 1229 1865 vulgo
1251 1799 1358 1851 heroem

223 1867 358 1917 Arablbus
372 1866 483 1918 Atrium
495 1865 663 1919 seullrluuim.
683 1864 766 1915 Plura
816 1867 971 1931 perhibent,
996 1868 1126 1934 templum
1149 1874 1177 1920 et
1196 1869 1284 1919 cultus
1304 1885 1357 1920 me·

224 1937 433 1987 Sobliohthorst.
460 1935 479 1986 l.
502 1937 521 1989 l.
541 1951 603 2002 pag.
626 1936 675 1986 100
697 1951 764 2002 seq,
815 1936 908 1986 disin
924 1938 1064 2004 Aegypto,
1086 1939 1140 1988 nisi
1157 1939 1271 1990 interius
1293 1938 1357 2004 quid

224 2005 375 2072 Champoll.
390 2005 511 2071 l’Egypt.
524 2021 589 2056 sous
608 2004 626 2055 l.
640 2005 721 2055 Phar.
739 2005 763 2055 Ι.
814 2006 900 2057 latere
918 2009 1066 2059 existimes.
1101 2009 1152 2059 Est
1170 2009 1241 2058 enirn
1258 2009 1302 2058 hic
1322 2010 1357 2059 da

223 2089 250 2140 p.
261 2077 311 2126 257
322 2092 398 2141 seqq.
417 2075 546 2126 Veterum
560 2074 635 2125 locos
655 2075 779 2125 exhibet·
814 2075 865 2126 deo
884 2078 1072 2143 cogitandum,
1096 2093 1149 2128 non
1174 2077 1254 2128 aliter
1273 2083 1358 2143 atque

223 2161 330 2210 quoque
349 2145 494 2210 Forbiger:
525 2145 587 2196 Alte
609 2143 762 2209 Geograph.
815 2145 848 2195 de
858 2147 975 2197 Hercule
989 2149 1138 2214 Aegyptio;
1158 2152 1185 2197 et
1203 2147 1311 2212 quidem
1323 2149 1358 2198 de

223 2213 260 2264 ΙΙ.
274 2231 302 2278 p.
316 2213 376 2264 789.
410 2215 487 2276 Quae
508 2218 603 2263 contre
621 2218 764 2278 angulatur
815 2215 898 2264 solari
918 2216 968 2267 deo
995 2218 1051 2268 sive
1076 2219 1136 2283 ipso
1163 2217 1221 2266 sole
1245 2219 1358 2282 eiusque

222 2283 381 2332 Mannertus
406 2282 569 2348 (Geograph.
594 2283 641 2332 der
664 2283 711 2333 Gr.
736 2297 763 2334 u.
814 2285 842 2334 vi
869 2287 1064 2350 procreatrice,
1091 2303 1170 2353 quam
1199 2288 1228 2336 in
1254 2302 1358 2337 omnem

222 2351 316 2403 Roem.
334 2353 374 2414 X,
394 2353 418 2402 l.
442 2367 505 2416 pag.
525 2351 576 2403 374
600 2351 685 2418 seq),
710 2367 763 2416 quo
814 2361 939 2404 naturam
951 2357 1096 2421 quotannis
1108 2361 1230 2417 exercet;
1247 2371 1300 2421 quo
1314 2355 1358 2406 rel

222 2421 340 2470 Cherruniu
353 2423 536 2471 Herodoteam
553 2437 570 2470 a
586 2423 711 2483 Panopcli
726 2421 764 2470 di·
814 2439 911 2475 nornen
924 2425 1022 2476 ducere
1038 2425 1147 2489 volant,
1165 2428 1261 2492 inquo
1273 2429 1357 2489 splen·

221 2505 328 2540 versam
351 2506 410 2540 esse
433 2489 592 2552 contendat,
620 2489 687 2540 nihil
709 2505 764 2540 mo·
814 2494 917 2544 didiae
935 2497 1013 2545 lucidi
1032 2497 1168 2546 notionem
1191 2497 1244 2546 sibi
1263 2497 1357 2561 depre-

221 2575 321 2610 ramur.
346 2561 412 2610 Vult
422 2560 493 2610 enirn
504 2559 597 2609 urbem
613 2575 681 2623 esse,
694 2575 762 2625 quae
812 2562 939 2614 hendisse
951 2565 1002 2613 risi
1014 2571 1077 2614 sunt
1088 2566 1139 2614 viri
1152 2566 1235 2616 docti.
1251 2565 1358 2628 Quodsi

221 2647 238 2680 a
256 2629 367 2681 Graecis
386 2629 528 2694 postmodo
549 2630 640 2692 Coptos
662 2631 697 2679 sit
717 2644 763 2694 ap·
812 2632 897 2697 igitur
907 2633 996 2684 Solem
1009 2635 1109 2685 Perseo
1124 2635 1239 2684 indicari
1253 2640 1357 2686 certum

221 2699 333 2766 pellata.
377 2700 434 2750 Nec
460 2714 525 2749 sane
551 2699 597 2748 ille
624 2700 762 2764 perspexit
813 2707 864 2764 est,
873 2703 929 2752 inm
940 2719 1008 2769 quae
1020 2703 1052 2752 de
1064 2720 1095 2754 eo
1106 2705 1306 2768 praedicentur,
1317 2705 1357 2754 λιι-

221 2769 352 2820 orationis
367 2785 473 2832 nexum,
487 2769 533 2833 qui
547 2769 713 2819 Herodotum
727 2769 762 2818 ad
813 2771 901 2834 cilius,
917 2787 1005 2836 spero,
1020 2773 1137 2839 intelligi
1150 2779 1286 2838 poterunt,
1305 2789 1356 2824 nec

221 2839 288 2890 haec
307 2840 443 2890 narranda
461 2837 608 2904 impulerit,
628 2839 662 2890 de
677 2839 761 2890 Panis
813 2841 900 2906 magis
923 2857 973 2892 nos
996 2841 1141 2893 advertant
1159 2843 1214 2893 ludi
1237 2845 1357 2908 gymnici

220 2909 310 2972 cultu,
336 2925 388 2974 quo
404 2910 468 2959 urbs
491 2909 606 2958 maxims
629 2908 682 2959 fuit
699 2909 762 2958 insi·
812 2910 905 2960 Persei
923 2912 998 2961 iussu
1016 2927 1033 2960 s
1050 2912 1207 2962 Chemmitis
1225 2913 1354 2975 instituti,

220 2981 290 3045 gnis,
308 2979 441 3042 silentem,
461 2979 588 3044 quoniam
606 2979 714 3028 omnino
729 2978 764 3027 d!
812 2995 892 3044 quam
903 2979 1038 3046 Olympici
1051 2981 1108 3032 ludi
1120 2982 1154 3032 ab
1164 2981 1280 3032 Hercule
1293 2998 1356 3032 con-

220 3049 300 3100 rebns
329 3049 415 3099 sacris
440 3049 576 3098 silentium
601 3049 653 3098 sibi
678 3049 762 3112 impo-

418 3105 423 3118 ,
812 3049 872 3099 diti.
900 3049 956 3100 Nec
969 3051 1085 3115 denique
1096 3067 1151 3102 non
1163 3050 1354 3117 intelligemus,

220 3119 288 3180 suit,
317 3119 371 3168 nisi
387 3118 433 3168 ubi
457 3124 567 3168 coactus
590 3118 654 3183 quid
676 3117 762 3167 divul-

811 3133 859 3168 cur
888 3119 1004 3170 Perseus
1030 3119 1188 3172 Ohemmitis
1220 3135 1355 3186 apparens

219 3202 284 3252 gare
302 3202 413 3237 necesse
432 3188 514 3237 luerit
527 3186 573 3251 (cf.
589 3188 626 3248 ΙΙ,
637 3190 671 3240 65
681 3185 777 3252 etc.);⁸

219 3271 289 3320 quse
315 3257 422 3322 quidem
446 3257 597 3308 necessitas
619 3257 664 3307 hic
687 3255 762 3306 nulla

218 3339 365 3390 sanequarn
384 3331 508 3391 apparet.

253 3385 335 3459 ἔγγὺς
352 3391 431 3459 Νέης
451 3388 560 3458 πόλιος]
593 3393 686 3446 Facile
704 3409 761 3444 cro-

218 3463 356 3528 deremus,
386 3465 456 3515 hauc
483 3465 576 3514 urbem
602 3479 663 3515 esse
691 3479 759 3525 earn,

217 3549 287 3599 quse
313 3527 406 3598 Καινὴ
437 3526 519 3590 πόλις
544 3533 644 3583 dicitur
671 3533 760 3584 Ptole·

217 3619 304 3666 maeo,
317 3605 370 3654 nisi
383 3608 503 3653 moneret
515 3601 678 3662 Danvillius,
690 3603 760 3653 Nea·

217 3673 290 3737 polin
311 3674 413 3723 hancce
432 3673 608 3736 septuaginta
626 3671 760 3722 milliariis

216 3743 345 3792 Romanis
366 3743 468 3791 distare
485 3757 502 3791 a
518 3739 646 3792 Chemmi.
677 3742 759 3806 Equi-

217 3811 277 3862 dem
291 3817 381 3862 tamen
399 3811 427 3859 in
444 3811 525 3870 urbe,
545 3810 622 3860 cuius
634 3816 690 3860 tam
704 3809 759 3861 late

216 3885 310 3944 pateat
328 3879 501 3946 significatio,
521 3879 588 3928 nihil
606 3880 757 3942 decernam,

216 3965 266 3998 nec
299 3951 327 3998 in
357 3948 522 4015 geographia
553 3953 642 4000 terrae
670 3950 758 4014 Aegy·

216 4019 298 4081 ptise,
317 4033 387 4082 quae
405 4024 447 4068 tot
464 4018 552 4068 adhue
566 4018 673 4070 laborat
684 4024 758 4069 tene-

215 4087 285 4150 bris,
310 4087 455 4152 quidquam
480 4087 547 4137 certi
565 4089 756 4152 pronuntiave-

214 4155 274 4205 rim.
304 4156 446 4206 Cseterum
464 4157 574 4206 videtu
592 4158 625 4208 de
641 4157 755 4222 Neapoli

214 4222 421 4275 Schlichthorst.
445 4225 463 4274 l.
483 4224 501 4275 l.
524 4241 552 4290 p.
580 4227 626 4276 101
646 4242 703 4292 seq.
727 4232 755 4276 et

811 3191 918 3238 tantam
933 3189 1029 3240 afferat
1047 3191 1111 3240 anni
1131 3189 1299 3241 fertilitatem
1317 3191 1355 3240 le-

810 3257 944 3323 licemqne
961 3258 1069 3324 frugum
1087 3265 1255 3324 proventum.
1284 3259 1354 3312 Nolo

810 3326 932 3392 pluribus
951 3343 982 3377 ea
1002 3327 1035 3378 de
1053 3344 1081 3378 re
1100 3329 1266 3395 disceptare,
1285 3345 1355 3394 quse

810 3397 846 3446 sd
856 3395 1027 3462 mythologos
1037 3399 1128 3462 potius
1139 3401 1265 3464 pertinet,
1273 3414 1353 3465 quam

812 3464 847 3515 sd
858 3466 990 3517 Herodoti
1007 3468 1196 3533 interpretem,
1216 3469 1262 3534 qui
1276 3470 1354 3520 unice

811 3535 861 3586 hoc
881 3535 933 3584 sibi
947 3536 1029 3587 habet
1040 3539 1224 3602 propositum,
1245 3545 1276 3588 ut
1289 3540 1355 3588 scri·
1410 3535 1417 3546 ”

810 3609 914 3668 ptorern
937 3604 1072 3670 illustret,
1097 3609 1187 3671 quoad
1214 3608 1272 3657 eius
1295 3606 1355 3658 fieri

809 3679 914 3738 potest,
945 3675 1058 3740 eiusque
1080 3675 1162 3726 eran
1186 3677 1352 3742 comprobet.

810 3742 842 3792 Id
860 3759 924 3793 vero
950 3744 1079 3796 hocloco
1102 3745 1241 3796 difficilius
1259 3747 1353 3810 utique

810 3817 933 3876 statuas,
962 3829 1015 3878 quo
1034 3815 1091 3864 iure
1106 3815 1206 3866 Noster
1224 3817 1353 3866 Perseum

809 3882 973 3932 Graecorum
992 3883 1050 3934 sive
1069 3883 1147 3934 deum
1165 3886 1224 3934 sive
1244 3885 1351 3935 heroem

808 3951 836 4000 in
847 3951 1001 4016 Aegyptum
1017 3953 1097 4017 quasi
1108 3954 1290 4008 introduxerit
1307 3953 1351 4004 vel

807 4021 899 4084 potius
911 4021 1104 4086 Aegyptiorum
1122 4021 1201 4074 deum
1220 4023 1255 4074 ad
1270 4023 1352 4074 Grae·

807 4105 867 4139 curu
894 4090 972 4139 deum
998 4089 1170 4142 transtulerit
1197 4097 1279 4158 atque
1307 4107 1352 4142 ac-

806 4157 1027 4209 commodaverit.
1075 4161 1179 4212 Panem
1212 4176 1288 4224 enm,
1318 4162 1352 4211 de

805 4227 909 4293 quoad
928 4227 965 4290 11,
985 4228 1020 4280 46
1036 4228 1165 4294 diximus,
1191 4231 1277 4282 luisse
1296 4236 1352 4280 sta·

213 4291 754 4360 Mannert.l.l.pag.³71,qaieodern
804 4302 866 4348 tuas
890 4295 954 4348 lieet
976 4312 1038 4350 curn
1057 4298 1190 4352 Oreusero
1217 4297 1350 4366 (Symbol.
