3064 4940
631 319 757 381 OLIO.
779 321 805 379 I.
828 329 872 382 55.

1196 411 1199 417 Ι
1257 327 1314 387 ιιι

181 497 338 587 ἀτελείην
351 495 405 563 καλ
427 499 625 583 προεδρίην,
646 496 702 564 καὶ
720 497 842 577 ἐξεῖναι
862 499 909 588 τῷ
922 500 1117 592 βουλομένῳ
1131 496 1242 570 αὐτῶν
1256 527 1312 588 γε·

180 607 302 674 vicies
316 596 455 688 Δελφὸν
467 602 500 680 ἐς
513 596 572 669 τὸν
584 595 636 668 ciel
648 597 780 689 χρόνον.
791 603 800 619 “
820 601 1068 690 Λοιρησάμενος
1081 603 1119 672 δὲ
1132 602 1210 685 τούς
1222 614 1310 674 Λελ-
1322 615 1362 674 55

180 705 266 796 φούς
292 703 310 776 ὁ
332 713 475 794 Κροῖσος
501 704 769 794 ἐχρηστηριάζετο
794 701 832 774 τὸ
858 711 980 794 τρίτον.
1018 702 1094 776 ἐπεί
1116 735 1152 776 τε
1181 706 1245 796 μὰρ
1270 707 1313 798 dr}

179 816 347 901 παρέλαβε
372 813 433 878 τοῦ
451 815 614 896 μαντηίου
634 805 816 897 ἀληθείην,
845 811 1040 900 ἐνεφορέετο
1070 806 1184 881 αὐτοῦ.
1222 809 1312 884 ἐπει-

180 915 270 1004 ροίτα
295 915 333 984 δὲ
362 912 441 982 τάδε
464 912 795 1002 χρηστηριαζόμενος,
823 921 857 981 εί
878 917 912 982 οί
933 913 1148 1004 πολυχρόνιος
1175 923 1265 986 ἔσται
1294 913 1315 1008 ἡ

181 1026 377 1109 μουναρχίη.
410 1013 431 1106 ἡ
452 1016 490 1085 dl
503 1025 622 1106 Πυθίη
641 1022 676 1086 oi
696 1023 759 1108 χρᾷ
777 1015 873 1085 τάδε·

261 1141 341 1210 Ἀλλ’
365 1139 439 1208 ὅταν
461 1139 586 1226 ἡμίονος
606 1138 745 1228 βασιλεὺς
768 1141 906 1225 Μήδοισι
926 1145 1063 1226 γένηται,

180 1321 299 1384 dissent,
317 1321 420 1372 tribulo
437 1321 547 1372 liberati
561 1325 638 1384 eunt,
657 1321 724 1372 dici-

180 1397 226 1441 tur
238 1383 347 1440 ἀτέλεια
363 1391 436 1456 spud
452 1391 628 1442 Demosthen.
644 1392 721 1442 Orat.

179 1461 289 1513 advers.
313 1463 436 1528 Leptin,
459 1462 507 1512 ubi
525 1464 572 1514 Gr.
591 1462 722 1512 emendat

179 1532 217 1582 ad
225 1533 271 1583 Fr.
278 1532 410 1582 A.w01fii
415 1532 541 1598 Prolegg.
549 1549 611 1598 pag.
621 1533 719 1584 LXXI.

180 1603 236 1652 Sed
257 1602 293 1651 ad
312 1607 435 1654 nostrum
458 1602 547 1652 locum
570 1605 657 1668 magis
679 1605 721 1652 fa-

179 1687 244 1722 cere
258 1673 397 1736 videniur,
420 1689 491 1740 quse
505 1673 604 1723 Strabo
625 1674 674 1724 lx.
694 1689 720 1738 p.

179 1741 278 1792 4181.
297 1758 322 1806 p.
341 1743 390 1794 641
405 1745 438 1794 Α,
457 1743 564 1794 retulit:
588 1749 722 1808 quotquot

178 1813 314 1877 peregrini
328 1813 489 1878 Delphicum
502 1811 642 1862 oraculum
659 1828 722 1862 con·

179 1881 313 1945 sulerent,
328 1899 377 1934 ees
390 1882 510 1949 vectigal
520 1883 670 1948 quoddam,
686 1882 722 1932 ab

178 1952 422 2018 Amphictyonibue
439 1954 631 2014 coustitutum,
651 1953 722 2002 Oris·

178 2023 253 2072 sacis
274 2027 302 2072 et
321 2024 507 2089 Amphissaeis
531 2023 650 2088 pendere
678 2039 722 2072 co·

178 2097 258 2142 setes
281 2092 376 2146 inisse.
411 2095 435 2144 A
455 2109 509 2160 quo
526 2091 658 2159 vectigali
668 2094 721 2158 Ly·

178 2163 229 2212 dos
243 2169 362 2214 exemtos
379 2163 464 2214 luisse
475 2179 606 2230 perquam
620 2163 651 2214 fit
662 2179 723 2228 pro-

177 2231 278 2282 babile.

214 2299 354 2366 προεδρία
377 2301 421 2351 hio
440 2301 602 2369 intelligitur
626 2305 668 2354 ius
693 2304 722 2352 in

178 2371 346 2424 solemnibus
368 2371 453 2436 ludis,
479 2373 506 2421 iu
524 2374 657 2438 Apollinis
676 2374 722 2424 ho·

178 2458 272 2493 norem
289 2442 438 2505 institutis,
462 2443 547 2506 primo
571 2444 666 2494 ordine
681 2459 722 2494 ee·

178 2512 261 2563 dendi
296 2512 412 2577 indeque
448 2511 526 2562 ludos
567 2515 721 2578 spectandi.

178 2583 259 2647 Quod
282 2597 367 2648 genus
391 2581 502 2632 honoris
528 2581 593 2632 alibi
614 2599 721 2650 qnoque

177 2654 305 2718 frequens
327 2653 469 2717 ropetitur.
511 2654 552 2703 Ac
580 2659 721 2718 praeterea

178 2723 263 2788 Lydis
291 2723 342 2773 hoe
368 2722 521 2773 tribuerunt
542 2723 653 2789 Delphi,
678 2729 720 2787 ut,

178 2793 331 2859 quicunque
348 2791 443 2856 vellet,
466 2793 494 2843 in
513 2809 591 2844 omne
613 2800 720 2860 tempus

177 2861 343 2927 Delphorum
361 2877 431 2912 unus
448 2861 539 2927 fieret,
557 2865 576 2916 i.
594 2880 617 2915 o.
637 2866 665 2914 iu
676 2879 720 2915 ur-

177 2932 240 2982 bem
261 2933 439 2997 reciperetur,
467 2949 548 2999 agros
564 2935 720 3000 possidere

177 3005 280 3068 posset,
300 3001 354 3052 alis
367 3003 427 3053 iura
442 3005 587 3070 acciperet,
605 3011 718 3072 excepto

177 3077 269 3122 tamen
295 3073 390 3137 opinor
417 3073 477 3139 ipso
505 3075 627 3126 civitatis
654 3073 719 3142 (τῆς

177 3140 331 3208 πολιτείας)
353 3142 422 3194 iure.
459 3143 566 3196 Similia
584 3147 719 3210 quaedam

177 3212 206 3260 in
222 3211 386 3262 Graecarum
404 3213 547 3264 civitatum
565 3214 719 3266 foederibus

176 3281 329 3332 Larcherus
362 3281 458 3332 laudat
485 3299 519 3332 ex
545 3284 718 3350 Xenophout.

176 3349 285 3402 Hellen.
306 3351 372 3414 1,2‚
392 3354 407 3401 7
427 3357 454 3401 et
472 3353 648 3407 Demostheu.
669 3370 718 3419 pro

177 3421 276 3471 Ceron.
291 3437 317 3486 p.
329 3421 380 3470 487
392 3423 427 3472 E.
455 3422 497 3472 Ol.
514 3437 622 3487 quoque
639 3424 718 3487 Corp.

176 3491 264 3540 Inscr.
278 3491 391 3542 Graeco.
403 3507 443 3540 ur.
458 3492 504 3543 101
523 3497 551 3541 et
564 3493 642 3543 2421.
671 3495 717 3543 Gr.

177 3561 211 3610 dc
229 3559 270 3609 his
292 3560 442 3626 privilegiis
459 3560 566 3612 consuli
583 3562 641 3612 vult
659 3563 720 3614 Van

175 3628 247 3679 Dale
265 3631 292 3679 iu
309 3631 456 3683 Diseertet.
480 3633 593 3698 Autiqq.
617 3633 667 3684 VI.
690 3648 718 3698 p.

175 3701 326 3751 ets-445.

376 3873 441 3934 (ise.
461 3875 518 3928 LV.
543 3929 546 3934 ,

210 3967 377 4042 ίνεφορίετο
395 3968 495 4046 αὐτοῦ]
519 3979 539 4029 i.
558 3997 582 4032 e.
602 3979 721 4044 inplebat

175 4061 204 4097 se
223 4063 253 4098 eo
268 4045 408 4115 (oraculo)
418 4063 441 4099 s.
452 4049 559 4115 turpiter
573 4055 599 4104 in
616 4067 647 4102 eo
660 4067 718 4102 eon-

173 4119 280 4167 suleudo
306 4119 356 4169 sibi
380 4119 490 4169 indulsit.
532 4121 652 4173 Similem
680 4121 718 4170 lo-

176 4201 240 4236 euru
259 4187 424 4238 ePluterch.
440 4188 527 4241 Cicer.
540 4207 601 4256 cap.
617 4190 649 4241 lli
669 4190 716 4250 (al.

175 4257 225 4318 20)
242 4256 321 4306 affert
341 4258 493 4324 Schweigh.
511 4261 539 4310 iu
557 4261 649 4311 Lexic.
664 4261 718 4310 He-

175 4325 266 4376 rodet.
291 4343 314 4378 s.
338 4343 365 4378 u.
405 4329 459 4379 Sed
482 4328 562 4393 plura
586 4331 619 4380 de
641 4329 719 4379 verbi

174 4395 302 4458 notione,
325 4401 382 4447 tum
404 4399 516 4463 propris.
536 4398 570 4448 de
590 4399 643 4462 iis,
671 4400 718 4464 qui

774 1319 835 1369 cibo
847 1323 894 1368 aut
905 1324 970 1384 potu
982 1319 1089 1372 avidius
1104 1322 1237 1385 fruuntur,
1257 1327 1315 1374 tum

773 1389 909 1440 translate
929 1390 963 1440 do
984 1391 1032 1454 iis,
1056 1393 1148 1456 quiin
1169 1393 1231 1442 aliis
1250 1409 1315 1460 quo-

773 1475 826 1524 que
860 1460 940 1511 rebus
977 1445 1039 1512 cuin
1068 1463 1151 1512 simili
1181 1464 1314 1514 aviditate

772 1535 870 1595 agunt,
888 1531 934 1580 ubi
953 1531 1088 1582 secundus
1105 1549 1186 1584 cesus
1200 1534 1315 1600 adponi-

772 1605 829 1663 tur,
853 1601 1004 1666 disputavit
1021 1603 1142 1669 Lennep.
1162 1606 1198 1654 ad
1216 1605 1314 1656 Phela-

771 1670 823 1721 rid.
840 1672 930 1736 Epist.
945 1688 973 1737 p.
988 1672 1031 1725 20.
1056 1673 1111 1724 Ubi
1130 1675 1251 1726 dativum
1266 1678 1315 1727 ad·

772 1741 883 1803 sciscit,
902 1744 1047 1804 displicendi
1056 1744 1166 1794 notione
1177 1746 1313 1806 redditum

772 1809 827 1860 vid.
847 1811 967 1862 Lobeclr.
986 1813 1023 1862 ad
1040 1813 1186 1878 Phrynich.
1206 1831 1232 1878 p.
1252 1817 1313 1866 bel.

772 1907 807 1918 -
825 1879 964 1930 Articulus
981 1873 1049 1946 τὴν,
1069 1897 1149 1946 quem
1169 1890 1233 1934 aute
1248 1876 1315 1948 ἀλη-

773 1948 859 2012 θείην
883 1947 1021 2001 adiecerat
1043 1951 1220 2015 Schaelerus,
1243 1969 1260 2002 a
1282 1954 1315 2002 li-

772 2019 828 2070 bris
847 2019 955 2085 quidem
971 2021 1063 2084 abest,
1093 2023 1141 2074 sed
1164 2028 1314 2088 opportune

772 2088 837 2140 eddi
847 2105 926 2154 posse
935 2091 1313 2160 videturSohweigheeueero,

774 2160 820 2226 qui
840 2161 870 2208 in
892 2161 1149 2216 Schellershemiauo
1173 2163 1243 2214 libro
1266 2163 1314 2214 eli-

773 2229 839 2297 quid
860 2236 924 2281 ente
949 2229 1001 2282 rod
1028 2248 1135 2284 erasum
1162 2236 1312 2298 invenerat,

771 2301 845 2368 quod
862 2295 914 2365 τὴν
932 2301 1016 2353 luisse
1034 2305 1179 2370 suspiceris
1197 2305 1271 2355 licet.

806 2363 884 2419 eici
906 2364 1095 2437 πολυχρόνιος
1121 2371 1225 2440 ἔσται]
1257 2375 1312 2425 Ubi

771 2439 949 2490 deliberativo
978 2443 1153 2496 coniunctiore
1179 2446 1264 2508 (conf.
1288 2445 1311 2507 I,

771 2509 814 2562 46.
832 2509 865 2560 53
883 2511 948 2576 ibiq.
963 2513 1044 2576 nott.)
1062 2529 1116 2565 nou
1128 2531 1195 2581 opus
1207 2517 1253 2578 sit,
1270 2515 1313 2564 in-

771 2579 920 2631 dicativum
939 2584 1050 2647 reperiri
1064 2583 1143 2636 docet
1157 2580 1269 2636 Werier'.
1285 2587 1313 2635 in

770 2652 845 2701 Acts.
861 2650 937 2716 phill.
956 2651 1080 2704 Menace.
1095 2655 1118 2707 1.
1136 2673 1162 2722 p.
1178 2657 1243 2721 232,
1261 2656 1312 2705 hoo

771 2721 831 2771 loco
848 2722 984 2786 apposito.
1008 2723 1050 2772 De
1063 2741 1115 2790 quo
1128 2728 1183 2778 Cr..
1195 2726 1312 2777 conferri

769 2792 845 2842 iubet
862 2793 1009 2843 Hermann.
1029 2795 1066 2844 ad
1083 2795 1174 2863 vigor.
1195 2797 1229 2848 de
1246 2797 1313 2847 idio-

769 2862 842 2912 tiem.
882 2861 969 2914 .947.

803 2924 821 2999 ἡ
841 2878 879 2983 ὄλ)
887 2929 989 2998 Πυθίη
1009 2925 1040 2981 oi
1054 2933 1110 3004 χρᾷ
1126 2925 1204 3000 τάδε]
1226 2935 1314 2998 „Ora-

769 3003 859 3054 culum
876 3003 961 3054 hocce
984 3003 1135 3055 retulerunt
1157 3005 1211 3055 Dio
1229 3004 1313 3069 Chry-

769 3079 881 3124 soetom.
900 3073 980 3126 XIII.
992 3091 1018 3140 p.
1031 3074 1083 3126 ⁶220
1101 3081 1128 3126 et
1144 3075 1234 3127 Schol.
1250 3075 1312 3125 Plu·
1332 3112 1334 3120 .

768 3149 825 3195 ton.
843 3159 906 3210 pag.
922 3144 971 3196 188
983 3145 1025 3196 ed.
1038 3145 1170 3198 Ruhnk.“
1188 3147 1235 3198 Cr.
1267 3145 1310 3196 lu-

769 3214 877 3263 venitur
892 3215 975 3266 etism
994 3217 1022 3265 in
1036 3217 1150 3268 Diodori
1167 3219 1310 3282 Excerptt.

769 3283 837 3346 §.20
851 3283 974 3336 Tomss.
987 3301 1015 3350 p.
1026 3287 1060 3337 25
1077 3288 1157 3350 (Noe.
1170 3289 1308 3354 scriptore.

769 3352 889 3417 collect.)
907 3355 950 3404 ed.
966 3354 1031 3405 Mai.
1384 3419 1386 3422 Α

804 3423 837 3472 lu
855 3423 941 3486 primo
958 3423 1093 3474 versiculo
1116 3439 1178 3475 cum
1194 3429 1309 3474 receuti.

770 3491 892 3541 dedimus
913 3479 984 3540 ὅταν
1006 3521 1042 3531 -
1058 3489 1177 3557 γίνηται
1201 3492 1312 3558 (wando

771 3587 804 3598 -
818 3562 967 3626 proposse
975 3561 1080 3627 sunit),
1096 3563 1144 3612 ubi
1158 3562 1230 3612 male
1240 3562 1310 3612 urina

769 3631 839 3681 liber
855 3629 975 3694 γίνηται.
1012 3630 1046 3680 Ιν
1056 3631 1144 3681 altero
1158 3647 1238 3681 versu
1254 3631 1311 3681 val-

703 3727 707 3736 ·
770 3702 805 3752 de
820 3700 899 3751 uobis
916 3698 1018 3750 arridet
1036 3701 1152 3752 Personi
1170 3700 1310 3766 (Adverso.

770 3788 795 3837 p.
815 3769 879 3834 311)
895 3769 1049 3820 emendatio
1060 3763 1097 3835 δὴ
1115 3763 1177 3821 τότε
1194 3787 1243 3837 pro
1261 3767 1310 3822 sal

767 3833 831 3891 τότε
847 3840 1016 3905 repensatis,
1035 3857 1116 3907 quam
1134 3846 1224 3892 temen
1241 3842 1310 3894 invi·

768 3912 805 3962 tis
821 3909 900 3960 libris
917 3912 1026 3976 scriptis
1048 3927 1082 3963 ac
1100 3913 1308 3978 reprobantibus

768 3979 867 4032 Rufino
883 3978 971 4045 (culus
988 3981 1077 4033 locum
1094 3983 1187 4034 attulit
1209 3985 1255 4035 Or.
1275 3983 1309 4036 de

769 4051 849 4101 Metr.
867 4049 968 4102 Comic.
991 4052 1012 4104 ί.
1031 4053 1136 4116 CXLV,
1155 4054 1173 4104 b
1195 4054 1237 4105 ed.
1256 4055 1309 4104 Pa-

769 4121 816 4171 ris.
836 4119 898 4171 ooll.
913 4123 989 4173 Bset.
1003 4123 1184 4176 commentat.
1199 4122 1310 4189 polaee-

768 4189 863 4256 graph.
881 4191 917 4241 ed
934 4192 1044 4258 Gregor.
1062 4193 1184 4246 Corinth.
1203 4210 1230 4258 p.
1245 4193 1308 4258 826)

767 4265 796 4310 et
803 4260 957 4312 Scholiasta
964 4263 1105 4315 Platonico
1114 4279 1243 4330 reponere
1253 4277 1309 4313 nou

768 4345 861 4380 murus
878 4333 948 4383 ausi.
979 4333 1032 4384 Sed
1050 4335 1207 4399 scripsimus
1221 4332 1308 4380 κολο-

767 4393 886 4466 ιμήφιδα
907 4419 969 4455 curu
996 4409 1111 4456 recenti.
1142 4402 1220 4453 editt.
1248 4414 1309 4466 pro-
