3088 4944
635 275 762 340 (lLIO.
784 277 810 338 I.
834 285 894 342 118.

1267 269 1328 334 347

152 465 187 519 81
197 466 263 538 λις·
291 454 402 524 κέεται
425 454 462 522 ἐν
483 458 589 544 τιεδίςο
611 452 762 546 μεγάλῳ,
784 452 933 543 μέγαθος
954 448 1056 522 ἐοῦσα
1073 448 1229 539 μέτωπον
1249 449 1326 518 ἕκα-

196 581 277 630 στον
298 569 404 629 εἴκοσι
425 557 481 625 καὶ
503 553 621 642 ἑκατόν
640 564 804 644 σταδίων,
833 556 951 645 ἐούσης
971 553 1201 646 τετραγώνου·
1234 542 1327 622 οὗτοι

196 731 255 779 bitu
274 725 422 793 Babylonis
444 725 545 774 veteris
565 724 737 786 tradiderint,

196 815 243 861 ea,
262 798 351 863 quoad
369 813 401 847 ex
419 794 562 846 ruderibus
580 793 670 844 adhuc
693 809 737 844 ex-

195 869 331 918 stantibus
348 865 440 932 colligi
451 870 557 931 potest,
569 865 685 914 maximo
698 863 738 914 vi·

195 939 252 989 deri
281 937 432 1003 probabilia
462 936 616 1000 optimoque
643 933 738 986 contir-

194 1008 263 1058 mari
280 1012 308 1058 et
325 1009 380 1058 situ
398 1011 426 1058 et
443 1004 630 1071 magnitudine
647 1005 738 1055 ruina·

196 1093 350 1143 r11m,quas
368 1078 415 1127 isti
436 1075 655 1141 peregrinaturos
677 1090 737 1139 per-

196 1149 374 1215 quisiverunt.
411 1147 469 1197 Nec
492 1145 600 1196 omnino
628 1143 696 1196 talia
721 1159 738 1194 a

195 1235 225 1269 rs
246 1220 307 1283 ipsa
330 1218 488 1278 abhorrere,
516 1219 670 1266 monstrant
696 1229 738 1278 ea,

195 1304 266 1354 quae
284 1288 317 1338 de
338 1287 403 1337 urbs
426 1285 500 1336 haud
521 1286 632 1335 minoris
656 1285 740 1334 ambi·

195 1365 240 1409 tus
259 1362 341 1424 atque
359 1356 554 1422 magnitudinis
571 1355 645 1420 apud
657 1356 737 1407 Sinas

196 1433 336 1480 exstructa
356 1426 515 1478 recentioris
538 1426 639 1476 aetatis
662 1441 738 1490 pere-

196 1499 319 1564 grinator
336 1497 432 1548 Marito
450 1495 534 1559 Polo,
550 1495 623 1546 haud
638 1494 737 1546 dubias

195 1569 258 1620 fidei
269 1569 320 1630 vir,
336 1571 430 1618 narrat
443 1581 571 1632 perquam
583 1565 682 1616 similis
692 1566 736 1628 iis,

196 1653 266 1704 quae
292 1639 325 1689 de
345 1635 485 1702 Babylone
506 1642 585 1701 pater
606 1635 737 1687 historiae

196 1708 299 1760 retulit.
344 1707 406 1759 Vid.
434 1708 552 1757 Heeren.
576 1705 594 1757 l.
625 1705 644 1756 l.
672 1721 734 1771 pag.

197 1778 246 1829 tua
266 1795 322 1844 seq.
359 1777 410 1828 His
428 1776 500 1827 addo
520 1775 602 1841 Angli
621 1777 738 1841 peregri·

195 1849 299 1899 notoria
324 1847 542 1912 disquisitionem
569 1845 602 1896 ds
631 1847 736 1896 ambitu

195 1919 330 1969 moenium
348 1916 575 1982 Babylonicomm
597 1917 738 1982 ipsiusque

195 1989 279 2052 urbis,
293 1987 492 2051 Buclringhami
502 1986 628 2039 Itinerar.
641 1986 669 2036 in
682 1987 737 2036 Me-

195 2063 328 2124 sopotsm.
339 2057 459 2108 Berolin.
471 2055 549 2108 1828.
560 2073 620 2121 cap.
631 2056 736 2107 XXIII.

194 2143 257 2193 pag.
277 2127 327 2178 492
346 2142 421 2192 seqq.
446 2123 535 2190 „scd
558 2125 735 2176 Drummond.

194 2200 222 2248 iu
241 2198 300 2248 The
314 2195 439 2248 classical
457 2197 568 2247 Ioui-nal
582 2197 643 2247 Vol.
662 2195 735 2247 XVI.

193 2285 220 2332 p.
235 2268 285 2319 146
299 2283 365 2332 seq„
379 2267 426 2317 ubi
438 2266 645 2318 deauctoritate
656 2266 736 2316 huius

194 2337 385 2401 descriptionis
417 2337 629 2401 Babyloniorum
661 2337 736 2386 urbis

194 2413 248 2459 etc.
268 2407 438 2473 disputatum
464 2412 492 2457 et
509 2407 596 2458 Hirta
623 2407 667 2458 die
685 2407 736 2458 Ge·

195 2477 316 2528 schichte
341 2477 388 2528 der
410 2477 554 2528 Bsnkuust
575 2473 620 2527 bei
642 2477 667 2528 d.
690 2475 736 2528 sl-

194 2553 240 2598 tcn
263 2547 286 2598 1.
312 2564 338 2611 p.
363 2547 409 2600 134
430 2547 526 2612 seqq.“
563 2548 605 2597 Cr.
629 2547 736 2598 Monuit

194 2619 276 2669 etiam
294 2615 326 2668 de
341 2616 481 2682 Babylone
497 2631 529 2668 ex
546 2618 735 2680 recentiorum,

194 2703 263 2752 quos
293 2703 376 2752 supra
404 2687 554 2750 nominavi,
587 2687 736 2738 itinerariis

193 2759 254 2808 Van
273 2757 320 2809 der
339 2757 410 2820 Chys
428 2758 456 2807 in
469 2757 650 2808 commentar.
673 2773 736 2824 geo·

193 2843 234 2891 gr.
262 2828 290 2876 in
316 2827 423 2879 Arrian.
447 2825 562 2892 (Exped.
588 2827 734 2879 Alexandr.

192 2897 246 2959 111,
267 2895 310 2963 16)
329 2913 391 2964 pag.
411 2897 444 2949 63
463 2913 538 2963 seqq.
574 2899 677 2948 Nostra
692 2915 736 2949 ae·

192 2973 266 3028 tate,
286 2971 317 3017 ut
331 2967 364 3018 de
382 2965 444 3017 aliis
461 2971 567 3018 taceam
581 2969 736 3033 peregrina-

192 3037 312 3100 toribus,
332 3038 379 3102 qui
396 3038 496 3088 veteris
514 3038 683 3104 Babyloniae
695 3055 736 3089 rs·

192 3109 288 3172 giones
298 3106 497 3172 perlustramut
506 3106 581 3169 (vide
593 3108 622 3159 0.
632 3109 735 3158 Ritter:

192 3176 340 3229 Erdlrundo
357 3177 406 3228 XI.
430 3194 492 3244 pag.
513 3177 587 3243 867),
611 3179 736 3228 certatim

191 3247 244 3298 viri
265 3245 354 3308 docti,
381 3251 409 3298 et
431 3247 513 3313 Angli
535 3252 563 3298 st
587 3246 672 3312 Galli,
691 3248 738 3310 qui

191 3319 220 3368 in
238 3316 287 3366 has
308 3317 432 3382 regiones
450 3318 566 3382 proiecti
583 3323 659 3380 sunt,
683 3319 737 3368 siu-

193 3385 259 3453 gula
282 3387 437 3438 accuratius
460 3387 572 3437 definire
598 3391 680 3451 atque
704 3385 736 3436 il-

191 3458 310 3507 lustrare
328 3458 504 3520 studuerunt,
524 3471 638 3521 quorum
656 3458 738 3522 opert

192 3543 259 3576 sane
278 3527 401 3576 effectum
421 3532 474 3589 est,
498 3531 530 3577 ut
548 3523 647 3588 mults,
667 3541 737 3596 quae

191 3600 275 3648 autea
290 3595 373 3646 dubia
391 3604 483 3659 eraut,
505 3596 606 3647 certius
625 3611 697 3646 nunc
710 3601 737 3646 et

192 3666 349 3716 accuratius
368 3667 534 3716 constituere
547 3665 640 3715 liceat.
663 3666 736 3716 Emi-

192 3739 258 3786 ueut
277 3735 349 3788 inter
365 3735 468 3801 Anglos
486 3735 677 3787 celeberrimus
700 3735 734 3784 H.

193 3805 306 3868 Lapurd
328 3804 512 3868 (Diseoveries
536 3806 564 3854 in
588 3804 634 3855 the
660 3805 735 3854 ruins

192 3875 224 3926 ci
236 3874 362 3926 Nineveh
376 3875 430 3926 aud
443 3874 568 3938 Babylon
580 3879 633 3926 etc.
646 3875 736 3926 Lond.

194 3941 272 3996 185³.
313 3942 398 4008 Ohap.
429 3945 511 3995 XXII
543 3941 647 4010 seqq),
676 3943 737 3995 Cle-

191 4029 269 4074 ειιειι,
300 4012 360 4074 alii;
391 4014 463 4064 inter
491 4014 585 4065 Gallos
616 4015 734 4076 Flandin,

191 4083 308 4144 hemel,
327 4080 433 4148 Oppert,
454 4085 580 4148 equibus
598 4083 663 4148 quid
677 4100 738 4148 pro-

191 4151 352 4214 fecerimus,
382 4167 432 4203 auo
456 4152 516 4204 loco
546 4153 735 4204 indicabimus.

191 4220 267 4270 Inter
285 4221 430 4272 historicos
449 4237 554 4288 quoque
571 4223 677 4274 consuli
691 4239 737 4286 po-

190 4291 257 4340 terit
281 4289 365 4342 Grots
387 4291 492 4355 history
512 4293 543 4342 oi
564 4293 664 4343 Graece
682 4293 735 4342 111.

190 4375 217 4428 p.
237 4358 289 4412 395
308 4375 385 4426 seqq.
429 4359 610 4428 Conspectum
635 4375 736 4426 eorsum¹

787 740 856 790 quae
871 725 958 775 adhuc
977 727 1136 790 suptteunt‚
1155 722 1230 773 dedit
1243 737 1328 786 nuper

786 795 922 846 Wheeler:
945 795 1003 845 The
1022 793 1178 860 geography
1196 793 1227 844 ol
1243 794 1328 843 Hero·

787 865 843 915 dot.
861 881 888 930 p.
908 867 959 916 254
977 879 1052 930 seqq.

822 925 907 983 ἐοῦσα
923 925 1040 997 τοιαότη
1059 925 1096 996 δή
1111 931 1162 996 τις]
1179 932 1257 982 Haec
1270 947 1328 982 ver-

786 1005 822 1054 ba
846 1019 863 1054 a
887 1004 1012 1069 sequenti
1033 995 1114 1058 πόλις
1136 1002 1176 1051 ita
1198 1001 1329 1052 disiunxit

787 1073 1070 1139 Schweighaenssrus,
1086 1076 1117 1121 ut
1128 1062 1210 1128 πόλις
1223 1071 1258 1120 ad
1270 1068 1327 1120 κέε-

787 1159 834 1194 ται
855 1145 1012 1209 pertinerct.
1048 1140 1245 1193 Revocavimus
1268 1155 1327 1190 cum

788 1220 902 1266 recentt.
913 1213 974 1264 edd.
986 1213 1104 1278 priorem
1117 1211 1328 1272 distinctionem,

788 1290 921 1404 ιιΡόόδοεῑόδιῐόι
937 1282 1227 1420 llllzsrlsllqldopllyollp]
1253 1349 1330 1411 Quae

788 1425 895 1490 quidem
916 1423 1059 1474 verissima
1079 1437 1138 1472 esse
1162 1435 1240 1470 nemo
1257 1435 1330 1470 nunc

788 1493 911 1556 dubitat,
933 1494 980 1544 ubi
1005 1492 1038 1543 de
1056 1493 1111 1542 situ
1129 1489 1277 1556 Babylonis
1299 1489 1330 1540 il-

786 1565 875 1616 lorum
903 1564 1134 1629 peregrinatorum
1159 1559 1258 1612 studiis
1285 1575 1330 1611 ac·

788 1635 926 1686 curatiore
943 1649 1035 1684 sumus
1053 1633 1154 1684 edocti.
1185 1630 1238 1694 Qui
1255 1631 1283 1679 in
1297 1647 1328 1682 eo

788 1707 844 1758 iere
863 1704 1052 1766 consentiunt,
1077 1708 1109 1753 ut
1126 1701 1239 1764 rudera,
1258 1715 1330 1766 quae

787 1775 926 1826 meridiem
952 1789 1047 1824 versus
1071 1773 1106 1823 ab
1130 1773 1197 1823 urbe
1214 1771 1329 1837 Bagdad

788 1845 929 1896 duodecim
940 1841 1068 1894 milliaria
1077 1841 1260 1909 geographica
1269 1858 1330 1907 pro-

788 1915 920 1966 ficiscenti
939 1915 974 1964 ad
992 1913 1082 1964 vicum
1093 1913 1179 1969 Hillo.
1198 1913 1245 1977 qui
1257 1927 1330 1963 nuuc

788 1986 902 2050 dicitur,
927 1989 1098 2049 comparent,
1124 1983 1214 2048 ampla
1235 1997 1269 2033 sc
1291 1982 1330 2032 di·

788 2069 883 2122 spersa
913 2056 941 2104 in
969 2059 1085 2120 utraque
1115 2053 1231 2104 fluminis
1258 2053 1328 2118 ripa,

788 2127 822 2177 ad
840 2123 1006 2190 Babylonem
1025 2129 1143 2176 veterem
1163 2124 1327 2188 pertineant.

788 2200 879 2262 Quare
893 2197 926 2246 ab
942 2195 1080 2256 bocaico,
1101 2195 1178 2246 cuius
1191 2195 1272 2244 situm
1284 2209 1329 2245 ac·

787 2273 881 2319 curate
899 2281 971 2316 nuuc
983 2265 1123 2317 definitum
1139 2265 1243 2330 reperio
1257 2265 1329 2329 opud

787 2338 855 2390 Rich
880 2337 1037 2398 (Narrative
1055 2339 1108 2386 etc.
1131 2351 1156 2400 p.
1178 2335 1228 2386 116
1245 2335 1327 2401 seq),

785 2409 942 2474 plerumque
959 2406 1179 2472 proficiscuntur,
1197 2405 1242 2471 qni
1257 2406 1329 2457 hano

785 2479 922 2544 regionem
951 2477 1117 2542 perlustrare
1145 2475 1240 2527 velint.
1276 2478 1328 2527 Est

787 2549 893 2616 quidem
912 2545 1038 2614 planitias
1056 2546 1137 2612 longe
1153 2547 1264 2611 lateque
1282 2561 1328 2612 pa-

786 2624 861 2681 tens,
886 2617 948 2670 olim
967 2618 1133 2679 cultissima,
1158 2633 1230 2668 nunc
1253 2617 1327 2668 rudis

787 2695 814 2741 et
832 2689 948 2751 inculta,
966 2690 1007 2738 ita
1026 2694 1118 2738 tamen
1134 2692 1165 2736 ut
1182 2687 1329 2738 manifesta

786 2761 904 2826 vestigia
932 2763 1095 2825 appareant,
1126 2757 1189 2806 olim
1215 2755 1327 2808 eandem

786 2831 964 2882 cultissimum
988 2828 1081 2879 fuisse.
1120 2827 1329 2890 Descripseruut

786 2901 861 2951 illam
878 2901 907 2948 in
921 2897 1035 2962 singulis
1049 2897 1157 2961 praeter
1175 2896 1243 2946 alios
1259 2896 1329 2952 sot,

786 2973 895 3024 Porter.
922 2968 1045 3026 Kiuneir‚
1074 2963 1189 3029 indeque
1211 2965 1327 3018 Heeren.

787 3041 870 3092 Ideen
883 3040 906 3098 1,
920 3039 946 3088 2.
964 3053 991 3100 p.
1006 3035 1052 3086 161
1069 3049 1144 3100 seqq.
1163 3036 1251 3086 Ritter
1261 3035 1329 3086 Erd-

786 3109 878 3160 kunde
896 3109 946 3157 XI.
966 3121 991 3170 p.
1011 3103 1063 3156 866
1081 3119 1157 3170 seqq.
1181 3105 1290 3168 Layard
1308 3107 1327 3160 l.

786 3180 805 3229 l.
825 3195 852 3244 p.
874 3175 925 3228 486
945 3191 1019 3242 seqq.
1043 3175 1095 3230 466
1113 3189 1187 3242 seqq.
1215 3177 1328 3230 Fresuel

789 3250 834 3298 in:
858 3245 1089 3298 Moniteur1853.
1108 3247 1142 3296 96
1168 3247 1260 3310 Mart,
1282 3251 1329 3314 qui

787 3319 858 3369 idem
883 3319 916 3368 de
934 3315 1075 3381 Babylone
1103 3315 1226 3380 pluribus
1249 3335 1329 3381 expo-

789 3389 844 3439 suit
862 3387 891 3437 iu
909 3386 996 3436 literis
1019 3387 1055 3436 ad
1070 3387 1168 3436 Iulium
1191 3385 1264 3436 Mobl
1284 3389 1329 3438 da-

788 3460 823 3508 tis
846 3459 876 3508 iu
900 3455 1010 3507 Iournal
1033 3455 1174 3519 deletique
1195 3457 1220 3504 V
1244 3457 1329 3508 Serio.

789 3531 821 3580 T.
841 3529 864 3578 I.
886 3543 914 3592 p.
934 3525 985 3576 486
1008 3539 1084 3590 seqq.
1107 3529 1134 3575 et
1157 3525 1191 3575 T.
1211 3525 1249 3574 11.
1266 3528 1330 3584 rau

789 3615 864 3663 seqq.
901 3599 941 3647 De
953 3593 1103 3659 Babylonis
1121 3594 1205 3643 muris
1218 3595 1331 3660 Belique

786 3667 887 3730 templo
906 3665 1033 3729 exposuit
1043 3679 1151 3728 quoque
1161 3661 1271 3713 Streber
1288 3666 1329 3715 ine

787 3735 974 3787 Deukschriit.
999 3735 1025 3785 d.
1045 3731 1174 3784 Miinchn.
1195 3731 1279 3783 head.
1303 3736 1329 3786 d.

786 3805 957 3856 wissensch.=
988 3802 1049 3854 Vol.
1079 3801 1171 3852 XXIV
1206 3799 1278 3862 (Vol.
1296 3805 1330 3856 V.

788 3875 870 3926 class.
880 3874 977 3926 histor.
987 3873 1051 3922 anni
1063 3869 1141 3938 1846)
1153 3887 1180 3936 p.
1193 3871 1241 3924 131
1255 3889 1330 3940 seqq.

824 3932 905 3993 οὖτοδ
923 3934 1033 3992 στάδιοι
1049 3937 1100 4005 τῆς
1116 3933 1253 4004 περιόδου
1268 3960 1292 3994 τ.
1305 3959 1329 3994 τ.

788 4013 823 4080 h]
844 4015 878 4064 Iu
897 4013 999 4064 ambitu
1011 4009 1179 4076 Babyloniae
1197 4012 1271 4065 urbis
1285 4014 1331 4066 de·

788 4083 907 4135 liniendo
925 4081 1112 4147 moeniumque
1137 4085 1270 4134 mensuris
1288 4101 1332 4135 ve-

788 4157 860 4204 teres
878 4151 1024 4204 admodum
1043 4151 1217 4204 dissentiunt.
1245 4153 1331 4206 Hero-

789 4221 882 4273 dotum
906 4222 994 4272 secuti
1016 4221 1144 4271 videntur
1165 4220 1269 4274 Plinius
1294 4225 1329 4276 Η.

788 4293 822 4343 N.
838 4293 891 4354 VI,
911 4291 957 4352 26,
981 4290 1139 4342 Philostrst.
1165 4291 1220 4341 Vit.
1240 4293 1330 4357 Apoll.

788 4361 811 4426 1,
829 4361 873 4428 25,
893 4361 1007 4413 Orosius
1025 4360 1069 4425 11,
1087 4360 1112 4414 6.
1149 4357 1204 4412 Sed
1222 4361 1330 4415 Ctesias
