3086 4952
235 287 296 350 274
397 349 400 356 ,
665 283 932 348 HERODOTI

235 463 412 548 στέμμασι,
428 455 504 528 odat
520 455 650 547 οὐλῇσι.
677 463 746 528 τοῖν
761 453 836 526 δὲ
813 486 856 538 ως
870 456 996 550 ἑκάστῳ
1010 454 1113 525 θυειν
1125 455 1238 539 θελοι
1253 456 1346 534 ἐς
1299 481 1363 541 χω·

236 591 297 651 ρον
317 559 469 651 cedocedo
490 553 632 648 ιἰγαγύύ
647 559 683 630 τὸ
698 567 832 649 κτῆνος,
853 557 1013 631 καλέει
980 587 1039 628 τον
1051 554 1152 642 θεὸν,
1172 559 1363 646 ἐστεφανω-

235 662 381 753 μένος
349 692 408 733 τον
427 663 547 752 τιάραν
561 671 706 754 μυρσίνῃ
728 663 881 752 μάλιστα.
917 665 1030 754 ἕωοτρι
1017 661 1107 750 μὲν
1126 657 1214 753 δὴ
1181 687 1228 730 τω
1215 659 1365 730 θύοντι

237 774 307 857 ἰδίῃ
327 766 442 860 μούνῳ
466 763 507 836 ού
522 772 557 836 οἱ
574 771 740 856 ἐγγίνεται
762 764 909 856 ἀρᾶσθαι
929 733 1061 852 άγαΙΙά,
1088 758 1106 832 ὁ
1128 764 1164 832 δὲ
1180 769 1260 832 πᾶσι
1281 778 1366 831 τοῖσι

237 875 386 960 Πέρσῃσι
406 869 600 958 κατεύχεται
623 862 662 940 εὖ
683 877 838 957 γίνεσθαι
859 871 914 938 καΙ
935 873 981 962 τῷ
1002 875 1143 956 βασιλεῖ.
1181 869 1218 934 ἐν
1240 864 1302 954 γάρ
1325 862 1366 954 δὴ

133 1009 137 1014 ·
202 1017 207 1026 ·
236 990 321 1044 τοῖσι
336 969 438 1042 inam
453 977 602 1062 Πέρσῃσι
617 975 672 1044 καὶ
693 968 794 1054 αύτός
809 979 948 1059 γίνεται.
952 983 958 988 “
981 967 1083 1040 ἐπεάν
1097 969 1134 1039 δὲ
1150 969 1366 1057 διαμιστύλας

237 1145 395 1192 coronatam
417 1140 501 1191 fuisse
524 1140 639 1190 scribat·
670 1131 778 1188 θύουσι
827 1156 893 1192 cans
911 1143 975 1188 ante
992 1127 1098 1205 ἑκάστῳ
1116 1135 1288 1187 Inserendum
1306 1150 1367 1186 esse

237 1201 265 1260 δ’
284 1202 314 1259 ἐν
331 1206 453 1286 καθαρῷ
476 1201 554 1290 τόκῳ
564 1201 779 1294 κατευξάμενοι
827 1205 959 1269 ἕκαστοςς
996 1207 1052 1257 vid.
1086 1206 1200 1258 Jahrbb.
1233 1207 1260 1257 d.
1294 1205 1365 1256 Phil.

237 1272 484 1343 παραστησάμενοι
505 1271 536 1328 τὸ
561 1273 667 1342 Ιιρεῑον
685 1269 777 1341 derep-
826 1279 925 1330 LXIX.
943 1293 970 1344 p.
989 1277 1050 1328 320.

237 1347 331 1413 μένον.
368 1349 461 1412 Neque
490 1363 554 1398 vero
584 1349 612 1398 in
638 1347 776 1400 Herodoto
863 1339 1138 1424 ἐστεφανωμένος
1109 1361 1161 1396 τον
1178 1335 1279 1408 τιάραν
1297 1359 1366 1408 μορ·

238 1418 383 1483 quidquam
403 1419 574 1480 mutandum,
602 1419 648 1482 qui
667 1407 777 1468 G'raecis
827 1417 892 1482 αίνη
910 1407 949 1479 μά
951 1415 1037 1480 λιστα]
1058 1407 1168 1480 τιάραν,
1187 1413 1367 1464 librismelio·

238 1489 294 1538 suis
320 1487 471 1548 scribebat,
498 1502 552 1536 non
575 1487 678 1538 Graeco
704 1501 777 1536 more
827 1488 901 1537 ribus
920 1485 1096 1536 InvItiemale
1113 1485 1271 1536 mutatum'
1264 1499 1293 1533 m
1308 1474 1366 1546 τιή-

238 1571 317 1606 eacra
335 1555 393 1604 fieri
411 1571 428 1604 a
445 1557 551 1616 Persis,
570 1571 619 1606 nec
637 1557 777 1616 libatione,
829 1570 897 1620 ρην,
915 1559 946 1604 nt
965 1555 1060 1604 Ionica
1075 1555 1161 1620 magia
1180 1559 1254 1604 esset
1271 1554 1366 1614 forma,

238 1641 288 1676 nec
312 1625 393 1687 tibia,
426 1639 476 1674 nec
500 1593 607 1686 ΙιιΙΙιΙΙι,
635 1642 684 1676 nec
706 1625 778 1674 mola
828 1625 937 1686 reduxi,
959 1624 1096 1688 Hesychio
1114 1639 1221 1690 quoque
1246 1627 1365 1684 auctore,

239 1695 274 1746 ad
301 1695 465 1746 Graecorum
497 1709 597 1744 morem
629 1695 777 1757 utentibus,
829 1695 920 1760 quis.
940 1709 968 1743 v.
993 1693 1026 1743 de
1048 1695 1197 1744 mascuIIno
1219 1693 1299 1743 huine
1321 1707 1367 1740 vo·

239 1764 286 1816 aed
311 1765 394 1826 tiara,
419 1763 552 1828 singulari
574 1762 637 1844 pilei
661 1731 777 1828 quodam,
829 1766 868 1814 cie
884 1778 982 1827 genere
1001 1763 1141 1826 admonet,
1159 1763 1293 1814 Herodoti
1312 1775 1367 1810 non

239 1849 350 1900 genere,
375 1833 465 1884 tectis.
507 1833 623 1895 Quam
615 1849 701 1897 Ipsam
727 1833 778 1882 tia·
829 1834 940 1884 oblitus.
976 1833 1045 1883 Nam
1068 1833 1136 1884 alias
1158 1833 1305 1884 foeminino
1323 1846 1367 1896 ge·

239 1919 297 1954 ram
319 1907 407 1968 myrto
426 1903 652 1954 circumdatamf
653 1904 725 1952 uisse
746 1917 776 1952 eo
828 1917 891 1953 nore
912 1892 1051 1952 dicitur
1037 1919 1054 1967 η
1078 1896 1168 1984 τιάρα.
1209 1903 1271 1979 Qui
1283 1901 1367 1967 igitur

239 1973 326 2036 magis
339 1973 457 2023 scribere
470 1972 580 2037 placuit,
597 1973 668 2036 quod
682 1972 779 2023 Graeci
829 1973 881 2023 hoo
899 1971 959 2022 loco
976 1972 1091 2022 afferunt
1108 1989 1162 2037 την
1177 1989 1225 2037 pro
1245 1963 1303 2034 τὸν,
1322 1971 1369 2020 mi-

239 2044 311 2092 nudo
322 2043 412 2106 capite
421 2043 567 2105 eodemque
578 2056 678 2091 corona
690 2043 779 2091 cincto
830 2043 901 2092 nime
912 2042 952 2091 illi
964 2048 1043 2092 erunt
1057 2043 1195 2094 audiendi.
1225 2042 1304 2092 Conf.
1317 2041 1369 2090 He-

240 2111 275 2161 od
298 2127 377 2161 sacru
403 2111 529 2160 faciende
553 2110 681 2160 accedere
712 2110 781 2160 aole·
830 2112 919 2162 rodet.
938 2112 990 2173 ΙΙΙ,
1010 2113 1050 2162 ta.
1070 2113 1133 2173 VII,
1147 2112 1191 2163 61.
1210 2112 1289 2172 VIII,
1310 2109 1368 2160 ΙΙΙ).

240 2181 316 2230 bant.
358 2180 467 2230 Etenim
487 2179 643 2230 Herodotus
673 2181 701 2229 in
729 2180 780 2230 hac
831 2181 900 2231 Add.
924 2181 1041 2232 Bredov.
1065 2197 1128 2248 pag.
1149 2184 1191 2232 55.
1233 2183 1284 2232 Eat
1305 2195 1369 2230 vero

240 2255 300 2300 tota
316 2249 350 2298 de
362 2250 505 2298 Persarum
522 2249 608 2300 sacris
625 2250 780 2300 narratione
831 2255 899 2301 tiara
932 2251 1031 2314 capitis
1068 2255 1251 2317 tegumentum
1279 2250 1370 2298 Persis

241 2321 276 2369 ad
292 2319 410 2368 Graecos
432 2318 543 2383 respicit
567 2334 652 2384 eaque
674 2319 782 2384 potissi·
831 2321 967 2385 proprium
995 2335 1028 2370 ac
1056 2321 1203 2382 familiare,
1234 2319 1368 2368 diversum

241 2404 312 2438 mum
335 2387 427 2451 affert,
456 2403 525 2453 quae
550 2389 638 2454 ipsum
664 2390 779 2440 maximo
830 2406 877 2454 pro
896 2389 1062 2456 singulorum
1076 2391 1162 2456 gradu
1179 2394 1207 2440 et
1224 2387 1367 2453 dignitate.

241 2457 415 2508 adverterant
437 2458 525 2507 allena
543 2474 652 2522 prorsus
670 2475 687 2508 a
698 2458 781 2509 Grae·
830 2461 943 2510 Rectam
955 2459 1026 2510 eninr
1038 2460 1134 2509 tiaram
1146 2471 1304 2522 sursumque
1314 2455 1368 2506 ela·

241 2543 333 2577 corum
351 2543 434 2579 more
463 2527 553 2591 Atque
567 2527 779 2578 indehaudseio
831 2533 899 2590 tam,
915 2529 993 2594 apice
1010 2529 1038 2578 iu
1055 2527 1168 2578 sublime
1185 2531 1289 2589 erecto,
1317 2523 1368 2575 soli

241 2613 276 2646 an
307 2595 436 2660 explicari
465 2597 563 2661 possit,
598 2597 706 2662 qnod'
699 2597 780 2661 ignis,
830 2613 908 2663 reges
935 2599 1091 2664 gestabant,
1122 2597 1219 2663 reliqui
1246 2596 1369 2646 homines

241 2666 319 2716 cuiue
337 2667 511 2729 praecipuum
529 2666 617 2717 locum
639 2668 668 2717 in
684 2668 779 2718 Persa·
832 2669 957 2718 deorsum
972 2671 1127 2733 vergentem
1151 2671 1178 2716 et
1201 2667 1229 2716 iu
1251 2667 1369 2716 frontem

241 2751 300 2785 rum
328 2737 412 2784 aseris
441 2751 500 2785 esre
528 2741 648 2800 constat,
679 2736 780 2787 nullam
833 2738 987 2799 deductam,
1011 2753 1062 2788 neo
1084 2737 1173 2788 differt
1195 2737 1243 2786 ille
1260 2737 1317 2786 lere
1334 2735 1369 2786 ab

241 2805 342 2859 Noster
362 2805 458 2856 fecerit
475 2807 653 2870 mentionem,
675 2807 703 2856 in
721 2806 782 2857 reli·
832 2809 916 2858 ςΙιΙιινΙ
938 2812 965 2858 et
986 2808 1139 2872 promiscue
1161 2823 1221 2858 enm
1243 2822 1276 2856 ou
1293 2821 1371 2856 naur-

243 2874 360 2940 quis.aic
382 2876 450 2925 sotis
469 2877 641 2930 consentiens
659 2893 719 2927 cum
737 2878 781 2936 iis,
832 2881 920 2942 patur.
958 2878 1019 2927 Vid.
1033 2878 1155 2928 Briason.
1175 2879 1208 2928 de
1225 2893 1281 2942 reg.
1295 2878 1370 2926 Pers.

242 2960 312 3010 quae
335 2960 349 2993 e
372 2945 448 2996 libris
471 2947 597 2997 Zendieie
620 2963 782 3012 cognoscere
831 2947 916 3012 prino.
930 2947 952 2996 Ι.
967 2950 993 3008 §-
1007 2949 1049 2997 td.
1083 2947 1235 3000 Blomfield.
1253 2949 1281 2996 in
1295 2945 1372 2997 Glos-

241 3014 314 3064 Iicet.
335 3017 430 3081 Neque
443 3031 506 3066 vero
521 3017 584 3066 inde
597 3016 689 3082 colligi
702 3033 782 3082 posse
832 3033 886 3068 aar.
908 3015 943 3065 ad
961 3016 1087 3080 Aeschyl.
1100 3019 1176 3068 Pers.
1188 3018 1238 3070 ⁰67
1257 3022 1285 3067 et
1302 3029 1371 3080 quae

242 3089 348 3148 putem,
378 3085 449 3150 quod
477 3087 576 3135 statuit
598 3087 692 3137 Rhode
720 3087 782 3151 (Die
832 3087 896 3137 olim
914 3086 973 3149 ipse
992 3087 1109 3136 excitavi
1126 3088 1155 3137 in
1174 3086 1302 3138 Greuaeri
1317 3086 1371 3134 Me-

242 3153 341 3217 heilige
357 3154 428 3218 Sage
446 3159 497 3204 etc.
517 3171 544 3219 p.
564 3153 783 3218 507),1{er0o0-
830 3156 890 3206 lett.
912 3155 965 3204 ΙΙΙ.
985 3171 1047 3220 pag.
1066 3157 1110 3207 81.
1143 3157 1212 3208 Add.
1232 3157 1370 3206 Hammer.

242 3225 300 3270 tum
316 3223 402 3286 ipsum
419 3225 504 3273 sacris
517 3226 659 3274 Persarum
675 3227 782 3276 nonin·
831 3227 860 3276 in
879 3226 989 3274 Wiener
1007 3225 1157 3276 Jahrbiich.
1176 3228 1224 3277 IX.
1244 3243 1309 3290 pag.
1328 3224 1370 3275 et.

243 3291 383 3354 terfuiase,
415 3293 463 3342 esd
491 3295 591 3344 referre
615 3299 720 3345 tantum
739 3311 781 3358 ea,
832 3301 859 3346 et
882 3309 952 3360 quae
974 3295 1107 3344 adnotata
1132 3303 1196 3346 sunt
1217 3296 1252 3346 ad
1270 3293 1371 3345 Herod.

243 3376 313 3428 qnae
329 3361 363 3411 sb
383 3361 443 3412 aliia
461 3363 564 3412 tradita
580 3365 725 3443 acceperit.
831 3365 885 3427 ΙΙΙ,
907 3365 946 3415 12.
967 3365 999 3426 V,
1018 3363 1060 3415 ot).
1079 3365 1142 3427 VII,
1160 3366 1191 3416 61
1212 3365 1274 3416 coll.
1292 3364 1372 3426 VIII,

276 3429 330 3481 τού
347 3421 418 3480 δὲ
400 3448 438 3490 ως
457 3423 562 3500 ἑκάστῳ
586 3425 672 3483 θύειν
692 3430 781 3499 θέλει]
836 3435 894 3486 Ι20.
1438 3491 1442 3499 ,

243 3501 261 3551 Ι.
281 3516 303 3550 e.
327 3509 403 3565 prout
426 3518 508 3553 eorum
530 3483 667 3567 (deornm)
696 3507 782 3568 cuique
866 3495 1078 3568 aareizewdi.
1093 3518 1115 3552 e.
1133 3505 1267 3565 ardenter,
1286 3517 1373 3567 ιιιοριιο

241 3587 319 3620 socru
342 3572 432 3635 fecere
456 3576 510 3638 quis
535 3577 593 3624 uolt.
631 3575 663 3623 In
684 3574 782 3638 quibus
833 3591 886 3624 οιιοι
901 3575 984 3624 suedie
1000 3582 1132 3636 precetur,
1150 3577 1262 3623 notante
1276 3573 1372 3622 Thom.

244 3641 420 3692 observamus
445 3643 593 3692 subiectum
613 3643 685 3708 quod
706 3643 784 3693 siunt
834 3644 958 3708 Magistr.
987 3657 1051 3708 pag.
1076 3643 1142 3705 512,
1171 3643 1218 3692 ubi
1239 3643 1295 3692 vid.
1321 3642 1375 3691 On-

243 3709 410 3792 neglectum,
435 3729 468 3762 ex
486 3713 594 3763 verbo
587 3729 645 3791 tpao
662 3719 783 3776 repeten-
834 3713 963 3792 dendorp.

243 3779 321 3842 dnm,
339 3771 496 3831 ddo'ows.
514 3773 650 3845 ὁθοτὴρ,
668 3783 784 3833 ιιΙΙιιΙτιι
869 3773 955 3832 ἐπεὰν
977 3776 1008 3830 δὲ
1019 3772 1218 3862 διαμιστύλας
1235 3769 1305 3828 κατὰ
1327 3773 1373 3840 με’-

244 3849 282 3908 ΙΙ,
303 3817 345 3912 ΙΙ,
364 3851 411 3900 ubi
429 3852 500 3900 conf.
520 3855 589 3902 nott.
631 3851 708 3912 Quae
722 3869 782 3903 oum
834 3866 884 3913 ρεα
911 3844 960 3900 τὸ·
977 3843 1074 3930 Ιρήϊον
1104 3842 1198 3915 ἑψήσῃ
1231 3840 1266 3896 τά
1294 3845 1373 3912 κρέα]

243 3917 283 3966 ita
310 3919 379 3980 sint,
414 3919 478 3968 mihi
503 3936 556 3971 non
585 3919 692 3971 videtur
716 3937 782 3988 opus
834 3913 1099 3984 ἃιαμιστύλαςμτο
1115 3918 1190 3984 vulg.
1204 3915 1374 3982 διαμαστί-

244 4001 304 4035 esse
319 3956 576 4048 ιοτΙΙιοιοὲκαστος,
595 3995 625 4040 ut
643 3993 784 4074 proposuit
834 3990 1050 4047 lecnuncrectc
1064 3991 1175 4040 editum
1204 3987 1281 4038 Conf.
1294 3987 1375 4037 Henn-

245 4054 364 4116 Beklrer,
384 4061 531 4124 neomagis
551 4062 783 4112 necessat-lumin
835 4060 952 4110 eterhns.
976 4060 1011 4108 ud
1032 4058 1208 4122 aristophan.
1230 4057 1304 4110 Plut.
1333 4071 1375 4106 vs.

245 4125 320 4186 dico,
345 4141 403 4176 oum
419 4127 576 4179 Heroldol.
602 4128 619 4180 l.
640 4148 666 4195 p.
683 4131 783 4182 5hunc
834 4129 931 4208 (imp.
951 4130 1002 4180 210
1020 4145 1077 4194 seq.
1106 4129 1157 4180 Eat
1175 4132 1265 4178 antem
1284 4123 1376 4188 διαμι-

245 4193 331 4242 locum
355 4195 396 4245 sic
418 4199 599 4249 constituere:
624 4197 681 4248 τοΙν
701 4190 768 4250 δὲ
751 4215 784 4258 ος
835 4190 989 4248 οτύλλειν’
978 4217 1003 4249 m
1018 4201 1106 4263 frusto
1121 4197 1261 4249 concidere.
1297 4195 1330 4245 Iu
1345 4209 1377 4245 eo

244 4251 281 4311 άν
303 4254 432 4315 ἑκάστοτε
459 4259 545 4317 θύειν
561 4260 646 4333 ἐθέλη
669 4284 694 4318 κ.
715 4285 739 4319 τ.
757 4269 781 4319 λ.
834 4284 926 4319 verum
951 4269 1011 4334 ipso
1041 4268 1187 4319 haeserunt
1213 4266 1266 4316 viri
1294 4265 1376 4325 docti,

244 4331 323 4396 Quod
341 4333 423 4386 etlam
440 4336 535 4388 reiecIt
551 4335 678 4400 Dieteeh,
697 4337 784 4405 euspi·
834 4337 907 4403 qnod
923 4337 1092 4401 Herodotus,
1119 4337 1166 4404 qui
1189 4351 1250 4402 cap
1270 4337 1377 4385 antece·
