3086 4932
629 331 754 394 omo.
777 333 802 394 ι.
824 301 882 396 oe.¹
1254 327 1314 390 ιει

179 513 214 578 oi
232 507 368 592 διέφερε
390 506 548 590 πληγέντι
567 500 789 578 ἄποθανέειν·
816 502 833 578 ὁ
855 507 893 578 δέ
913 523 989 589 καις
1012 497 1108 590 οὗτος
1128 502 1146 578 ὁ
1167 504 1315 596 ἄφωνος,

183 607 227 690 ὡς
243 608 312 677 εἶδε
338 606 474 678 ἐπιόντα
494 606 554 677 τὸν
567 611 720 698 Πέρσην,
740 607 807 681 ὑπὸ
827 614 925 693 δέους
945 639 980 681 τε
998 614 1053 681 καλ
1074 617 1180 684 κακοῦ
1199 613 1316 702 ἔβρηξε

185 709 321 802 φωνὴν,
344 711 416 782 εἶπε
438 714 490 780 δέ·
513 710 714 800 Ὦνθρωπε,
737 713 781 803 μὴ
802 731 911 785 κτεῖνε
926 723 1082 803 Κροῖσον.
1122 705 1230 797 Οὗτος
1254 715 1316 805 μὲν

184 814 226 905 δὴ
247 821 345 887 τοῦτο
368 820 502 904 πρῶτον
523 812 725 904 ἐφθέγξατο·
749 815 831 906 μετὰ
851 818 888 887 δὲ
906 825 1003 888 τοῦτο
1021 817 1086 909 ἥδη
1108 818 1236 910 ἐφώνεε
1256 817 1316 888 τὸν

182 919 291 992 πάντα
315 919 438 1010 χρόνον
463 923 521 1008 τῆς
545 917 629 1008 ζόης.
690 925 735 990 Οἱ
757 921 794 990 δὲ
818 924 946 1009 Πέρσαι
974 921 1031 1002 τοὶς
1058 952 1093 992 τε
1121 921 1164 1014 δὴ
1185 923 1362 1012 Σάρδιςὸβ

181 1031 297 1114 ἔσχον,
323 1027 379 1096 καὶ
405 1019 509 1093 αὐτὸν
532 1033 681 1112 Κροῖσον
704 1023 911 1114 ἐζώγρησαν,
937 1021 1080 1112 ἄρξαντα
1103 1033 1177 1096 ἔτεα
1201 1049 1315 1098 τεσσε-

182 1135 401 1218 ρεσκαίδεκα,
417 1129 474 1197 καὶ
487 1133 787 1218 τεσσερεσκαίδεκα
800 1123 923 1217 ἡμέρας
938 1133 1217 1216 πολιορκηθέντα,
1235 1130 1318 1202 κατὰ

178 1231 214 1304 τὰ
238 1231 439 1326 χρηστήριόν
461 1259 496 1302 τε
516 1229 777 1304 καταπαύσαντα
793 1229 856 1322 τὴν
880 1233 1010 1304 ἑαυτοῦ
1026 1231 1175 1320 μεγάλην
1195 1231 1316 1322 ἀρχήν·

178 1337 337 1427 λαβόντες
361 1338 402 1408 ’δὲ
427 1333 531 1408 αὐτὸν
558 1340 594 1408 oi
614 1338 741 1430 Πέρσαι
771 1335 901 1429 ἤγαγον
934 1333 1024 1428 παρὰ
1047 1342 1175 1428 Κῦρον.
1224 1331 1242 1404 ὁ
1270 1337 1318 1423 δὲ,

176 1542 206 1592 in
222 1541 303 1592 IIII.
317 1541 366 1604 xl,
383 1541 417 1592 50
435 1541 488 1592 huo
505 1557 559 1592 non
576 1541 722 1606 pertinere,
771 1542 818 1606 qui
836 1541 864 1591 in
881 1539 1045 1606 Chronolog.
1065 1540 1225 1592 d’Herodot.
1242 1557 1269 1606 p.
1284 1541 1319 1593 30

177 1613 231 1663 ism
254 1611 355 1662 dudum
378 1617 539 1662 monuerunt
559 1612 611 1661 viri
637 1611 719 1662 docti.

178 1683 219 1734 Ad
228 1682 391 1734 locutionem
401 1673 501 1745 ἔβόηξε
514 1673 624 1746 φωνὴν,
638 1683 721 1746 aptis·

178 1754 274 1804 simum
293 1751 366 1802 illam
369 1752 508 1832 ηιιῐδειιι,
532 1767 720 1837 comparamus

177 1823 343 1884 intrs11,·2=
363 1835 466 1886 ηνιινα
484 1812 585 1886 φωνὴν
602 1814 720 1885 ρήξοιισι

178 1893 211 1944 de
220 1893 371 1944 infantibus
384 1908 478 1942 recens
491 1892 564 1942 natis
577 1891 682 1942 baud'
661 1908 719 1942 erne

178 1964 320 2024 industria,
333 1968 364 2012 nt
378 1963 496 2026 ridetur,
515 1962 626 2014 dietum.
640 1963 720 2014 Conf.

178 2033 234 2083 illio
253 2037 340 2083 notai.

189 2093 372 2184 ’,Ωνθροιπε
402 2093 440 2165 μὴ
467 2103 558 2152 κτεῖνε
582 2102 719 2169 Κροῖσον]

180 2161 320 2234 ordonius
340 2171 460 2238 plerique
483 2171 545 2222 libri
572 2190 632 2224 oum
656 2175 721 2228 Gra-

181 2259 239 2307 gor.
253 2243 314 2294 Cor.
332 2243 365 2292 da
382 2241 447 2293 dini.
464 2243 524 2294 Ion.
538 2247 563 2307 5.
576 2243 623 2296 9οτ
648 2244 721 2294 Molo

181 2302 388 2374 ολλίἇνθρωπε.
415 2313 457 2364 Τιι
475 2313 531 2363 vid.
551 2315 669 2376 supraI‚
686 2315 719 2366 35

180 2388 207 2434 et
229 2384 266 2434 oi
285 2383 402 2434 Bredov.
426 2400 451 2448 p.
477 2383 537 2436 201.
581 2386 622 2435 De
644 2401 720 2450 prse-

178 2454 263 2504 sentis
292 2454 484 2518 imperativo*
477 2470 505 2503 sn
528 2455 640 2506 vetandi
667 2457 720 2506 t'or-

176 2523 257 2575 mniis
275 2523 412 2574 subtiliter
429 2521 558 2574 disseruit
569 2526 718 2576 Hermann.

177 2595 213 2644 ad
239 2595 351 2660 Cregor.
381 2593 503 2645 Corinth.
537 2611 563 2660 p.
592 2595 644 2647 305
676 2597 718 2648 ed.

177 2664 285 2716 Sohaef.

330 2837 396 2890 Car.
414 2839 562 2890 LXXXVI.

212 2932 339 3006 αρξαντα
367 2935 428 2992 ireos
461 2941 718 3026 τεοηερεσκαίδεκα,

176 3009 223 3074 καλ
242 3005 526 3075 τεσσερεσκαίδεκα’
511 3010 616 3076 ημέρας
639 3014 719 3064 πολι-

177 3080 350 3166 ορκηθὲντα]
365 3085 506 3134 Pertinent
516 3084 584 3134 haec
595 3084 629 3134 sd
639 3085 719 3134 Croe-

175 3155 200 3202 si
223 3157 346 3218 tempora
369 3159 442 3206 reete
466 3155 686 3206 constituenda'
679 3171 718 3204 ιιι-

176 3223 263 3290 deque
282 3225 428 3275 coniuncte
445 3226 633 3288 summariis,
649 3241 719 3290 quae

135 3359 137 3364 ,
176 3293 211 3343 ad
236 3294 258 3354 1,
278 3295 321 3344 23.
347 3293 390 3344 30.
414 3297 448 3344 45
477 3294 618 3358 disputata
645 3299 717 3347 sunt.

175 3365 208 3414 In
228 3363 326 3428 quibus
345 3364 368 3412 si
391 3369 465 3416 reete
480 3365 618 3429 posuimus
639 3366 719 3416 Croe-

175 3449 234 3484 sum
250 3449 321 3484 snno
340 3433 391 3486 500
409 3439 473 3486 aute
490 3434 552 3486 Chr.
577 3452 605 3486 n.
624 3436 659 3486 ad
677 3452 718 3486 re-

175 3519 257 3570 gnum
270 3509 403 3560 eventurn.
418 3504 529 3568 Alyatte
548 3511 664 3570 mortuo,
680 3523 719 3558 ra·

175 3590 260 3639 gnare
278 3573 350 3624 idam
376 3575 457 3626 desiit
475 3575 606 3626 Sardibus
630 3545 718 3641 criptis

174 3659 246 3694 anno
263 3645 323 3696 540.
344 3645 401 3695 Iam
420 3645 571 3696 Loroherus
589 3652 720 3698 sooursta

174 3715 361 3779 disputatione
395 3715 530 3766 inciderat
560 3717 588 3766 in
619 3733 718 3768 sunum

175 3785 347 3846 545-540,
377 3801 399 3836 s.
431 3785 539 3851 Olymp.
565 3787 666 3849 LVIII,
691 3789 717 3850 3,

174 3870 253 3919 qnam
272 3855 386 3906 eundem
401 3871 501 3906 annum
525 3858 617 3920 posuit
634 3826 719 3908 Eisso-

177 3926 238 3975 bins
265 3925 293 3974 in
312 3925 456 3984 Chronico,
486 3940 546 3976 oum
575 3927 668 3978 Solino
694 3927 717 3986 1,

176 3995 226 4046 112
244 3995 418 4047 conveniens.
447 3996 577 4048 Lsrohari
596 3997 716 4048 rationes

175 4065 301 4129 probavit
317 4065 387 4130 Lep:
405 4067 477 4116 Fato
501 4071 528 4116 ot
547 4066 647 4118 condit
668 4067 719 4118 Ae·

174 4136 252 4199 gypti
272 4139 325 4186 ete.
344 4151 371 4200 p.
390 4135 504 4188 31-33.
522 4141 550 4187 et
565 4141 638 4187 recto
653 4153 717 4200 quo

174 4219 226 4268 qne
239 4205 322 4256 Crote
340 4205 444 4270 history
462 4206 493 4258 oi
509 4207 610 4258 Graece
628 4207 674 4256 IV.
689 4223 715 4270 p.

174 4274 227 4324 264
248 4276 340 4336 posuit
357 4291 458 4326 sunum
476 4275 528 4328 540
550 4292 576 4328 s.
602 4275 664 4326 Chr.
687 4291 715 4326 ιι.

173 4343 210 4394 st
224 4343 270 4394 alii
282 4345 350 4394 ulios
365 4361 450 4396 annos
460 4351 627 4396 sumserunt:
646 4347 716 4396 inter

174 4428 242 4480 quos
264 4415 436 4482 potissimum
458 4415 600 4468 Volusium
623 4415 715 4480 affero,

770 1628 847 1677 seqq.
864 1611 898 1664 30
920 1627 996 1677 seqq.
1016 1612 1136 1676 priorum
1155 1611 1318 1678 chronogra-

769 1683 883 1748 phorum
910 1682 1042 1732 rationem
1067 1683 1240 1736 vehementer
1269 1683 1317 1732 im-

770 1767 895 1818 pugnans
928 1752 1043 1816 probare
1070 1753 1188 1817 studuit,
1216 1753 1316 1804 Sardes

770 1839 830 1874 esso
854 1827 949 1888 captos
976 1838 1047 1871 enno
1073 1825 1123 1874 557
1149 1839 1174 1873 ιι.
1200 1823 1262 1874 cnr.
1288 1841 1315 1873 n.

770 1893 886 1957 indeque
913 1893 1042 1942 Croesum
1066 1891 1100 1941 sd
1122 1909 1235 1958 regnum
1258 1909 1317 1957 per-

771 1966 881 2014 venisse
900 1979 970 2013 anno
990 1963 1049 2024 571,
1070 1967 1152 2026 atquo
1169 1962 1240 2013 bano
1258 1979 1318 2014 ean-

771 2035 885 2084 tentiam
919 2034 986 2082 sdeo
1016 2033 1152 2097 persuasit
1178 2032 1316 2084 Schultuio

772 2103 914 2169 (Apparat.
933 2103 1020 2153 critic.
1044 2103 1123 2166 Spee.
1150 2103 1172 2153 1.
1198 2119 1262 2168 psg.
1283 2105 1315 2155 16

771 2189 847 2240 seqq.
863 2171 926 2234 roo,
936 2178 966 2222 ut
979 2172 1108 2238 vulgatae
1119 2174 1316 2236 computationi

770 2243 973 2294 anteferendam
1002 2248 1134 2294 censeret.
1173 2244 1314 2294 Volusium

771 2315 893 2380 seqnitur
911 2315 993 2364 etiam
1005 2313 1056 2364 Th.
1072 2315 1170 2365 Menke
1184 2315 1313 2379 Lydisoe.

771 2401 799 2450 p.
823 2385 864 2444 53,
892 2389 918 2434 et
942 2385 1020 2434 SsInt
1038 2413 1048 2423 -
1065 2385 1167 2434 MartIn
1191 2385 1220 2434 in
1244 2400 1314 2436 oom-

770 2455 936 2506 mentatioue
954 2454 989 2506 sd
1006 2455 1029 2515 1,
1049 2455 1083 2504 74
1105 2454 1218 2504 laudata
1240 2471 1266 2519 p.
1279 2455 1313 2506 ‘29

770 2541 846 2591 seqq.
854 2526 897 2577 37.
910 2524 1031 2575 Voemsl.
1043 2525 1070 2574 in
1076 2525 1226 2574 Exercitst.
1237 2525 1314 2576 obro-

769 2595 823 2646 nol.
844 2595 876 2646 do
893 2595 985 2646 Croesi
1003 2610 1036 2644 so
1054 2593 1161 2644 Solonis
1179 2600 1271 2646 aetate
1284 2611 1311 2660 p.

770 2667 804 2718 23
826 2681 904 2731 seqq.
926 2664 1025 2715 Sardos
1050 2669 1145 2727 captas
1174 2681 1234 2716 esse
1258 2670 1313 2716 sta-

768 2737 822 2787 tuit
841 2753 911 2786 auno
930 2737 980 2786 552
1001 2751 1027 2784 s.
1053 2733 1115 2785 Chr.
1139 2751 1168 2786 n.
1198 2751 1313 2800 eumque

769 2807 891 2872 sequitur
908 2806 1107 2856 Westermsnn.
1128 2804 1161 2854 sd
1180 2805 1252 2856 Piut.
1265 2805 1313 2857 So-

768 2877 823 2926 lon.
843 2894 869 2942 p.
888 2875 933 2926 00.
951 2875 1081 2926 Dunciror
1098 2874 1208 2934 (Gesoh.
1226 2875 1313 2932 0.,,41-

769 2947 849 2997 terth.
877 2946 916 2996 11.
940 2961 966 3009 p.
991 2944 1056 3007 538)
1081 2944 1116 2993 ad
1139 2959 1239 2994 annum
1261 2947 1313 2996 540

770 3021 834 3068 ente
846 3015 908 3066 Chr.
924 3030 952 3065 ιι.
970 3013 1076 3078 regredi
1094 3013 1162 3063 vult.
1183 3013 1236 3064 sed
1251 3014 1313 3064 edo-

769 3088 827 3138 cuit
843 3101 914 3135 nuno
927 3085 972 3136 Jo.
987 3101 1003 3134 s
1017 3083 1156 3148 Gumpaoh
1170 3081 1312 3146 (DieZeit-

770 3157 909 3218 reohnung
927 3155 974 3205 der
992 3153 1088 3220 Bebyi.
1108 3169 1134 3204 u.
1155 3153 1263 3220 Assyrr.
1283 3171 1310 3220 p.

769 3227 803 3279 80
821 3225 907 3292 εεηη.)
933 3225 965 3276 de
982 3223 1042 3275 'aiio
1066 3239 1137 3274 anno
1164 3229 1246 3289 atque
1269 3242 1311 3286 eo,

770 3313 849 3363 qoem
868 3311 950 3360 supra
966 3296 1114 3360 posuimus,
1126 3295 1242 3360 eogitari
1256 3311 1311 3344 non

769 3383 849 3431 posse
868 3367 949 3430 inque
959 3365 1053 3414 eodem
1066 3380 1126 3414 esse
1138 3366 1312 3430 sequiaeoen-

770 3437 842 3487 dnm.
870 3435 962 3498 Aqno
980 3435 1039 3483 viro
1059 3434 1165 3482 docto
1158 3449 1186 3482 ιιι
1206 3449 1237 3483 eo
1258 3442 1311 3483 uno

770 3505 912 3562 dissentio,
917 3503 998 3582 'quod
1015 3502 1060 3552 ilie
1073 3503 1111 3564 (p.
1127 3499 1169 3551 03.
1173 3501 1182 3564 i
1194 3509 1313 3565 quotuor·

770 3577 849 3636 <ierim
872 3563 935 3638 (ιδ)
959 3587 1043 3623 snnos
1067 3571 1168 3621 Croeso
1187 3572 1313 3634 regnanti

769 3647 887 3696 tributos
901 3642 1029 3693 mendose
1048 3640 1130 3691 scribi
1147 3643 1227 3703 putat
1238 3641 1312 3690 inda

770 3732 822 3782 que
841 3712 1041 3778 corrigendos·
1033 3727 1061 3760 ιιι
1086 3699 1134 3759 ιβ’
1152 3708 1195 3758 vai
1215 3702 1272 3769 κδ,
1292 3711 1310 3762 i.

769 3804 792 3838 a.
813 3786 965 3850 undeoipirtr'
979 3781 1023 3833 vel
1040 3782 1128 3845 vipioti
1144 3789 1253 3846 quotuor
1263 3797 1312 3832 sn-

768 3873 828 3908 nos.
844 3855 964 3914 Etenim,
984 3853 1039 3904 aiis
1055 3857 1086 3901 ut
1104 3856 1219 3914 taceam,
1233 3853 1313 3903 Cros-

768 3943 836 3988 som,
866 3926 912 3990 qui
940 3923 1078 3988 Alyattem
1103 3890 1238 3973 mortenia
1262 3923 1313 3975 560

770 3997 798 4046 in
824 4011 907 4060 regno
926 3994 1042 4058 excepit,
1058 3993 1113 4042 ism
1132 3997 1213 4044 antea
1230 4009 1248 4042 a
1265 4009 1313 4058 ps-

771 4072 811 4117 tre
829 4081 893 4115 sene
911 4069 1042 4128 tunquam
1061 4063 1204 4114 haeredem
1223 4063 1312 4130 legiti-
1378 4058 1385 4070 '

768 4151 839 4186 mum
852 4135 880 4184 in
891 4134 967 4198 regni
983 4134 1197 4184 communionem
1209 4149 1314 4184 assum·

768 4212 825 4256 tum
842 4204 866 4252 ai
884 4204 1021 4268 ponimus,
1041 4205 1087 4254 vix
1106 4204 1158 4254 erit
1176 4203 1226 4253 toli
1244 4217 1312 4268 opus

768 4273 965 4326 emendatione.

803 4332 818 4392 ὁ
838 4335 882 4404 δὲ,
903 4333 1046 4407 συννήσας
1064 4330 1160 4402 πνοὴν
1178 4328 1312 4416 μεγάλην,

765 4380 934 4482 ἀνεβίβασεν
955 4427 981 4462 κ.
1001 4425 1024 4460 τ.
1043 4407 1080 4476 λ.]
1104 4408 1146 4458 Ad
1169 4399 1312 4472 συννήσας
