3008 4924
209 253 270 315 744
640 243 910 308 HERODOTI

208 422 425 496 ἀδικεόντων.
452 423 509 491 καλ
524 419 612 491 οὕτω
633 425 682 490 ἔτι
702 425 739 489 αλ
759 419 872 500 πόλιες
893 419 1048 506 ἐγένοντο
1064 411 1286 506 ὑψηλότεραι·
1308 413 1348 484 τό

209 525 349 620 μὲνγὰρ
363 531 497 616 πρῶτον
514 525 712 614 ἐχώσθησαν
726 519 793 593 ὑιιό
807 529 877 592 τῶν
896 520 955 603 τὰς
969 521 1136 610 διώρυχας
1152 518 1349 608 ὀρυξάντων

211 633 266 704 ἐπὶ
284 628 495 721 Σεσώστριος
516 632 685 718 βασιλέος,
714 627 856 718 δεύτερα
880 626 917 696 δέ
938 627 993 694 ἐπὶ
1018 630 1079 696 τοῦ
1101 630 1267 704 Αἰθίοπος
1290 626 1349 692 καὶ

211 734 316 826 κάρτα
328 729 456 822 ὑψηλαὶ
470 737 634 820 ἐγένοντο.
656 728 829 822 Ἰβηλέων
843 729 880 800 δέ
895 731 953 798 καί
967 731 1090 819 ἑτέρων
1103 730 1295 818 γενομένων
1310 730 1349 796 έν

211 844 252 928 τῇ
266 837 429 931 Αἰγύπτῳ
452 843 596 922 πολίων,
621 830 666 916 ὥς
687 837 759 924 ἐμοὶ
776 837 902 920 δοκέει,
923 832 1064 922 μάλιστα
1084 833 1147 921 μέν
1160 831 1350 920 Βούβαστις

212 941 308 1022 πόλις
324 939 509 1030 έξεχοόσθη,
538 941 575 1008 έν
594 945 634 1028 τῇ
653 941 709 1008 καὶ
731 939 804 1028 λρόν
822 942 891 1008 έστι
906 936 1111 1025 Βουβάστιος
1124 933 1347 1023 ἀξιαπηγητό-

212 1074 322 1116 τατον.
337 1048 422 1134 μέζω
436 1041 576 1132 μὲνγὰρ
590 1039 673 1112 ἅλλα
687 1045 742 1112 καὶ
755 1039 1063 1128 πολυδαπανώτερα
1077 1043 1146 1109 έστι
1161 1036 1226 1128 λρόι,
1241 1035 1351 1131 ἡδονῇ

212 1149 249 1220 δέ
263 1151 398 1219 ἰδέσθαι
413 1143 514 1217 οὐδέν
527 1144 647 1215 τούτου
661 1152 797 1235 μᾶλλον.
813 1142 833 1235 ἡ
850 1145 887 1215 δέ
901 1143 1087 1232 Βούβαστις
1101 1141 1185 1212 κατὰ
1193 1139 1336 1212 Ἑλλάδα
1344 1159 1395 1214 171

247 1303 446 1396 ἐχώσθησαν
432 1305 490 1364 ond
508 1310 566 1362 ταῖν
582 1304 632 1369 τὰς
650 1307 754 1376 διτόρν-
805 1313 917 1364 datione
933 1310 1130 1376 τασσομένων,
1149 1327 1210 1362 cum
1229 1323 1351 1360 πασσειν

212 1401 274 1507 tt.
283 1375 460 1504 ⁰⁰-J’lll'lll
482 1383 753 1518 tttfttsttftffl
805 1381 1243 1503 tt.{¹¹.3¹ttt.⁸‘lllttt'.sl
1266 1381 1352 1528 llll

213 1526 251 1576 sis
268 1522 381 1575 Rsnnel.
406 1522 424 1573 l.
442 1521 460 1574 1.
479 1537 542 1588 pag.
561 1521 621 1573 609.
658 1523 753 1586 Neque
805 1527 878 1572 nest.
915 1524 979 1572 Mox
997 1521 1110 1586 vulgate
1128 1520 1209 1570 lectio
1229 1521 1282 1570 fert
1297 1511 1350 1582 μολ-

213 1595 283 1646 οιιίιιι
301 1593 368 1642 hcec
386 1593 426 1641 ito
451 1607 510 1643 esse
534 1591 680 1657 cogitanda
699 1607 754 1642 mo·
805 1592 883 1642 λιστα
897 1605 949 1656 μεν
958 1587 1098 1656 Βουβαστι
1109 1583 1175 1639 πολι
1191 1581 1348 1672 ἐξεχώσθη,

213 1669 274 1725 net,
298 1667 329 1713 ut
346 1661 478 1712 aediliciis
502 1661 649 1713 destructis
667 1660 753 1711 solum
805 1662 881 1713 onius
899 1662 946 1726 qui
962 1661 999 1710 sit
1017 1675 1125 1722 sensus,
1152 1660 1224 1710 haud
1247 1661 1350 1736 perspi·

214 1734 302 1816 ipsum
320 1731 489 1782 reddiderint
512 1731 593 1781 altius
617 1747 649 1782 ec
672 1729 755 1780 subli·
804 1733 848 1783 oio
865 1737 974 1796 propter
986 1730 1106 1780 dativum
1114 1697 1253 1796 Βουβάστι
1266 1721 1349 1778 πόλι·

214 1805 298 1863 mius;
324 1801 372 1851 sed
390 1801 547 1866 plerumque
563 1817 617 1851 ιιοιι
636 1800 690 1850 nisi
709 1816 755 1866 eg·
806 1803 879 1867 quod
897 1807 927 1850 ut
946 1800 1078 1854 cvitsret
1098 1799 1251 1860 Bekkerus‚
1270 1813 1350 1864 quem

215 1889 278 1938 gere
302 1871 400 1922 altiore
423 1871 604 1922 circumdatas
629 1885 688 1921 esse
714 1885 757 1920 ur·
806 1870 929 1922 Dietsoh
961 1875 988 1920 et
1010 1869 1137 1920 Dindorl.
1163 1837 1251 1918 εεοαιΙ
1275 1873 1349 1929 sunt,

170 1987 176 1996 .
213 1944 271 1994 bes.
309 1941 363 1992 Sed
389 1941 478 1991 minus
499 1941 574 1991 hisee
578 1940 757 2018 conveniunt
807 1957 840 1992 ex
859 1939 958 1990 Aldine
975 1938 1076 1990 stellis
1093 1939 1348 2004 quibusdnmcodd.

214 2029 284 2090 quoe
301 2011 415 2076 legimus
433 2011 470 2072 11,
491 2010 554 2062 138:
573 2024 620 2059 ατε
638 2001 691 2094 μὰρ
708 2006 759 2073 τῆς
808 2010 950 2061 revocavit
971 2001 1090 2090 μάλιστα
1113 2003 1132 2072 ἡ
1157 1999 1187 2056 ἐν
1208 2000 1349 2073 Βοοβόττι

213 2074 313 2138 πόλιος
332 2072 384 2144 μέν
403 2049 612 2144 ἐκκεχωσμένης
633 2073 713 2139 ὑψοῦ
731 2094 756 2128 s.
809 2072 891 2136 πόλις
911 2070 958 2142 έξ,
986 2078 1083 2144 quod'
1076 2093 1164 2143 ipsum
1186 2093 1241 2128 non
1261 2077 1350 2142 megin

214 2167 237 2200 τ.
256 2149 279 2198 λ.
283 2165 379 2214 ,quse
398 2149 535 2214 despuere
550 2151 612 2211 solo,
628 2148 758 2214 quourbs
809 2149 958 2214 perspicio,
977 2163 1046 2208 cum,
1064 2153 1095 2198 ut
1109 2148 1177 2198 bene
1192 2147 1262 2198 vidit
1276 2147 1350 2198 Eltn.

214 2220 383 2270 circumdate
401 2218 498 2279 fuerit,
518 2216 758 2281 minimeintelligi
809 2218 938 2282 (nahrbb.
964 2216 990 2270 d.
1015 2185 1350 2282 Pbilol.Suppl.1X.p.

213 2293 352 2353 poterunt.
376 2315 408 2324 -
434 2255 610 2350 „Herodotus
644 2285 758 2336 laudent
810 2287 880 2354 124),
899 2288 933 2338 ab
948 2287 1089 2337 Herodoto
1106 2284 1157 2352 (11,
1171 2289 1215 2338 60.
1226 2287 1273 2351 61)
1285 2287 1352 2336 urbs

214 2372 321 2422 quoque
340 2355 456 2407 editores
472 2357 561 2420 operis
574 2355 711 2419 Descript.
725 2354 757 2404 de
808 2357 945 2408 vocetur
938 2372 998 2421 ipse
1004 2349 1267 2434 Βοόβαστιςιιοηιιο
1283 2371 1352 2420 ην
1291 2346 1352 2404 ’έν

213 2426 285 2490 lEg.
305 2425 359 2476 vol.
384 2425 423 2475 II.
451 2423 584 2489 (Thebes)
608 2441 670 2489 pag.
695 2425 755 2486 871,
807 2417 947 2507 Βοοβόρτι
972 2417 1063 2483 πόλις.
1100 2427 1200 2507 Itaque
1223 2442 1282 2476 cum
1307 2441 1351 2475 eo-

214 2495 261 2544 nbi
279 2495 459 2558 comprobant
482 2495 563 2544 certis
588 2461 755 2558 argumentis.
808 2496 867 2546 dem
889 2495 947 2545 viro
966 2495 1046 2546 docto
1068 2495 1178 2560 reposui
1194 2487 1351 2561 Βούβαστις

213 2563 355 2628 planitiem
372 2564 447 2612 circo
469 2563 577 2614 Thebes
601 2578 661 2614 esse
679 2562 757 2612 altio·
808 2557 904 2626 πόλις,
930 2564 1074 2630 quodiam
1092 2564 1350 2630 Schweighaeusero

214 2649 271 2684 rem
296 2633 397 2682 lectum
415 2631 480 2682 limo
506 2633 663 2684 inundantis
683 2633 757 2682 dein·
807 2633 1052 2686 commodissimum
1069 2635 1227 2696 videbatur,
1252 2651 1284 2684 nc
1308 2650 1351 2684 re·

214 2718 277 2766 ceps
299 2701 368 2762 Nili3
389 2703 554 2754 architectos
581 2719 645 2753 vero
669 2703 757 2767 Aegy·
807 2705 877 2753 tinui
896 2703 1020 2754 voculam
1037 2698 1103 2768 μὲν,
1124 2705 1159 2754 sd
1178 2719 1259 2769 quem
1274 2711 1352 2754 tuen-

213 2774 284 2838 ptios
304 2771 331 2822 id
350 2772 471 2822 studiose
491 2772 666 2834 observasse,
687 2787 758 2821 earn·
807 2773 868 2824 dem
891 2773 963 2825 Elts.
989 2779 1052 2839 epte
1077 2773 1170 2824 ettnlit
1194 2773 1349 2840 Thucydid.

213 2841 448 2908 quecbcanssm‚
468 2857 520 2906 quo
534 2843 660 2907 deinceps
674 2858 688 2891 e
691 2842 756 2891 tium
807 2843 831 2906 1,
849 2843 894 2894 32.

214 2917 343 2962 caverent
361 2879 492 2962 aediliciis
512 2928 529 2962 α
547 2928 576 2962 se
601 2913 756 2974 exstructis,
842 2904 936 2978 ἡδονῇ
952 2905 983 2961 δὲ
1004 2907 1119 2961 ἰδέσθαι
1138 2902 1225 2961 οὐδέν
1243 2909 1350 2961 τούτου

214 2998 307 3033 eorum
325 2981 503 3032 fundamento.
517 2983 640 3047 posuisse
652 2984 680 3030 in
695 2997 758 3046 sug·
807 2979 925 3046 μᾶλλον]
945 2973 1036 3047 ἡδονῇ
1060 2987 1088 3032 et
1111 2981 1174 3031 libri
1199 2982 1294 3046 scripti
1321 2987 1349 3031 et

215 3053 300 3116 gestis
327 3051 485 3102 elatioribus
514 3056 578 3102 nnte
603 3052 757 3101 institutum
807 3057 933 3102 vetustae
949 3051 1010 3102 edd.
1029 3051 1152 3102 oderunt.
1187 3052 1265 3130 Quod
1284 3049 1349 3101 olim

214 3137 282 3185 opus
299 3121 423 3171 consulto
441 3121 603 3171 conlectis.“
623 3123 665 3172 Or.
692 3121 757 3171 Ceo·
808 3121 909 3186 placuit
927 3120 1108 3187 Wesseliugio
1127 3112 1220 3185 ἡδονὴ
1240 3120 1278 3185 (iu
1301 3137 1351 3170 no-

216 3195 303 3240 terum
315 3206 380 3240 vers
398 3205 467 3252 esse,
481 3206 549 3255 quse
560 3189 755 3241 Herodotush
806 3191 953 3251 minutim,
969 3197 1000 3240 ut
1016 3191 1060 3240 111
1063 3190 1155 3256 ,160),
1173 3191 1351 3240 haudneces-

215 3259 234 3310 l.
247 3260 357 3321 scribit,
375 3259 669 3310 testeturWilkinson.
681 3261 757 3310 Men·
808 3261 908 3310 surium
926 3228 1046 3316 τΙδεΙιιι,
1070 3261 1173 3310 sicum
1195 3260 1347 3340 Schweiglr.

216 3343 277 3380 nere
295 3345 351 3379 sec.
371 3344 423 3380 ser
443 3329 466 3380 1.
485 3345 511 3393 p
532 3330 595 3390 1053
615 3330 756 3380 eumonim
807 3329 1113 3394 itsintelligeremnlis:
1126 3319 1350 3407 ἡδονῇλδέοθαι

214 3399 312 3460 locum,
329 3413 383 3462 quo
394 3399 523 3448 Bubastis
539 3404 678 3449 exstructo
698 3403 757 3448 eret
808 3389 895 3448 οόδλν
920 3399 1032 3478 μᾶλλον
1057 3381 1268 3478 ἀξιαπηγητον,
1300 3405 1350 3449 sort

214 3469 297 3532 (nunc
316 3469 341 3518 ei
359 3483 456 3518 nomen
479 3469 523 3518 Tel
540 3467 644 3530 Basso),
670 3468 757 3518 odbuc
808 3484 868 3520 cum
886 3469 1000 3534 Stcgero
1019 3457 1164 3534 ἡδονῇ-
1180 3465 1287 3532 μᾶλλον
1305 3485 1351 3518 ao

214 3537 298 3588 multo
323 3537 461 3588 elatiorem
491 3537 587 3586 videri.
631 3539 674 3588 Tu
699 3537 755 3587 vid.
807 3539 896 3603 cipere
915 3553 964 3603 pro
989 3537 1095 3601 μείζονι
1117 3534 1225 3604 ἡδονῃς
1253 3553 1270 3586 ιι
1294 3554 1348 3602 quo

213 3624 283 3674 quse
300 3607 336 3657 ed
353 3607 390 3668 11,
408 3609 443 3658 60
460 3607 493 3656 de
510 3606 576 3656 urbe
593 3606 719 3656 diximus.
806 3612 911 3687 temen,
938 3607 1010 3672 quod
1028 3607 1073 3658 ille
1095 3609 1199 3685 profert
1224 3608 1347 3669 11‚1·zo.

249 3669 329 3726 καλ
314 3669 416 3742 ετέρων
438 3673 646 3740 γενομένων]
666 3676 754 3741 Vulgo
804 3668 878 3740 ἀνὴρ
896 3644 1005 3726 έιείνου
1023 3674 1155 3740 μᾶλλον
1168 3667 1234 3740 lois,
1254 3645 1280 3727 ld
1297 3679 1350 3727 dil·

213 3743 408 3829 τασσομένων,
426 3745 499 3826 qued
517 3747 652 3822 quomodo
673 3746 755 3810 expli-
806 3747 877 3796 ferre
901 3745 991 3797 credo.
1034 3713 1234 3797 Valckenarius,
1254 3752 1349 3797 nostro

213 3818 269 3866 ceri
291 3817 394 3880 possit,
421 3815 473 3864 nisi
498 3815 602 3872 scribas
626 3804 753 3878 ὑψηλῶς,
806 3815 866 3866 loco
897 3816 1063 3866 coniecerat:
1098 3805 1202 3880 ἥδιον
1231 3808 1260 3862 δ’
1291 3810 1348 3865 ἰδέ-

214 3885 338 3968 equidem
356 3885 428 3966 houd
443 3883 579 3949 intellig03
603 3886 697 3951 itaque
714 3899 755 3934 rc·
808 3883 877 3934 σθαι
901 3877 989 3934 οὐδέν
1010 3878 1113 3934 cedros
1140 3883 1255 3948 μᾶλλον.
1296 3887 1349 3937 Re·

212 3955 291 4020 pcsui
314 3947 474 4018 γενομένων
501 3970 515 4006 e
537 3954 641 4004 duobus
664 3953 754 4016 codd„
807 3959 889 4005 oentt.
909 3955 970 4005 edd.
990 3954 1163 4020 Wesselingii
1181 3955 1348 4006 emendatio-

212 4025 286 4088 quod
312 4023 356 4072 vel
386 4025 515 4102 proxime
531 3989 754 4074 antecedentibus
807 4040 867 4074 uem
885 4024 1001 4088 amplexi
1023 4029 1099 4084 sunt;
1123 4025 1248 4089 equidem
1267 4023 1349 4076 libro·

212 4093 316 4142 verbis:
335 4088 383 4141 καλ
400 4109 490 4158 καρτα
502 4083 578 4156 νψη
566 4089 611 4142 αλ
624 4084 754 4158 έμενοντο
807 4109 864 4144 rum
882 4093 962 4143 fidem
982 4094 1105 4144 deserere
1120 4094 1208 4154 uolui,
1228 4101 1348 4146 exente-

211 4161 284 4210 lrsud
302 4161 359 4210 scio
374 4178 409 4211 sn
428 4163 618 4226 confirmetur,
637 4179 698 4214 cum
715 4173 755 4212 ts·
807 4163 967 4214 cedentibus
990 4167 1113 4228 repetens
1135 4131 1208 4212 έστλ
1216 4163 1268 4214 hoc
1290 4165 1348 4214 iere

211 4229 246 4278 lis
277 4229 401 4292 repetitio
429 4232 502 4282 baud
532 4233 688 4297 infrequens
718 4233 754 4282 sit
806 4247 900 4283 sensu.
930 4249 982 4282 αιαιι
1005 4237 1133 4296 voluptate
1160 4241 1241 4283 nutem
1263 4235 1349 4296 ιαλεηιί-

212 4299 285 4364 spud
303 4298 441 4352 Nostrum.
478 4302 572 4367 Neque
585 4317 652 4368 opus
666 4318 755 4353 emen·
806 4318 864 4354 τινα
882 4304 973 4352 nullum
987 4303 1033 4352 Ιιοα
1051 4305 1129 4368 alapis
1145 4305 1211 4353 licet.
