3064 4940
250 295 290 355 80
685 294 957 356 HERODOTI

249 468 403 558 ἐχόμενος
418 471 474 538 καὶ
489 465 530 539 οὐ
548 467 697 559 καθαρὸς
712 486 823 558 χεῖρας
841 468 923 555 ἑῶυ,
945 469 1037 562 Φρὺξ
1054 470 1117 561 μὲν
1132 473 1248 560 γενεῇ,
1270 473 1384 559 γένεος

250 573 287 642 dl
309 577 369 642 τοῦ
390 581 577 662 βασιληίου.
612 572 794 665 παρελθών
823 574 860 644 dl
884 565 980 656 οὗτος
1005 578 1038 655 ἐς
1059 573 1100 646 τὰ
1120 583 1269 664 Κροίσου
1293 581 1383 646 οἰκία

248 675 332 748 κατὰ
344 676 466 790 νόμους
478 675 555 758 τούς
567 680 764 770 ἐπιχωρίους
779 687 967 770 καθαρσίου
980 682 1091 750 ἐδέετο
1103 684 1262 770 κυρῆσαι·
1277 687 1381 772 Κροῑ·
1402 731 1413 752 .

246 879 339 946 loquio
357 881 489 948 benigno,
509 885 636 948 tectoque
652 886 680 934 et
698 883 789 934 convi-

246 951 306 1014 vio,
335 957 365 1002 ut
384 953 430 1018 qui
448 951 483 1002 ad
507 951 613 1002 domum
637 953 724 1019 ipsam
748 954 788 1004 la-

246 1021 401 1088 miliamque
423 1023 583 1086 pertineret,
610 1025 786 1089 exciperetur.

246 1091 383 1144 Pertinuit
405 1108 470 1144 vero
489 1091 541 1144 hoc
563 1094 734 1159 potissimum
753 1095 788 1145 ad

247 1177 307 1226 eos,
336 1164 382 1228 qni
407 1163 491 1215 caede
515 1169 625 1228 patrata
648 1165 690 1214 vel
713 1167 788 1215 invo-

245 1231 366 1283 luntaria
388 1249 436 1298 pro
468 1249 541 1284 more
566 1234 690 1285 heroicae
714 1239 788 1285 aeta·

245 1303 281 1351 tis
302 1304 393 1368 patria
411 1309 484 1354 terra
507 1303 602 1354 cedere
629 1305 789 1368 facinusque

245 1375 419 1424 commissum
450 1373 559 1434 exsilio,
595 1373 639 1422 vel
666 1373 788 1437 longiore

245 1441 289 1492 vel
303 1459 408 1506 annuo,
433 1448 464 1492 ut
486 1441 559 1506 apud
576 1441 701 1505 Huripid.
721 1442 787 1505 Hip-

244 1511 330 1576 polyt.
350 1527 390 1561 vs.
410 1512 444 1563 35
461 1511 588 1574 legimus,
607 1510 681 1561 luere
700 1511 788 1568 coacti

245 1585 335 1642 erant,
377 1595 489 1644 qnorum
529 1583 560 1629 ut
595 1580 787 1630 sceleratorum

245 1665 350 1702 ornnem
366 1649 579 1700 communionem
592 1655 640 1700 aut
657 1666 786 1701 commer-

245 1719 317 1769 cium
327 1719 533 1783 aversabantur,
552 1734 639 1786 nsque
657 1721 720 1770 dum
736 1720 786 1770 cri-

244 1791 316 1840 mine
334 1790 374 1840 illi
392 1790 494 1854 expiati
513 1795 605 1840 essent
618 1805 649 1841 eo
662 1791 725 1854 ritu,
740 1791 786 1856 qui

243 1857 262 1910 l.
283 1859 301 1910 l.
321 1861 458 1926 copiosius
483 1860 656 1911 describitur.
697 1863 787 1925 Atque

243 1929 324 1980 huius
339 1931 434 1993 moris,
454 1931 482 1980 in
500 1947 553 1996 quo
572 1932 713 1996 sanguinis
729 1933 786 1980 vin·

244 2000 347 2064 dictae,
367 2017 448 2067 quam
460 2001 568 2062 dicunt,
587 2001 659 2050 hand
671 2002 787 2051 obscura

242 2073 361 2136 vestigia
373 2076 519 2122 cernuntur
542 2070 626 2134 (illam
645 2071 715 2121 euim
732 2086 787 2120 non

243 2141 332 2192 minus
350 2141 422 2206 apud
441 2141 644 2204 antiquissimos
657 2141 786 2203 Graecos,

244 2225 324 2275 qnam
348 2210 420 2275 apud
444 2209 589 2260 orientales
616 2215 711 2276 gentes
740 2225 786 2260 va-

242 2279 339 2342 luisse,
364 2280 493 2341 vixerit,
515 2280 561 2344 qui
585 2280 687 2345 neget),
706 2281 786 2330 huius

243 2350 353 2414 inquam
380 2350 463 2399 moris
487 2348 542 2398 alia
565 2365 672 2414 quoque
700 2349 785 2399 multo

242 2425 305 2484 post
323 2423 469 2470 occurrunt
487 2419 606 2484 vestigia
628 2419 672 2469 vel
693 2421 785 2484 potius

243 2489 373 2554 reliquiae
395 2490 424 2538 in
445 2488 650 2540 Atheniensium
678 2489 786 2555 legisla-

242 2562 317 2609 tione
339 2559 509 2624 iudiciisqne.
546 2560 611 2610 Fuit
634 2559 704 2609 enim
723 2576 785 2611 con-

241 2630 368 2679 stitutum
386 2629 568 2695 religioneque
585 2633 721 2680 sacratum
738 2647 785 2680 an-

242 2700 425 2764 tiquissimum
459 2699 587 2750 indicium
618 2699 784 2764 Eplretarum

243 2761 290 2819 ἐπὶ
314 2767 479 2836 Παλλαδίῳ,
507 2769 579 2835 quod
600 2774 708 2834 praeter
730 2770 785 2820 alia

243 2839 392 2905 inquireret
403 2842 431 2890 in
440 2839 538 2892 caedes
550 2840 703 2890 inconsulto
714 2857 784 2891 com-

243 2911 354 2974 missas,
374 2915 485 2962 auctore
497 2911 636 2960 Pausania
653 2911 676 2973 1,
694 2911 737 2973 28,
756 2910 782 2962 9.

244 2982 304 3043 Quo
322 2982 351 3030 in
373 2981 474 3031 iudicio
492 2996 521 3030 re
537 2980 690 3046 disceptata
712 2995 787 3030 raum

244 3051 365 3116 oportuit
378 3067 426 3116 per
444 3065 543 3100 annum
558 3051 672 3101 Athenis
691 3051 787 3101 abesse

244 3125 272 3170 et
290 3121 363 3170 intra
381 3120 432 3171 hoc
451 3125 557 3184 tempus
581 3121 613 3171 de
632 3121 721 3171 reditu
741 3136 787 3185 pa-

243 3190 309 3240 cisci
330 3206 390 3240 cum
407 3191 531 3256 cognatis
550 3191 622 3255 eius,
645 3207 725 3256 quem
748 3191 786 3240 in-

838 883 899 935 aliis
916 884 1044 950 gentibus
1061 884 1149 952 iisque
1160 882 1321 934 nomadibus
1334 897 1381 948 per

838 955 968 1004 orientem
990 956 1107 1020 sparsis,
1131 953 1203 1020 apud
1226 969 1293 1019 quos
1319 953 1381 1002 iude

838 1025 872 1074 ab
909 1026 1096 1090 antiquissimo
1128 1040 1196 1075 aevo
1227 1025 1381 1074 etiamnunc

838 1095 961 1146 vindicta
978 1095 1118 1160 sanguinis
1138 1093 1212 1144 valet
1230 1093 1381 1158 caedesque

838 1167 982 1214 commissa
1009 1164 1052 1214 vel
1081 1165 1132 1213 hoc
1159 1163 1202 1212 vel
1227 1163 1274 1212 illo
1301 1163 1380 1212 modo

838 1234 937 1284 luenda
966 1237 1022 1295 est,
1057 1248 1128 1283 nune
1157 1248 1211 1282 non
1238 1247 1379 1296 quaeram

841 1305 940 1367 quippe
961 1302 1072 1366 longum
1097 1307 1139 1351 est
1169 1305 1196 1350 et
1225 1301 1343 1350 alienum
1364 1315 1381 1348 a

839 1377 933 1422 nostro
959 1371 1098 1431 instituto;
1123 1371 1254 1420 maiorum
1275 1375 1381 1420 nostro-

840 1455 898 1490 rum
925 1441 1046 1490 meminit
1073 1442 1131 1504 Cr„
1162 1441 1195 1490 de
1222 1439 1319 1504 quibus
1341 1439 1381 1487 ita

839 1511 952 1560 Tacitus
969 1511 997 1559 in
1016 1511 1140 1561 German.
1159 1526 1184 1562 c.
1204 1510 1250 1559 21:
1276 1508 1380 1572 „susci-

839 1595 902 1645 pere
919 1585 975 1630 tam
992 1579 1149 1630 inimicitias
1167 1593 1215 1630 seu
1232 1581 1318 1643 patris
1333 1593 1380 1628 seu

838 1651 995 1716 propinqui,
1018 1666 1099 1716 quam
1115 1649 1250 1700 amicitias
1267 1665 1380 1700 necesse

838 1725 892 1784 est,
920 1736 970 1770 nec
987 1719 1171 1785 implacabiles
1194 1719 1301 1770 durant.
1331 1719 1381 1768 lni-

837 1794 882 1840 tur
903 1789 1077 1840 homicidium
1100 1793 1174 1840 certo
1197 1795 1380 1840 armentorum

838 1875 871 1909 ac
889 1860 1022 1925 pecudum
1039 1876 1150 1910 numere
1171 1861 1321 1926 recipitque
1339 1875 1381 1908 sa·

837 1929 1023 1981 tisiactionem
1032 1931 1160 1981 universa
1169 1929 1293 1980 domus.“
1304 1931 1380 1979 Haec

839 2001 992 2051 satisfactio
1003 2001 1090 2051 medio
1102 2016 1169 2051 aevo
1179 2000 1279 2050 dicitur
1295 2001 1380 2050 ll'eri-

836 2071 909 2136 pald,
927 2071 1077 2136 ίίίνιριίιί,
1096 2070 1248 2136 Wehrpeld,·
1265 2085 1297 2120 ac
1310 2085 1380 2119 corn-

838 2141 969 2206 probatnr
997 2142 1111 2191 Romani
1142 2141 1281 2204 scriptoris
1312 2138 1379 2188 fidos

838 2211 954 2275 plurium
979 2211 1138 2261 Germaniae
1161 2211 1281 2276 gentium
1303 2209 1380 2259 insti·

838 2281 905 2330 tutis
929 2296 961 2330 ac
979 2281 1113 2344 moribus,
1134 2295 1184 2330 nec
1207 2280 1241 2330 arl
1258 2280 1379 2330 hemines

839 2366 933 2400 caesos
952 2349 1051 2414 solum,
1076 2365 1169 2400 verum
1188 2349 1223 2399 ad
1251 2349 1381 2399 animalia

838 2435 944 2486 qnoque
962 2435 1056 2484 caesa,
1076 2421 1131 2471 alia
1143 2421 1284 2486 pertinuit.
1315 2419 1379 2470 Vid.

838 2490 1023 2540 doctissimum
1034 2491 1161 2541 Hessium
1175 2505 1263 2540 meum
1280 2489 1314 2539 ad
1328 2490 1380 2539 Ta-

837 2562 885 2610 citi
904 2560 922 2610 l.
941 2559 960 2610 l.
986 2560 1124 2626 Singulari
1142 2561 1235 2623 modo,
1254 2564 1380 2610 monente

837 2633 894 2694 Cn,
931 2629 1002 2680 hunc
1025 2646 1126 2681 morem
1155 2630 1304 2680 illustravit
1322 2631 1379 2680 Iac.

837 2701 950 2751 Grimm:
974 2700 1064 2751 Ueher
1087 2702 1147 2750 eine
1168 2702 1263 2766 eigene
1280 2699 1380 2766 altger-

835 2770 972 2820 manische
991 2770 1082 2820 Weise
1101 2769 1148 2820 der
1159 2770 1332 2832 hlordsillme‚
1351 2771 1379 2818 in

836 2841 981 2905 Savigny’s
992 2839 1150 2890 zeitschrift
1162 2840 1206 2889 fiir
1218 2839 1378 2906 geschichtl.

835 2909 1093 2962 Rechtswissensch.
1124 2910 1147 2961 l.
1171 2925 1229 2961 nro.
1250 2910 1323 2960 XIV.
1352 2926 1377 2975 p.

839 2981 890 3033 323
903 2996 962 3046 sqq.
982 2985 1009 3030 ct
1028 2980 1131 3031 Ill.nr.
1148 2979 1200 3030 III.
1222 2981 1381 3044 „Literatur

838 3049 885 3100 der
905 3049 1106 3100 altnordischen
1124 3050 1257 3100 Gesetne“
1282 3066 1309 3116 p.
1330 3050 1380 3101 llll

838 3135 895 3186 seq.
932 3119 1001 3170 Vide
1019 3121 1057 3169 sis
1075 3135 1146 3170 nunc
1160 3119 1274 3170 eundem
1291 3121 1381 3170 virum
1400 3167 1403 3174 ,

837 3191 946 3240 doctum
965 3190 992 3239 in
1010 3190 1091 3240 libro:
1110 3190 1249 3240 Deutsche
1266 3189 1380 3241 Rechts·

244 3259 368 3311 consulto
401 3260 584 3312 interiecerat.
636 3261 693 3312 Nec
727 3261 785 3311 eius
837 3259 945 3310 alterth.
960 3260 997 3310 11.
1015 3277 1042 3325 p.
1062 3260 1111 3310 661
1130 3275 1215 3326 seqq,
1236 3265 1264 3310 et
1282 3261 1328 3326 qui
1346 3260 1381 3310 de

243 3330 317 3380 bona
339 3329 479 3395 publicata
502 3335 580 3394 sunt,
602 3347 652 3382 uec
678 3331 785 3395 inipso
836 3330 949 3382 Graecis
967 3345 1073 3396 quoque
1092 3334 1209 3394 tractat,
1226 3333 1259 3382 Ε.
1279 3331 1308 3382 Β.
1326 3331 1380 3380 uo-

244 3400 339 3452 exsilio
362 3401 521 3466 propinquis
549 3402 687 3451 interiecti
708 3401 785 3451 licuit
836 3401 913 3450 bien:
943 3401 995 3450 Die
1022 3400 1169 3451 Blutrache
1195 3401 1265 3451 nach
1295 3400 1379 3450 altem

244 3471 363 3521 exsulem
395 3471 534 3536 perseqni3
563 3472 609 3536 qui
637 3471 684 3522 ubi
714 3486 784 3521 anuo
835 3469 1001 3522 Russischen
1030 3471 1132 3521 Rechts
1163 3475 1216 3522 etc.
1261 3469 1378 3534 (llorpat

243 3541 429 3606 praeterlapso
448 3557 509 3591 cnm
526 3539 579 3590 illis
591 3547 687 3604 pactus
702 3545 784 3604 esset,
836 3540 915 3605 1846)
936 3555 998 3604 pag.
1022 3541 1057 3591 46
1076 3557 1152 3606 seqq.
1189 3539 1283 3591 Adhuc
1305 3537 1377 3602 apud

243 3612 357 3676 patebat
374 3612 399 3662 ei
417 3610 519 3660 reditus
538 3610 566 3659 in
584 3612 713 3675 patriam,
737 3611 785 3660 uhi
835 3611 933 3660 Cretae
950 3609 1057 3660 insulae
1073 3611 1190 3673 incolas,
1209 3625 1276 3676 quos
1294 3607 1377 3671 Spla-

243 3686 334 3732 tamen
363 3681 417 3745 ipsi
444 3695 555 3730 necesse
585 3685 643 3731 erut
671 3681 783 3745 expiari.
833 3685 916 3746 plotas
935 3685 1035 3730 vocant
1058 3685 1085 3730 et
1107 3681 1142 3730 ad
1161 3680 1287 3744 antiquos
1304 3679 1378 3728 insu-

243 3751 323 3801 Conl.
352 3750 441 3801 Schol.
467 3750 502 3800 ad
524 3749 618 3815 Eurip.
643 3749 783 3815 Hippolyt.
835 3749 878 3801 lae
892 3749 1060 3801 habitatores
1080 3751 1213 3813 referunt,
1233 3748 1315 3800 talem
1332 3764 1378 3799 ne·

243 3819 287 3871 35.
323 3819 463 3870 Demosth.
483 3835 531 3884 pro
549 3821 646 3870 Neaer.
665 3836 692 3884 p.
708 3818 782 3883 1348,
835 3821 874 3870 eis
893 3819 1065 3871 ulciscendae
1082 3837 1181 3871 morem
1199 3821 1321 3872 obtinere
1339 3824 1379 3870 te-

242 3888 271 3938 iu
295 3889 426 3940 Aristocr.
451 3905 477 3953 p.
501 3888 561 3940 643.
582 3889 630 3942 631
662 3889 784 3954 aliosque
835 3895 924 3940 statur
946 3890 1076 3957 Pashley:
1101 3891 1215 3942 Travels
1238 3891 1266 3940 in
1284 3891 1377 3941 Creta.

243 3963 270 4008 et
295 3960 474 4009 recentiorum
499 3958 591 4022 locos,
617 3961 663 4025 qui
681 3960 732 4010 hac
750 3959 783 4010 de
833 3961 872 4011 ΙΙ.
891 3977 917 4026 p.
937 3961 989 4013 ule
1007 3977 1065 4026 seq.

242 4044 271 4077 ra
283 4035 405 4094 egerunt,
419 4028 490 4093 apud
501 4029 662 4080 Creuzerum
672 4032 699 4080 in
708 4031 783 4095 Sym·
870 4023 985 4080 ἐδέετο
1010 4027 1169 4096 κυρῆσαι]
1194 4031 1255 4080 Ηοο
1277 4029 1378 4079 retinui

241 4098 296 4149 hol.
325 4099 377 4150 111.
410 4115 436 4163 p.
465 4098 516 4149 356
542 4115 617 4165 seqq.
649 4100 691 4152 ed.
719 4104 781 4150 tert.
834 4099 1045 4166 suffragantibus
1068 4100 1223 4152 melioribus
1252 4099 1328 4150 libris
1351 4104 1379 4148 et

241 4167 361 4220 Voemel.
381 4167 781 4236 delleliaea(l‘raucol.18·22)
833 4177 947 4221 recentt.
983 4173 1059 4222 editt.
1109 4171 1164 4221 Alii
1198 4160 1377 4234 ίκικυρήσυι.

240 4254 268 4304 p.
288 4241 314 4288 4.
333 4243 391 4289 not.
412 4239 435 4292 1.
476 4241 527 4288 Est
555 4239 637 4304 digna
660 4241 781 4306 prolecto
832 4241 918 4291 Paulo
943 4248 1005 4306 post
1031 4241 1065 4291 de
1094 4239 1246 4322 particulae
1273 4254 1323 4290 usu
1349 4240 1379 4288 in

240 4325 297 4370 res,
316 4325 385 4374 quae
402 4308 453 4358 hoc
471 4310 641 4374 potissimum
657 4315 782 4376 respectu
832 4311 923 4360 verbis
940 4307 988 4360 aul
1016 4311 1088 4359 τοῖσι
1113 4309 1215 4372 nutura
1242 4309 1279 4358 cl.
1299 4309 1334 4359 ad
1352 4309 1378 4372 1,

240 4378 322 4429 ultius
341 4378 486 4445 indagetur
500 4395 516 4431 a
528 4379 594 4432 viris
612 4380 708 4431 doctis.
739 4381 781 4432 De
832 4379 865 4430 64
884 4379 944 4430 init.
