3020 4930
233 315 294 379 878
621 315 888 379 EXOURSUS
908 317 975 378 XII

227 490 405 557 testimoniis,
426 505 497 560 quae
519 489 643 542 exhibuit
654 490 747 559 Zoega
760 491 778 542 l.
795 489 813 542 l.
829 509 857 560 p.
872 496 940 559 381,
962 491 1087 561 adeoque
1106 489 1168 559 ipsa
1188 491 1365 560 pyramidum

227 575 398 644 inspectione
412 575 569 628 accuratius
584 581 612 627 et
623 573 783 644 diligentius
799 577 903 628 nostris
914 577 1085 646 temporibus
1101 577 1181 643 sacta,
1199 577 1267 628 satis
1282 587 1362 629 certo

226 659 318 729 colligi
336 667 443 730 potest,
469 661 625 730 pyramides
641 679 656 712 e
677 660 869 729 sepulcralium
888 667 1123 714 monumentorum
1138 677 1241 728 genere
1257 661 1359 731 luisse,

227 753 383 798 exstructas
402 745 464 798 illas
485 746 594 817 quidem
614 746 648 798 ad
671 761 766 814 regum
786 755 955 799 mortuorum
980 747 1115 799 cadavera
1133 747 1204 799 bene
1226 747 1360 800 medicata

226 831 393 901 recipienda.
423 830 486 884 Vid.
504 831 598 901 Zoega
613 832 631 884 l.
647 831 665 881 l.
688 831 820 884 Creoner.
835 831 956 898 Symbol.
969 832 1006 884 ll.
1022 850 1050 900 p.
1066 836 1118 891 113
1133 849 1211 901 seqq.
1236 839 1264 884 et
1282 839 1361 900 tert,

226 916 275 986 qui
295 917 452 988 pyramides
478 917 605 986 sepulcra
628 917 716 968 lusisse
741 917 893 969 arbitretur
913 933 1007 985 regum
1028 916 1277 986 Memphiticorum,
1308 916 1358 986 qui

226 1017 285 1056 curn
300 1003 442 1055 Thebanis
458 1003 585 1070 regibus,
605 998 696 1072 quiin
711 1003 849 1054 montibus
863 1017 950 1071 prope
968 1000 1079 1054 Thebas
1094 1001 1157 1054 sitis
1173 1007 1284 1071 cryptas
1300 1001 1359 1054 exi-

226 1087 280 1139 mie
297 1105 364 1140 curu
381 1089 469 1140 lactas
492 1087 545 1139 sibi
561 1085 765 1154 condidissent,
790 1087 856 1140 nihil
871 1087 969 1139 cedere
984 1085 1102 1154 vellent,
1127 1085 1220 1139 eodem
1241 1085 1357 1138 consilio

226 1179 332 1226 montes
349 1181 408 1224 arte
423 1175 527 1238 laotos,
549 1171 644 1242 quales
663 1172 818 1239 pyramides
832 1173 861 1224 in
876 1171 965 1224 media
978 1171 1025 1224 illa
1038 1171 1153 1242 planitie
1169 1189 1254 1241 prope
1272 1170 1358 1224 blem-

226 1257 292 1326 phin
308 1258 423 1311 eductae
437 1276 468 1311 re
485 1275 551 1310 vera
565 1263 631 1309 sunt
646 1255 801 1327 habendae,
817 1263 1007 1322 exstruerent,
1023 1257 1051 1309 in
1068 1257 1170 1327 quibus
1186 1255 1240 1325 ipsi
1255 1257 1359 1310 mortui

226 1359 258 1394 ac
273 1343 325 1396 rite
342 1343 444 1395 conditi
460 1349 669 1412 reponerentur.
701 1343 790 1411 Atque
805 1343 833 1394 in
850 1342 900 1394 hac
914 1342 1064 1410 sententia,
1083 1359 1139 1412 qua
1152 1357 1248 1409 regum
1263 1342 1359 1411 sepul-

227 1445 274 1480 cra
288 1429 376 1481 luisse
392 1427 545 1498 pyramides
560 1426 758 1494 existimamus,
781 1427 907 1498 plerique
922 1425 975 1479 riri
990 1427 1064 1479 docti
1079 1443 1154 1480 nunc
1168 1427 1358 1496 consentiunt,

227 1531 242 1565 e
258 1531 373 1583 quorum
389 1530 501 1566 numero
517 1513 643 1564 laudasse
658 1511 727 1563 satis
743 1512 797 1564 erit
807 1513 947 1565 Latronne
962 1512 1005 1563 in:
1023 1512 1140 1565 Journal
1152 1511 1179 1565 d.
1195 1511 1260 1564 Sur.
1276 1517 1357 1572 1811.

226 1617 253 1668 p.
266 1604 318 1659 449
330 1616 417 1668 seqq,
436 1597 604 1666 Guigniautr
619 1595 761 1664 Religions
770 1597 934 1666 d'Antiquit.
947 1597 969 1662 l,
981 1602 1007 1653 1.
1019 1614 1046 1665 p.
1055 1601 1202 1666 763ssqq,
1216 1597 1359 1649 Prokesch

226 1683 244 1734 l.
260 1683 278 1735 l.
295 1685 308 1734 I
324 1701 351 1752 p.
368 1687 411 1750 73,
433 1683 595 1751 Rusaegger
613 1680 631 1733 l.
648 1697 742 1750 supra,
765 1681 782 1733 1.
803 1682 829 1734 J.
848 1681 880 1733 A.
902 1681 1039 1750 Spencer:
1060 1681 1195 1734 Sketohsa
1210 1683 1243 1734 ol'
1253 1682 1358 1735 travels

226 1767 254 1819 in
274 1769 370 1838 Egypt
393 1769 524 1840 (hondon
545 1767 628 1832 1850)
649 1783 676 1835 p.
695 1770 729 1825 66
750 1785 810 1836 seq.
850 1765 1009 1829 Quaeram
1029 1765 1158 1834 itasint,
1180 1766 1288 1819 minime
1308 1784 1358 1819 au-

227 1853 320 1906 diendi
340 1861 407 1906 sunt
421 1853 455 1920 ii,
478 1853 525 1922 qui
541 1850 652 1920 losephi
671 1851 714 1902 vel
728 1851 899 1904 Pharaonum
915 1851 1013 1904 horrea
1026 1852 1184 1921 pyramides
1198 1852 1286 1904 fuisse
1305 1852 1359 1904 iam

226 1938 381 2008 antiquitus
396 1938 500 2007 opinati
515 1943 595 1989 sunt:
618 1936 652 1988 de
667 1935 768 2006 quibus
783 1937 856 1989 coni.
874 1953 944 2007 quae
958 1935 1051 1988 attulit
1064 1936 1198 1990 Creator.
1213 1936 1257 1988 in:
1278 1937 1359 2005 Sym-

226 2023 281 2075 bol.
298 2023 335 2076 ll.
353 2041 380 2092 p·
394 2027 444 2082 114
459 2023 501 2075 ed.
517 2027 582 2074 tert.
599 2020 705 2074 Melett.
723 2021 795 2074 critt.
812 2021 835 2073 l.
853 2039 880 2091 p.
896 2027 946 2088 96,
963 2027 1077 2091 atquae
1096 2021 1203 2075 monuit
1215 2021 1359 2075 Latronne

226 2107 245 2161 1.
262 2109 281 2161 1.
303 2126 330 2178 p.
346 2112 399 2167 394
411 2115 478 2176 not,
497 2108 545 2177 qui
559 2107 629 2159 hanc
644 2105 799 2176 opinionem
811 2107 899 2160 medio
916 2107 996 2159 etiam
1010 2123 1079 2160 aevo
1094 2113 1271 2178 propagatam
1288 2107 1358 2160 Ara-

226 2193 363 2263 bibusque
385 2193 566 2262 scriptoribus
588 2191 652 2244 inde
672 2197 807 2261 receptam
831 2192 940 2244 ludaeis
959 2190 1153 2245 Alexandrinis
1176 2191 1271 2244 deberi
1292 2209 1358 2245 con·

226 2279 331 2346 tendit3
351 2296 402 2331 nec
415 2278 502 2346 magis
514 2276 643 2330 audiendi
661 2285 744 2328 erunt
758 2276 788 2345 ii,
805 2277 854 2346 qui
869 2277 1023 2330 recentiore
1038 2283 1128 2330 aetate
1143 2275 1204 2330 aliis
1216 2293 1249 2329 ex
1263 2278 1359 2330 musis

226 2363 381 2434 pyramides
403 2371 510 2416 erectas
533 2381 595 2415 esse
615 2367 762 2430 putarunt,
788 2377 848 2414 cum
868 2361 913 2414 rel
933 2361 991 2414 Soli
1014 2361 1111 2416 aliisve
1129 2361 1287 2415 numinibus
1310 2379 1358 2414 saa

227 2455 402 2502 consecratas
418 2447 529 2514 vellent,
546 2446 589 2498 vel
600 2445 633 2497 ad
645 2445 697 2498 alia
707 2445 840 2515 quaedam
853 2463 932 2500 sacra
946 2445 1071 2517 adeoque
1085 2463 1185 2500 aroana
1198 2447 1360 2515 peragenda

226 2533 352 2586 conditos
372 2534 497 2586 dicerent
509 2530 554 2599 l),
580 2530 623 2583 rel
640 2531 673 2582 ad
688 2531 781 2583 sidera
798 2531 914 2601 propius
933 2531 1140 2602 contemplanda
1160 2537 1274 2600 atquae
1290 2539 1360 2584 aunt

226 2619 279 2671 alia
291 2619 372 2671 huius
387 2617 508 2686 generis,
525 2618 558 2669 de
574 2615 675 2686 quibus
693 2615 747 2668 rid.
766 2615 841 2668 Beck
857 2616 876 2668 l.
893 2615 911 2666 l.
927 2634 954 2686 p.
971 2620 1034 2676 708.
1067 2617 1131 2681 Quo
1146 2616 1240 2670 eodem
1254 2617 1357 2684 resero,

226 2704 300 2774 quod
326 2720 414 2773 nuper
435 2701 550 2772 protulit
574 2701 782 2754 Forchhammer
802 2700 829 2752 in
853 2701 1077 2756 commentatione
1101 2702 1135 2754 de
1157 2700 1357 2771 pyramidibus,

226 2806 297 2860 quae
317 2788 422 2840 inserta
444 2787 545 2856 legitur
559 2786 647 2838 lndlcl
668 2785 742 2838 lectt.
765 2785 1203 2848 universit.Kilieus.183'l-38
1222 2785 1284 2838 coll.
1300 2785 1358 2838 All·

226 2875 348 2943 gemeiue
361 2873 490 2942 zeitung.
507 2877 585 2932 1843.
602 2889 645 2924 nr.
661 2875 723 2930 279.
739 2869 846 2940 Beilsg.
862 2876 889 2932 6.
906 2871 1037 2940 Octobr.,
1062 2873 1109 2943 qui
1132 2871 1289 2942 pyramides
1310 2889 1359 2924 ex-

225 2965 346 3012 structas
370 2957 456 3010 rideri
477 2956 634 3024 contendit,
656 2963 688 3007 ut
708 2972 805 3025 aquam
825 2974 919 3026 puram
942 2956 1038 3010 sNilo
1058 2955 1231 3028 personales
1246 2955 1358 3009 subter-

226 3061 325 3097 raneos
348 3043 377 3095 in
399 3059 519 3096 cameras
540 3041 688 3095 interiores
710 3041 851 3096 deductam
873 3059 960 3113 seque
982 3059 1107 3095 sorores
1128 3040 1202 3095 coslo
1224 3041 1357 3110 delapsos

226 3129 384 3198 exciperent
397 3145 429 3180 ac
440 3133 585 3181 servarent
598 3127 722 3196 adeoque
739 3143 870 3196 aquarum
886 3134 981 3180 essent
992 3126 1173 3196 receptacula,
1188 3141 1258 3196 quae
1271 3143 1358 3197 squa-

225 3230 285 3266 rum
304 3212 429 3282 inopias,
455 3229 510 3283 qua
531 3212 626 3282 utique
642 3209 749 3263 laborat
763 3211 923 3281 Aegyptus,
948 3219 1154 3264 succurrerent.
1192 3210 1273 3262 Aliud
1288 3210 1358 3280 quid

226 3297 269 3360 val
287 3297 373 3364 magis
389 3297 484 3350 mirum
502 3295 669 3366 excogitavit
686 3295 778 3348 Fiolin
795 3297 828 3348 de
842 3296 980 3365 Persigny
1002 3297 1029 3349 in
1047 3296 1132 3363 libro,
1156 3295 1204 3365 qui
1225 3295 1357 3348 inscribi-

226 3389 286 3435 tur:
303 3381 345 3434 De
361 3380 388 3434 la
403 3381 569 3434 destination
585 3379 662 3433 etde
677 3379 787 3434 t’utilite
801 3389 977 3451 permanente
992 3381 1026 3434 de
1041 3381 1200 3449 Pyramides
1215 3379 1358 3449 d’Egypte

225 3473 254 3520 at
264 3465 298 3520 ds
310 3467 338 3519 N
340 3467 402 3520 ubis
414 3473 509 3519 contre
525 3465 564 3518 les
576 3463 729 3534 irruptione
743 3465 943 3520 sablonneuses
958 3466 994 3518 du
1011 3466 1114 3520 desert.
1129 3461 1357 3531 Paris1845**).

225 3551 334 3604 Etenim
347 3552 395 3604 hic·
402 3551 557 3622 pyramides
572 3569 603 3604 so
619 3549 734 3602 consilio
746 3551 903 3604 aedificatas
918 3569 981 3605 ease
997 3551 1135 3622 opinatur,
1153 3556 1183 3602 ut
1199 3565 1309 3602 arenam
1322 3567 1357 3601 ex

225 3635 367 3690 interioris
379 3637 484 3705 Libyae
499 3635 616 3690 desertis
632 3640 776 3688 ventorum
791 3635 819 3688 vi
836 3635 979 3689 conflatam
995 3636 1173 3706 prohiberent
1186 3650 1202 3685 a
1216 3633 1359 3686 fertilibus

225 3719 344 3790 Aegypti
365 3721 525 3790 regionibus
545 3735 647 3790 easque
669 3717 745 3787 ipsas
762 3720 812 3772 hoc
828 3721 906 3774 modo
921 3727 996 3774 tutas
1015 3739 1046 3774 ec
1061 3735 1175 3774 securas
1196 3717 1359 3772 redderent.

226 3803 279 3857 eui
295 3806 419 3875 quamvis
435 3805 619 3875 adstipulatus
637 3802 675 3855 sit
691 3803 727 3855 G.
743 3805 776 3856 F.
794 3805 939 3860 Guenther
953 3806 999 3858 in:
1015 3803 1208 3876 Ephsmeridd.
1225 3803 1357 3856 lenense.

226 3891 304 3950 1846.
312 3897 422 3951 nulll-
432 3908 459 3959 1)·
469 3895 530 3956 456,
544 3889 639 3942 merito
656 3886 800 3941 oblocutus
816 3895 860 3943 est
873 3890 899 3944 J.
908 3891 934 3944 J.
942 3891 1059 3961 Ampere
1068 3891 1111 3944 ina
1127 3887 1223 3942 {sevus
1236 3887 1263 3940 d.
1281 3887 1358 3940 deux

293 4073 320 4140 *1
346 4077 407 4140 Sic,
431 4076 473 4128 uti
487 4073 538 4126 hoo
556 4077 634 4134 utar,
660 4067 793 4121 Gladisch
817 4072 845 4121 in
869 4079 1086 4139 programmate,
1111 4073 1183 4138 quod
1201 4071 1305 4137 prodiit
1326 4071 1357 4122 in

224 4143 290 4196 urhe
300 4146 466 4197 Krotosohiu
479 4161 550 4196 auno
563 4143 643 4198 luat:
664 4139 737 4202 „Die
755 4141 946 4195 eutschleierte
958 4143 1021 4205 Isis,
1040 4142 1233 4194 insbesondere
1252 4141 1295 4191 die
1304 4141 1356 4191 Be·

223 4214 345 4279 deutung
363 4216 410 4266 der
428 4215 575 4266 Obelialren
593 4231 619 4264 u.
638 4209 832 4274 Pyrumideu“,
853 4211 986 4264 obeliscos
1005 4217 1033 4263 et
1051 4211 1208 4279 pyramides
1226 4209 1354 4276 symbola

223 4297 283 4335 osse
300 4283 360 4335 vult
378 4284 500 4347 mysterii
516 4280 634 4336 Osiriaci
651 4278 684 4329 de
703 4281 822 4330 omnium
839 4297 929 4332 rerum
948 4282 1052 4346 origine
1071 4297 1104 4332 ac
1123 4285 1232 4332 natura.
1270 4278 1353 4328 Conl.

222 4355 307 4404 etiem
324 4353 434 4403 Noaclr:
458 4351 554 4404 Jahrb.
573 4353 593 4403 1.
615 4347 748 4413 speculst.
767 4349 924 4416 Phuosoph.
948 4351 1021 4402 1847.
1042 4369 1067 4416 p.
1088 4351 1137 4402 681
1157 4351 1184 4400 ff.
1204 4347 1255 4399 903
1274 4365 1353 4412 seqq.

289 4419 333 4485 ”l
353 4419 430 4471 uonf.
450 4421 576 4488 Literary
595 4421 711 4472 Gazette
733 4417 808 4469 1850.
833 4419 873 4471 12.
892 4419 989 4470 Octob.
1008 4435 1048 4472 ur.
1071 4419 1145 4473 1780.
1165 4435 1192 4485 p.
1207 4417 1254 4470 lbi
1271 4432 1353 4483 seqq.
