3088 4922
214 274 275 336 504
650 263 923 328 HERODOTI

214 455 293 540 δοες
307 447 345 517 dl
360 444 497 517 πάντων
511 451 547 515 r'e
563 445 619 514 καὶ
635 443 780 514 natiue.
814 443 953 530 τρέφειν
969 435 1048 519 τοὺς
1061 439 1177 518 τοκέας
1194 452 1280 507 τοῖσι
1293 435 1357 526 μὲν

215 553 310 624 παισὶ
331 547 473 640 οὐδεμία
499 545 630 637 ἀνάγκη
652 546 697 638 μὴ
725 545 976 635 βουλομένοισι,
1003 547 1078 633 τῇσι
1101 542 1139 612 di
1165 539 1355 629 θυγατράσι

169 668 209 730 36
218 663 307 730 πᾶσα
322 653 452 744 ἀνάγκη
467 656 523 724 καὶ
537 651 582 744 μὴ
596 652 831 742 βουλομένῃσι.
870 653 916 718 Oi
929 649 1015 738 ἱρέες
1029 651 1123 717 θεῶν
1138 651 1180 738 τῇ
1193 646 1256 735 μὲν
1271 643 1355 735 ἄλλῃ

216 875 259 914 res
283 857 539 910 administrantibus
561 856 590 905 iu
614 854 762 920 Aegyptio·
813 855 947 918 quotquot
962 854 1125 916 supersunt,
1143 849 1358 916 hominesplane

216 947 275 982 rum
291 929 393 990 secris3
408 927 481 980 conl.
494 926 577 977 etiam
590 941 644 977 sec.
658 923 761 976 senil.
814 923 886 972 tonsi
905 921 1079 985 exhibentur,
1103 922 1156 971 nisi
1174 922 1220 987 qui
1238 925 1302 970 sunt
1319 920 1359 970 in-

216 1019 243 1069 p.
263 1001 323 1052 375.
813 991 942 1043 seriorum
954 991 1090 1052 ordinum,
1110 996 1181 1042 teste
1192 991 1356 1041 Willrinson.

249 1061 365 1134 τρέφειν
394 1059 462 1124 τοὺς
488 1061 590 1123 τοκέας
616 1080 642 1113 ιι.
670 1079 693 1113 r.
724 1059 760 1128 i.]
813 1064 942 1114 Msuners
966 1067 1020 1114 eto.
1043 1062 1096 1112 III.
1118 1077 1145 1127 p.
1164 1060 1216 1112 357
1235 1059 1298 1111 coll.
1317 1061 1355 1111 11.

216 1140 332 1206 Scripsit
350 1138 419 1189 bueo
436 1137 537 1188 Noster
558 1134 707 1202 respiciens
727 1131 762 1182 ad
813 1149 840 1198 p.
855 1133 914 1183 127.
928 1133 952 1182 1.
968 1148 994 1197 p.
1010 1133 1069 1183 125.
1092 1130 1224 1182 Rosellini
1236 1131 1356 1182 Monum.

216 1212 351 1273 Graecos,
379 1224 412 1259 sc
434 1207 606 1272 potissimum
628 1205 663 1255 sd
681 1202 762 1253 Atho·
814 1201 889 1253 civil.
903 1203 940 1253 ΙΙ.
952 1219 979 1268 p.
992 1200 1044 1252 394
1058 1217 1134 1267 seqq.
1171 1200 1213 1251 Ad
1231 1200 1357 1252 bossero

216 1282 339 1342 nlenses,
374 1279 447 1344 apud
471 1292 538 1343 quos
567 1275 676 1327 Solonis
702 1273 763 1338 lege
814 1273 987 1338 pertinebunt
996 1271 1122 1322 custodes
1136 1270 1185 1335 illi,
1196 1286 1309 1336 quorum
1319 1271 1357 1320 in-

216 1351 373 1402 institutum
391 1353 465 1410 erut,
490 1351 522 1397 ut
538 1350 667 1412 parentes
684 1357 762 1394 senes
813 1342 978 1393 christorum
989 1357 1074 1408 genes
1085 1339 1264 1392 contumeliae
1274 1355 1358 1392 causa

216 1420 261 1471 vel
283 1419 403 1470 infirmos
427 1417 532 1468 alerent
555 1414 618 1476 filii;
647 1405 696 1464 ἐάν
720 1427 762 1470 τις
813 1413 916 1462 rasisse
942 1413 1041 1462 dicitur
1064 1411 1179 1462 callidus
1210 1411 1254 1462 fur
1278 1427 1357 1476 opum

215 1482 253 1556 μὴ
265 1481 357 1554 τρέφῃ
367 1481 435 1545 τοὺς
450 1477 566 1552 γονέας,
581 1475 680 1549 ἄτιμος
693 1477 761 1532 ἔστα
813 1482 992 1548 Rampsiniti,
1013 1482 1085 1531 iufra
1103 1482 1141 1544 11,
1156 1481 1214 1532 121.
1226 1481 1251 1544 ᾖ.
1264 1483 1290 1531 l.
1315 1482 1358 1532 De

217 1560 312 1612 scribit
329 1559 447 1623 Diogen.
466 1557 559 1606 Laert.
577 1556 600 1618 I,
620 1557 664 1606 55.
701 1551 763 1604 Alia
813 1553 1009 1618 Aegyptiorum
1024 1567 1098 1602 more
1116 1552 1239 1616 disputat
1251 1567 1357 1616 quoque

216 1630 273 1682 vid.
283 1627 356 1694 apud
365 1628 566 1678 Westermsnn.
578 1624 612 1675 ad
621 1622 762 1676 Plutarch.

216 1699 309 1753 Solon.
326 1699 369 1750 22.
388 1714 416 1763 p.
437 1698 481 1749 55.

384 1871 450 1922 Cae.
470 1867 595 1920 XXXVI.

217 1969 674 2126 οῑῖἶὲὲὲιῗέλῗοῖηξῖἶεῖῗῗῖ]
685 1971 762 2104 dell

215 2114 418 2166 coloratiores
440 2105 624 2176 dvdpmsosos
643 2111 762 2162 Graecos

216 2185 388 2252 potissimum
398 2184 507 2248 respici,
519 2181 630 2232 dubium
643 2180 690 2229 vix
701 2194 762 2230 esse

217 2255 327 2321 poterit.
365 2253 424 2304 Iam
446 2267 516 2317 quae
541 2251 593 2302 hoc
615 2250 675 2300 loco
693 2249 762 2300 refe-

217 2329 328 2388 runtur,
351 2323 385 2372 iis
409 2338 463 2372 nou
486 2327 541 2372 tam
562 2321 697 2370 diversam
720 2334 763 2369 sa-

219 2394 358 2446 cerdotum
388 2390 613 2443 consuetudinem
639 2388 762 2440 Herodo-

217 2470 275 2516 tum
302 2461 442 2514 declarare
464 2459 584 2511 voluisse
609 2459 761 2510 Larcherus

218 2534 371 2594 existimat,
399 2530 447 2582 sed
471 2545 523 2596 quo
548 2530 637 2595 gentis
656 2531 763 2580 univer-

220 2620 268 2655 sae
289 2601 514 2654 consuetudinem
537 2615 553 2649 a
579 2599 690 2665 reliquis
709 2599 762 2650 dii-

217 2676 289 2725 ferre
301 2675 479 2733 monstraret;
498 2687 514 2720 a
527 2685 581 2736 qus
594 2669 687 2735 populi
700 2686 763 2720 con-

217 2744 362 2795 suetudine
375 2758 410 2792 na
423 2741 579 2792 sacerdotes
597 2739 704 2806 quidem
717 2742 763 2792 ab·

212 2829 294 2876 esse,
325 2813 353 2862 in
386 2812 462 2862 hisce
494 2826 580 2876 seque
611 2809 715 2861 alienos
745 2828 763 2862 a

217 2883 383 2949 reliquarum
410 2881 532 2948 gentium
565 2881 762 2932 sacerdotibus.

217 2954 286 3004 Mihi
301 2953 373 3004 bunc
385 2951 475 3003 locum
488 2951 637 3016 perlegenti
649 2952 678 3000 in
690 2967 762 3002 meu-

219 3030 272 3075 tem
287 3024 434 3074 veniebant
446 3023 608 3073 Iudaeorum
625 3021 761 3085 instituta,

219 3110 252 3144 ex
275 3095 400 3159 Aegypto
425 3093 520 3158 opinor
543 3091 703 3157 repetenda,
733 3093 761 3142 in

217 3163 334 3214 Levitis.
360 3163 440 3222 XXI,
467 3163 514 3213 ubi
539 3161 616 3226 plura
640 3161 762 3225 disputat

218 3233 346 3298 Spencer.
360 3232 395 3282 de
406 3233 466 3283 ritt.
478 3232 665 3282 Hebraeorum
677 3232 715 3294 ll,
728 3232 762 3283 28

219 3306 287 3354 sect.
307 3305 333 3352 ⁸2.
352 3300 379 3353 3.
397 3316 461 3367 pug.
474 3302 525 3354 585
539 3301 613 3366 seqq.
639 3302 761 3366 Namque

219 3373 326 3422 Levitis
344 3372 384 3422 sio
396 3372 592 3436 praescribitur
602 3372 691 3435 (XIX,
702 3371 761 3436 til:

221 3457 275 3505 „ue
292 3441 478 3493 circumcidite
491 3441 560 3506 pilos
578 3441 701 3491 adlatus
719 3457 762 3492 ca-

220 3513 284 3577 pitis
302 3511 401 3562 vestris
425 3526 513 3577 neque
535 3511 698 3576 corrumpite
720 3510 761 3562 la-

219 3586 263 3632 tus
280 3583 383 3633 barbee
400 3582 484 3632 tuee“
503 3585 530 3632 et
547 3579 632 3645 (XXI,
647 3579 689 3646 5):
709 3598 762 3644 „ne

219 3651 333 3718 capillos
357 3650 496 3702 evellendo
520 3651 659 3703 culsitium
678 3652 762 3717 capiti

217 3737 267 3773 suo
285 3722 435 3773 iuducuuto
458 3736 545 3786 neque
566 3721 638 3771 lutus
661 3721 761 3772 barbae

217 3807 284 3842 suae
297 3791 445 3843 raduuto.“
464 3791 504 3841 Ac
517 3791 626 3842 videtur
638 3791 761 3842 consulto

217 3861 284 3911 haec
297 3861 406 3926 aliaque
416 3863 475 3912 eius
487 3861 594 3927 generis
608 3861 761 3912 instituisse

217 3930 372 3997 legislator,
396 3947 449 3997 quo
466 3930 586 3983 Iebovae
605 3931 760 3982 sacerdotes

218 4015 300 4066 quam
322 4000 438 4050 maxime
461 4000 599 4052 differrent
622 4001 656 4051 ab
673 4002 761 4068 Aegy·

217 4069 336 4134 ptiorum
357 4069 556 4122 sacerdotibus.
597 4069 760 4122 Graecorum

218 4137 375 4188 sacerdotes
391 4155 496 4190 comam
508 4140 610 4192 aluisse
624 4139 702 4204 plura
715 4142 761 4191 do-

218 4211 281 4258 cent
295 4207 461 4271 testimonia,
481 4207 593 4261 allatas
606 4210 636 4260 G.
650 4211 682 4261 F.
693 4211 760 4261 Her-

217 4291 316 4327 mauuo
334 4277 352 4330 l.
374 4278 392 4328 l.
406 4277 432 4340 ᾗ.
446 4278 490 4330 35.
507 4284 566 4331 not.
587 4279 629 4330 18.
665 4279 698 4329 ln
709 4281 760 4331 Ae-

216 4346 370 4414 gyptiorum
395 4347 557 4414 anaglyphis
581 4365 613 4400 ac
636 4350 759 4414 picturis,

814 1623 909 1674 Orsua.
929 1624 957 1672 in
976 1623 1139 1672 Commentt.
1156 1621 1276 1671 Herodd.
1294 1637 1356 1687 pag.

813 1692 878 1756 363,
891 1693 938 1743 ubi
950 1692 983 1743 de
993 1691 1150 1756 corporibus
1163 1691 1356 1756 Aegyptiorum

812 1763 964 1825 medicatis,
983 1762 1011 1812 iu
1030 1761 1129 1826 quibus
1147 1759 1275 1826 capillum
1291 1763 1357 1812 resi-

813 1834 895 1884 duum
913 1837 1032 1900 arguunt
1050 1832 1208 1882 mumiarum
1228 1831 1358 1882 vetustis-

813 1905 940 1954 simarum
956 1903 1050 1954 cranie
1068 1901 1198 1966 ecryptis
1210 1901 1357 1953 Thebsiois

814 1979 900 2025 eruta.
946 1973 1045 2038 „Lege
1075 1971 1140 2020 mihi
1169 1969 1245 2036 (sunt
1274 1973 1359 2022 verba

814 2044 941 2095 Oreuzeri
958 2043 978 2094 l.
996 2043 1015 2092 l.
1035 2058 1062 2108 p.
1082 2041 1159 2106 364),
1179 2057 1249 2107 quse
1267 2043 1358 2107 posuit

814 2114 956 2164 Iomurdns
981 2111 1127 2177 (Descript.
1158 2111 1191 2162 de
1215 2111 1287 2176 l'Ilg.
1312 2129 1358 2162 au-

814 2185 882 2249 tiqq.
902 2183 941 2234 11.
965 2199 991 2248 p.
1009 2181 1082 2247 344).
1125 2181 1178 2244 Qui
1198 2182 1305 2247 quidem
1330 2183 1358 2232 iu

813 2254 920 2304 mumiis
939 2269 993 2303 uon
1012 2252 1098 2302 solum
1118 2251 1209 2317 capilli
1228 2251 1357 2318 reliquias

813 2325 926 2388 reperit,
947 2322 995 2373 sed
1014 2322 1198 2373 cincinnatum
1215 2321 1294 2386 plano
1313 2338 1356 2372 ca·

813 2393 906 2459 pillum
924 2395 1012 2459 ipsum
1032 2397 1149 2456 apteque
1167 2392 1353 2456 compositum.

813 2466 852 2515 Ac
866 2464 1030 2529 suffragatur
1046 2459 1105 2512 eius
1119 2461 1355 2511 observationibus

814 2535 900 2598 ipsius
924 2533 992 2584 civis
1022 2547 1055 2582 ac
1081 2529 1181 2582 sodalis
1204 2531 1354 2595 Rouyerias

813 2603 892 2670 (ibid.
916 2602 1000 2654 Xbme
1022 2601 1127 2655 livrais.
1152 2617 1179 2666 p.
1198 2601 1250 2653 2⁰8
1271 2601 1355 2652 notio.

814 2689 860 2724 sur
884 2673 925 2724 les
946 2671 1184 2738 embaumemeus).
1227 2669 1277 2722 Ille
1292 2687 1357 2723 vero

815 2759 874 2795 eam
893 2759 948 2794 rem
961 2743 1028 2793 dicit
1046 2743 1128 2792 etiam
1142 2740 1295 2792 confirmari
1309 2741 1358 2792 ali·

815 2819 881 2880 quot
892 2813 1086 2880 Aegyptiorum
1097 2811 1200 2877 lignus,
1214 2827 1280 2877 quas
1294 2828 1358 2862 ana-

815 2884 916 2951 glypha
934 2899 1016 2949 opera
1030 2882 1168 2932 Thebaica
1181 2882 1359 2948 pIcturasque

814 2955 969 3006 exhibeant.
1005 2953 1085 3004 Unde
1108 2951 1179 3002 idom
1200 2955 1242 3002 vir
1261 2951 1356 3004 doctus

813 3025 936 3076 coniicit:
964 3039 1034 3090 quae
1055 3021 1212 3073 Herodotus
1237 3020 1292 3087 (Il,
1311 3022 1356 3086 eo)

812 3095 905 3145 tradat
928 3093 960 3144 de
983 3094 1089 3144 abrasis
1113 3093 1249 3158 capitibus
1274 3092 1357 3144 homi-

813 3181 876 3215 ntnn
895 3165 1104 3230 Aegyptiorum,
1127 3177 1161 3212 ea
1182 3177 1238 3213 non
1260 3177 1358 3228 usque-

813 3249 921 3300 quaque
950 3249 1037 3298 nsque
1066 3234 1094 3283 in
1119 3232 1244 3283 omnibns
1268 3232 1356 3283 locum

812 3305 952 3356 habuisse.
970 3303 1076 3355 Bsrbae
1087 3301 1269 3368 utplurimum
1282 3301 1357 3353 nulla

813 3389 968 3440 comparere
985 3373 1117 3440 vestigia;
1138 3373 1219 3424 etiam
1238 3372 1357 3438 reliquas

813 3446 934 3510 corporis
952 3448 1043 3510 partes
1063 3443 1121 3494 sine
1139 3442 1202 3508 pilis
1222 3457 1290 3506 esse,
1310 3443 1357 3508 qui

813 3515 921 3580 quidem
939 3514 1144 3565 medicamentis
1163 3511 1293 3562 adhibitis
1312 3513 1358 3562 ab·

813 3585 895 3636 sumti
918 3585 1072 3636 videantur.
1108 3584 1169 3634 Hoc
1192 3583 1253 3647 ipso
1272 3581 1357 3632 multa

813 3655 936 3721 expediri
958 3657 1086 3720 possunt,
1116 3667 1186 3717 quae
1212 3651 1245 3702 de
1272 3652 1357 3702 barba

812 3725 971 3776 mumisrum
991 3723 1164 3788 disputarunt
1182 3721 1235 3771 viri
1253 3721 1356 3772 docti.“

813 3795 889 3847 Idem
904 3794 1053 3846 Oreuaerus
1069 3791 1087 3842 l.
1102 3791 1176 3842 laud.
1189 3807 1217 3857 p.
1229 3790 1280 3844 363
1297 3796 1354 3842 not.

813 3867 865 3918 372
887 3869 1009 3916 nostrum
1034 3862 1124 3913 locum
1150 3861 1266 3912 afferens
1290 3845 1357 3911 hsec

814 3936 970 4000 adscripsit:
997 3933 1105 3996 „Quem
1125 3932 1215 3982 locum
1237 3946 1292 3982 nou
1310 3933 1357 3981 nd-

812 4005 896 4069 glexit
918 4003 950 4054 de
969 4002 1092 4054 Schmidt
1115 4002 1149 4052 de
1167 4001 1356 4052 sacerdotibus

811 4076 939 4139 Aegyptt.
973 4073 1065 4123 EtIam
1085 4071 1180 4138 attigit
1198 4071 1312 4121 Becher.
1327 4071 1355 4119 in

811 4145 950 4208 Augustae
968 4142 991 4194 I.
1010 4157 1037 4207 p.
1057 4144 1083 4193 7.
1120 4143 1160 4192 Ac
1179 4140 1259 4204 plano
1282 4139 1355 4190 tonsi

809 4213 936 4264 videntur
954 4211 1110 4262 sacerdotes
1125 4210 1238 4261 exhibiti
1253 4225 1312 4260 esse
1327 4209 1355 4258 in

810 4281 970 4348 anaglyphis
990 4281 1149 4340 Thebaiois;
1168 4279 1222 4329 vid.
1237 4279 1289 4343 Op.
1300 4280 1353 4328 De·

809 4353 902 4418 script.
916 4352 950 4402 ds
960 4351 1033 4417 l'Eg.
1048 4351 1152 4415 antiqq.
1165 4349 1221 4402 vol.
1235 4349 1274 4400 II.
1286 4363 1349 4414 pag.
