3008 4924
243 259 304 323 816
672 257 942 320 HERODOTI

242 433 298 501 καὶ
312 437 417 519 οἰκίης
430 427 492 500 ούκ
507 433 704 520 ἐπιφανέος·
724 430 806 522 μετὰ
821 431 858 502 δὲ
872 438 975 520 σοφίη
989 427 1113 511 αύτούς
1126 427 1298 520 όἈμασις,
1314 427 1376 500 οὐκ

234 533 463 624 ,ἀγνωμοσύνη
478 533 717 624 προσηγάγετο.
745 527 788 624 ὴν
807 541 842 606 οἱ
859 533 944 604 άλλα
964 561 1000 603 τε
1014 531 1128 621 άγαθά
1142 542 1263 625 μυρία,
1284 537 1322 604 έν
1338 535 1375 603 dl

240 641 296 707 καὶ
311 635 521 726 ποδανιπτὴρ
535 639 684 728 χρύσεος,
698 641 735 707 έν
747 644 794 732 τῷ
807 636 908 718 αὐτός
919 665 955 706 τε
969 633 1130 725 όἌμασις
1144 641 1200 708 καὶ
1210 643 1246 708 οἱ
1257 643 1375 708 δαιτυ-

240 741 339 832 μόνες
352 746 387 810 ολ
397 739 519 820 πάντες
532 740 610 822 τούς
624 741 729 822 πόδας
739 741 892 812 ἑκάστοτε
907 743 1148 824 έναπενιζέατο.
1164 747 1284 812 τοῦτον
1298 737 1374 810 κατ’

241 837 290 916 τόν
312 844 418 928 κόψας
446 841 578 934 άγαλμα
603 850 760 933 δαίμονος
787 848 820 927 έξ
847 843 953 914 αὐτοῦ
974 843 1152 932 έποιὴσατο
1180 847 1236 914 καὶ
1256 849 1377 934 ἵδρυσε

240 953 298 1038 τὴς
315 948 445 1033 πόλιος,
468 944 550 1018 ὅκου
564 939 607 1036 ὴν
620 947 902 1038 ἐπιτηδεότατον·
924 951 959 1017 ot
970 947 1008 1016 δὲ
1024 947 1201 1035 Αἰγύπτιοι
1221 951 1375 1036 φοιτέον-

240 1080 294 1133 τες
307 1050 389 1142 πρὸς
402 1048 560 1140 τῶγαλμα
574 1053 729 1139 ἐσέβοντο
750 1050 912 1141 μεγάλως.
944 1047 1067 1138 μαθων
1088 1051 1126 1119 δὲ
1146 1045 1317 1140 ὁἌμασις
1338 1048 1376 1119 τό

241 1160 278 1225 ἐκ
299 1161 368 1225 των
390 1151 501 1223 άστων
522 1154 740 1244 ποιεύμενον,
764 1157 971 1242 συγκαλέσας
985 1159 1032 1222 At
1030 1161 1135 1240 γνπτέ
1135 1181 1210 1240 ους,
1234 1157 1376 1242 ἐξέφηνε

240 1328 294 1374 tnr.
330 1321 418 1372 Aliter
435 1326 525 1371 tamen
543 1320 647 1372 iudicat
665 1323 782 1373 Wilkin-

240 1408 300 1444 sou.
318 1392 446 1442 Manners
470 1397 521 1442 etc.
541 1391 564 1441 1.
589 1407 616 1456 p.
636 1391 687 1443 179
712 1408 781 1458 seq,

240 1462 287 1526 qui
304 1462 415 1511 Amasin
433 1461 519 1510 virum
537 1460 671 1526 insignem
688 1477 721 1512 ac
734 1478 782 1513 no·

239 1531 337 1593 bilem,
357 1547 371 1580 e
389 1531 504 1580 militum
522 1529 616 1580 ordine
627 1536 722 1581 natum
734 1531 781 1581 hs-

240 1601 287 1651 bst
302 1600 384 1666 idque
406 1599 558 1650 confirmari
582 1600 622 1649 ait
644 1601 712 1665 ipsis
731 1593 781 1651 Ad-

240 1670 395 1736 gyptiorum
417 1669 597 1720 monumentis
622 1673 704 1736 atque
725 1687 781 1720 ma-

239 1741 365 1791 trimonio
383 1755 444 1790 cum
460 1739 536 1805 regia
552 1737 609 1788 filia
626 1739 703 1790 inito.
728 1741 782 1790 He·

239 1809 368 1860 rodoto
361 1811 522 1875 imposuisse
544 1807 603 1858 vult
625 1809 781 1859 sacerdotes

239 1879 389 1946 Aegyptios
418 1879 486 1928 talis
508 1877 631 1929 consulto
655 1893 782 1928 enarren-

240 1955 291 2000 tes.
332 1948 385 2000 Sed
411 1948 444 1998 de
466 1949 544 1998 his
536 1963 593 2012 ipse
616 1947 717 1998 viderit
739 1949 782 1998 vir

240 2019 350 2069 doctus.
379 2018 444 2068 mihi
465 2019 560 2084 utique
582 2018 672 2082 potior
696 2019 781 2068 Hero·

240 2087 298 2138 doti
327 2088 493 2150 auctoritas,
529 2085 641 2137 aliorum
675 2103 781 2153 quoque

240 2157 400 2222 scriptorum
412 2157 576 2207 testimoniis
594 2157 719 2220 probata.
739 2158 782 2208 Ds

240 2227 368 2277 Amaside
392 2227 520 2278 disseruit
546 2240 652 2292 quoque
674 2227 706 2276 P.
727 2242 781 2276 van

240 2297 528 2362 Limburg-Brouwer
563 2295 591 2344 in
623 2295 781 2346 Gedachten

240 2381 305 2415 over
323 2365 369 2416 het
380 2365 506 2418 Verband
519 2363 632 2413 tuschen
651 2365 684 2414 de
701 2365 780 2430 gods-

241 2435 372 2499 dienstige
405 2431 573 2496 enredelijke
607 2433 780 2500 Beschnving

241 2504 288 2553 der
309 2505 502 2568 Egyptenaren
528 2501 779 2569 (Amsterd.1828)

832 1323 947 1372 animos.
989 1323 1098 1387 Itaque,
1123 1321 1191 1372 bene
1213 1321 1378 1372 admonente

832 1391 1027 1471 wesselingio,
1055 1391 1140 1441 verba
1166 1382 1219 1440 ονίι
1247 1381 1379 1471 ἄγνωμο-

833 1453 905 1527 σύνη
917 1461 987 1510 idern
999 1461 1056 1510 lere
1069 1465 1169 1510 sonant
1178 1465 1261 1526 atque
1275 1451 1338 1508 ύνο
1347 1451 1379 1524 η’-

831 1545 895 1586 vos
919 1536 947 1580 et
970 1530 1164 1594 praecedentia
1186 1531 1272 1595 magis
1292 1529 1377 1594 expli-

832 1603 909 1660 cant,
929 1600 1176 1664 quemadmodnm'
1169 1615 1196 1649 nn
1209 1600 1304 1650 Nostri
1316 1615 1378 1648 ora·

831 1670 905 1719 tione
924 1669 1075 1718 abundanti
1092 1669 1164 1719 haud
1182 1669 1266 1719 semel
1283 1669 1378 1719 obser-

832 1754 897 1788 vare
926 1737 999 1789 licet.
1044 1738 1108 1788 Alia
1136 1739 1269 1804 quaedam
1297 1739 1377 1788 silert

831 1807 930 1858 Matth.
956 1809 1002 1859 Gr.
1022 1807 1068 1858 Gr.
1095 1824 1122 1874 p.
1150 1808 1217 1859 1310
1235 1824 1292 1873 seq
1337 1811 1377 1858 Ae

830 1875 1095 1944 laudstWesseling.
1106 1877 1379 1929 scholiaDemosths-

831 1947 874 1996 nis
892 1952 975 2012 atque
985 1947 1215 2027 Harpocration„
1225 1948 1272 1997 ubi
1284 1937 1377 2026 ἄγνω-

831 2008 926 2080 μόνως
949 2033 982 2066 sx
1001 2016 1112 2067 licetur:
1141 2007 1284 2081 ἀνοήτως,
1309 2007 1376 2064 olto-

830 2084 943 2150 γίστως,
962 2032 1112 2151 sideriten
1130 2101 1241 2152 ipseque
1252 2087 1377 2136 Herode

832 2155 902 2205 tus
895 2171 923 2204 ιω
940 2157 1063 2218 triperitio
1080 2159 1108 2205 at
1122 2157 1193 2218 fastu
1210 2171 1304 2206 vocem
1323 2156 1377 2206 sre-

832 2225 1007 2290 quentatVI,
1029 2225 1375 2288 10.1x,3o011.1V,93.

831 2295 864 2357 V,
879 2295 921 2344 83.
936 2293 1035 2356 vl1,9.
1060 2262 1145 2360 Εατίὴ
1147 2295 1184 2345 id.
1197 2295 1297 2347 Bacch.
1311 2293 1374 2346 884.

832 2332 868 2414 Sd
888 2363 958 2414 hoel.
977 2361 1106 2414 Trachin.
1125 2364 1199 2416 1273.

866 2379 896 2483 dv
918 2425 949 2481 dl
969 2428 1017 2481 aul
1039 2427 1220 2498 ποδανιπτὴρ
1243 2425 1376 2498 χρύσεος]

831 2494 1013 2566 ποδανιπτὴρ
1024 2502 1122 2553 Glossa
1131 2503 1221 2553 reddit
1232 2505 1378 2566 pellusium.-

239 2588 303 2638 psg.
323 2571 356 2622 33
374 2587 432 2636 seq.
831 2571 993 2637 intelligitur
1006 2587 1132 2622 vasorum
1145 2587 1229 2638 genus
1243 2571 1278 2621 ad
1291 2571 1375 2636 pedes

275 2639 406 2719 σοφέη-
415 2636 467 2690 oda
488 2630 676 2706 ἀγνωμοσύνη
694 2655 781 2706 προσ·
830 2641 964 2692 lavandos
989 2641 1092 2692 aliosve
1116 2641 1216 2692 similes
1242 2657 1308 2691 ueris
1328 2656 1376 2706 pa-

239 2703 368 2776 ηγάγετο]
391 2710 540 2776 Displicent
552 2710 619 2761 haec
630 2709 781 2761 Valckena
832 2717 934 2790 ratum,
958 2711 1002 2760 cui
1021 2710 1089 2762 alias
1114 2712 1197 2762 etiam
1215 2726 1313 2762 nomen
1333 2710 1376 2758 λε-

240 2781 292 2843 rio,
318 2795 378 2831 cum
401 2796 480 2830 nemo
502 2779 555 2830 diei
578 2781 666 2845 possit
692 2795 781 2846 quem·
831 2749 1113 2844 advq3vid.Pollux
1137 2781 1176 2842 X,
1201 2781 1376 2845 tuaequae

240 2851 311 2915 piam
329 2842 515 2915 ἀγνωμοσύνη
538 2849 780 2932 προσαγαγέσθαι,
831 2849 1163 2916 pluraexhibentilssing:
1170 2818 1374 2900 llenomiuibb.

239 2919 509 3002 indeqnelegendum
529 2925 708 2970 essecensst:
728 2911 781 2969 ούιι
831 2935 905 2970 vass.
925 2919 1036 2971 Graece.
1063 2935 1125 2985 pag.
1150 2920 1196 2970 121
1222 2925 1249 2969 et
1265 2921 1376 2970 Kranae

241 2980 781 3056 rvpvopooovqnpooqyuysroAegy·
831 2989 1039 3055 Angeiolog.p.
1064 2989 1275 3040 attentates.
1311 2989 1377 3038 Am-

239 3059 313 3124 ptios
331 3061 437 3110 Amasis
460 3059 551 3109 collido
572 3060 655 3122 potius
680 3061 782 3110 consilio
832 3060 891 3109 bitu
915 3064 958 3108 sat
980 3075 1079 3126 magno
1102 3059 1186 3109 tuisse
1209 3058 1277 3108 haee
1295 3073 1374 3120 vasa,

241 3144 313 3193 ηνονι
329 3131 430 3179 leuitate
447 3137 473 3178 et
489 3131 617 3180 clementia
634 3128 684 3179 sibi
700 3132 783 3178 εοαοί-
831 3129 875 3179 vel
893 3143 926 3178 ex
942 3128 994 3178 hoc
1011 3129 1071 3180 loco
1089 3127 1204 3194 intelligi
1223 3131 1323 3192 potest
1339 3157 1375 3168 -·

240 3199 318 3248 licvit.
355 3198 438 3248 Addit
456 3199 498 3248 vir
517 3198 655 3264 egregius,
676 3197 782 3261 σοφίαν
832 3199 864 3249 In
885 3198 1005 3262 proxime
1029 3213 1104 3278 seqq.
1133 3199 1223 3248 verbis
1247 3197 1375 3248 voculam

240 3265 285 3315 hio
307 3271 338 3316 ut
360 3267 425 3316 alibi
448 3269 555 3332 saepius
579 3283 639 3318 esse
656 3267 782 3318 callidita-
832 3283 860 3316 οι
853 3261 934 3332 post
946 3263 1114 3332 δαιτυμόνες
1129 3268 1246 3348 positam
1260 3282 1309 3332 pro
1324 3267 1375 3316 da-

240 3343 301 3398 lens,
334 3335 566 3418 προσαγαγέσθαι
593 3352 658 3386 varo
682 3337 781 3401 optime
829 3337 886 3386 tivo
904 3338 1070 3401 pronominis
1093 3337 1151 3401 (pro
1174 3329 1260 3402 αύτῷ)
1283 3337 1376 3402 accipi

242 3419 288 3454 eos
306 3403 374 3466 dici,
397 3405 442 3470 qni
462 3406 512 3456 sibi
528 3407 645 3456 studeant
664 3407 782 3468 populum
830 3406 890 3456 vult
908 3406 1209 3458 GraslenbanGramm.
1226 3407 1295 3472 epic.
1315 3407 1376 3456 dia·

240 3476 385 3532 conditore,
402 3476 530 3538 principes
545 3479 612 3525 arros
624 3477 781 3537 potissimum
830 3475 893 3526 leet.
915 3475 938 3525 1.
956 3491 983 3540 p.
1002 3477 1046 3529 72.

241 3545 283 3610 qui
307 3545 386 3592 uariis
413 3543 511 3594 ortibus
536 3545 601 3593 ulios
624 3545 735 3593 alliciunt
758 3553 782 3594 et
866 3535 1012 3604 ένατιενιζέ
1018 3544 1086 3610 ατο]
1106 3546 1146 3596 Ad
1166 3545 1278 3596 formam
1297 3544 1373 3594 conl.

240 3615 277 3663 ad
286 3613 391 3662 studium
401 3628 440 3662 ιαι
454 3612 604 3674 perducunt.
632 3613 729 3674 Quae
721 3628 782 3678 rpsa
831 3607 958 3678 έγενέατο
977 3613 1022 3676 11,
1043 3613 1093 3666 166
1115 3615 1205 3680 ibique
1226 3613 1320 3664 laudd.
1338 3641 1375 3650 —

241 3683 323 3733 etiarn
342 3680 471 3748 exemplis
494 3681 627 3746 appositis
644 3681 781 3733 illustrare
830 3684 872 3733 De
891 3651 1135 3748 ποιὴσάσθαι
1127 3700 1155 3734 rn
1173 3698 1248 3748 seqq.
1260 3681 1317 3733 vid.
1334 3683 1374 3742 11,

241 3752 346 3802 studuit
372 3751 414 3801 vir
438 3749 620 3801 doctissimus.
661 3751 718 3801 Nec
741 3753 881 3804 trs-127
905 3751 970 3817 ibiq.
990 3757 1112 3802 nott.-
1138 3752 1180 3803 Ad
1197 3752 1281 3802 rerba
1310 3749 1375 3816 τῆς

241 3837 302 3871 αισα
322 3822 389 3870 satis
408 3834 508 3871 causae
524 3820 618 3882 video
638 3835 712 3870 cnra
725 3821 782 3871 vul
831 3815 970 3884 πόλιος,
995 3811 1081 3871 ὅκου
1100 3822 1172 3872 conf.
1190 3825 1260 3872 nott
1280 3822 1316 3871 ad
1334 3821 1375 3884 Il,

241 3895 308 3955 gata
325 3891 465 3952 recedam,
489 3890 516 3938 in
535 3905 588 3955 qun
608 3889 781 3954 προσαγαγέ-
832 3888 891 3942 133.

242 3957 312 4007 σθαι
331 3959 364 4009 de
382 3960 475 4010 Amasi
492 3959 592 4040 optime
608 3959 716 4022 dicitur,
734 3961 781 4024 qui
866 3950 897 4008 τὸ
917 3948 951 4006 la
970 3973 1027 4007 των
1037 3970 1130 4008 αστων
1143 3950 1326 4023 ποιεύμενον]
1344 3951 1376 4006 Aa

240 4029 435 4093 Aegyptiorum
458 4029 562 4078 animos
584 4028 636 4078 sibi
655 4027 781 4078 concilia·
832 4028 925 4078 eodem
943 4027 1035 4088 modo,
1055 4043 1108 4092 qno
1127 4027 1165 4088 11,
1186 4027 1245 4078 148.
1265 4027 1326 4076 151.
1340 4053 1376 4064 -

240 4097 276 4144 rit
295 4098 442 4162 etquidem
457 4110 554 4162 σοφιη,
575 4098 592 4148 i.
608 4113 632 4148 e.
647 4099 779 4162 supientia,
831 4096 873 4148 Ad
889 4101 1075 4162 argumentum
1090 4095 1376 4147 conf.Minnc.Felie.

237 4166 386 4227 prudentia,
407 4167 629 4246 sequestratius,
648 4167 779 4244 imperitia,
831 4165 1023 4218 inOctav.23.
1051 4166 1171 4232 „Tangit
1190 4164 1376 4216 eandemrem

239 4227 488 4298 stolidcsostu(oris
505 4225 714 4300 ἀγνωμοσύνη),
728 4251 780 4300 qno
830 4234 968 4286 Plutarch.
989 4235 1058 4300 Opp.
1084 4235 1122 4286 11.
1143 4251 1169 4300 p.
1191 4235 1297 4296 1518,
1325 4235 1376 4284 nbi

239 4302 331 4365 potius
349 4319 366 4351 a
382 4319 411 4353 se
425 4302 571 4354 alienasset
584 4305 779 4370 Aegyptiorum
831 4305 917 4354 nostri
930 4305 983 4355 loci
997 4304 1087 4354 hsud'
1080 4319 1218 4354 immemor
1230 4303 1379 4370 eratWyt·
