3032 4916
246 223 308 286 672
679 223 946 286 HERODOTI

245 425 324 487 την,
346 403 392 491 τῷ
406 393 490 466 κατὰ
508 391 572 485 τὴν
585 399 654 465 τῶν
665 391 833 488 Ἑλλήνων
849 402 1006 488 γλῶσσαν
1022 392 1152 486 οὕνομα
1166 397 1308 488 Πρωτέα
1332 397 1383 468 εἷ-

430 633 495 686 cu
512 634 600 686 CXII,
838 596 1110 733 1οΙίΙιιιιΙιιιιιῖιῖΙῗίΙιιιιᾳιΙι.
1118 596 1343 719 angomeriOrdy
1344 613 1385 717 sla.

915 683 931 732 p
1029 683 1046 718 a
1078 683 1112 717 ua
1165 683 1270 718 essm·
1315 685 1384 734 auy

280 736 319 805 τῷ
344 729 416 788 κατὰ
442 731 495 804 τὴν
517 735 573 788 τῶν
590 728 788 802 ἘΙΙήνων-
837 736 1106 803 Realencyclop.V1,
1124 738 1146 788 1.
1165 753 1229 804 pag.
1248 737 1297 790 130
1310 745 1384 803 not,

247 789 365 872 Πρωτέα
387 802 472 875 εἶναι]
495 810 657 874 Aegyptium
689 824 787 858 nomen
837 807 997 872 quibuscum
1027 775 1215 870 confdrantur,
1244 823 1314 874 quae
1344 809 1384 860 le-

244 878 319 928 Ceten
338 879 423 928 luisse
449 879 540 944 prodit
562 878 676 928 Diodor.
701 877 722 941 1,
741 879 784 940 6⁸2,
836 882 937 942 guntur
958 877 1031 942 apud
1055 877 1158 927 Herod.
1184 877 1222 941 ΙΙ,
1248 879 1298 929 113
1319 895 1380 946 seq.

245 949 291 1013 qni
308 954 399 999 tamen
417 949 452 1014 (Ι,
472 948 506 1000 110
522 948 591 1014 seq.)
617 949 689 998 intra
707 915 785 998 S’eso-
835 948 871 996 At
889 963 954 998 vero
972 945 1072 998 fabulis
1090 947 1180 998 missis
1197 915 1232 998 ad
1247 947 1384 1000 historiae

243 1018 336 1068 stridis
353 1017 437 1069 filium
457 1023 484 1070 et
497 1018 601 1069 huncce
618 1020 745 1068 Proteum
759 1033 782 1069 s.
833 1015 913 1067 fidem
942 1017 1009 1068 haec
1038 1018 1062 1068 si
1095 1018 1204 1084 exigere
1233 1016 1379 1085 locumque

243 1088 329 1139 Oeten
345 1088 435 1154 plures
453 1089 570 1140 collocat
588 1103 680 1154 reges,
699 1089 783 1137 Hero·
833 1103 963 1152 quaerere
988 1087 1118 1151 velimus,
1141 1103 1220 1154 quem
1242 1089 1272 1138 in
1289 1088 1384 1155 Aegy·

243 1157 307 1210 doto
331 1174 441 1224 prorsus
468 1160 586 1226 ignotos.
629 1157 782 1208 Larcherus
832 1157 950 1222 ptiorum
967 1172 1060 1224 regum
1078 1159 1189 1208 sericis
1209 1161 1302 1210 teneat
1320 1175 1381 1222 rex,

242 1229 410 1280 Herodotum
432 1234 542 1280 secutus
560 1231 687 1280 Proteum
706 1227 782 1293 ponit
833 1228 877 1292 qui
896 1228 924 1280 h.
941 1227 961 1278 Ι.
980 1229 1015 1278 ab
1029 1227 1170 1278 Herodoto
1188 1233 1302 1279 vocatur
1312 1229 1380 1280 Pro-

242 1299 270 1348 in
287 1315 351 1350 ann.
375 1300 441 1351 1294
457 1317 482 1351 a.
502 1300 565 1351 Chr.
579 1316 606 1350 ιι.
624 1298 782 1364 adreguum
832 1305 887 1348 Ιιιιι
906 1297 1069 1363 Memphite,
1098 1299 1145 1348 vix
1168 1297 1238 1349 alius
1260 1299 1313 1350 huc
1337 1315 1381 1350 re-

243 1375 379 1434 erectum,
411 1370 483 1435 quod
510 1385 558 1435 per
583 1368 782 1434 quinquaginta
832 1367 896 1417 ferri
913 1369 1015 1432 poterit
1033 1373 1116 1433 atque
1133 1366 1245 1419 altimus
1263 1369 1379 1420 undevi-

242 1455 328 1490 anuoa
346 1441 473 1490 tonuerit.
509 1440 551 1490 De
569 1439 620 1490 hoc
636 1453 781 1503 regequae
832 1439 949 1488 cesimae
974 1438 1118 1520 dynastiae
1139 1439 1211 1504 apud
1234 1440 1378 1490 Manetho-

241 1509 356 1573 plnrima
373 1509 500 1574 leguntur
515 1509 587 1574 apud
606 1507 675 1558 elios
693 1523 781 1558 rerum
832 1521 893 1557 nem
910 1523 971 1569 rex,
991 1509 1037 1574 qui
1056 1513 1169 1588 septem
1173 1525 1221 1574 per
1232 1525 1318 1560 annos
1334 1525 1377 1560 re-

241 1581 401 1644 scriptores,
430 1579 474 1630 hic
497 1583 628 1661 'repetere
657 1593 712 1628 uon
740 1582 781 1627 at·
823 1591 931 1659 gnosso
953 1543 1065 1641 dicitur,
1091 1570 1287 1656 euicere·
1274 1576 1376 1660 oncp'

240 1649 319 1702 ΙΙιιιιΙ.
365 1649 434 1700 Sunt
461 1649 532 1699 enim
553 1648 635 1711 talia,
668 1648 696 1696 in
723 1648 781 1712 qui·
823 1639 938 1730 Ομήρῳ
957 1643 1131 1728 καΙορμινος
1141 1640 1296 1740 Ho'lvdqc,
1315 1641 1373 1698 'At-

240 1719 291 1770 bus
310 1718 409 1770 salsum
434 1736 451 1769 s
471 1734 536 1770 vero
559 1719 710 1769 discernere
733 1733 781 1768 ne·
829 1697 997 1801 κάνδρας’
981 1709 1070 1781 ανὴρ,
1104 1708 1150 1782 ἐφ’
1175 1704 1210 1767 οὖ
1232 1709 1264 1767 τὸ
1284 1713 1375 1768 'litor

240 1804 335 1854 queas.
377 1791 419 1840 De
444 1789 559 1856 singulis
587 1788 660 1840 conf.
690 1788 778 1838 Beck:
829 1779 900 1838 ἕιέΙιιι
919 1787 986 1853 (ιΙιΙ.
1006 1785 1125 1852 Syncell.
1140 1802 1204 1854 pag.
1221 1787 1276 1854 72),
1294 1803 1374 1854 quem

239 1859 340 1912 Auleit.
360 1877 385 1912 ιι.
408 1859 576 1926 Weltgesch.
602 1860 624 1910 Ι.
644 1874 708 1923 pag.
728 1859 779 1908 714
829 1859 940 1909 Bunsen
965 1857 1094 1922 (Aegypt.
1124 1855 1207 1908 Stelle
1240 1861 1292 1909 etc.
1317 1858 1374 1909 ΙΙΙ.

240 1930 779 2066 trutenhusen.tersit·
829 1943 902 2064 llil
917 1926 1137 2048 hiltini
1163 1943 1297 2062 tun
1307 1927 1374 2062 cll}

239 2074 354 2134 vocant,
376 2069 455 2119 modo
474 2085 565 2135 regem
582 2085 616 2119 ac
636 2067 777 2118 mortalem
829 2067 934 2124 Nestor
951 2072 1080 2131 vocatur,
1105 2067 1145 2117 ita
1163 2069 1315 2146 componit,
1342 2071 1374 2116 ut

239 2141 364 2204 (Homer.
389 2139 442 2190 Od.
472 2139 519 2202 1v,
549 2138 609 2189 384.
653 2137 777 2201 Euripid.
827 2153 875 2202 pro
904 2128 1034 2200 Θούωρις
1063 2136 1117 2202 legi
1139 2136 1206 2186 velit
1231 2130 1372 2200 Φούοιρις,

237 2209 335 2259 Helen.
365 2209 400 2259 46
431 2221 506 2274 seqq.
537 2208 599 2259 coll.
630 2205 777 2258 Stesichori
829 2206 1241 2270 Quovixmultumlucrabimur.
1249 2207 1371 2256 Boeclrh.

238 2277 362 2343 lragmm.
384 2293 447 2342 pag.
466 2279 500 2327 92
519 2293 576 2342 seq.
599 2277 641 2328 ed.
659 2275 777 2340 Kleiue).
827 2277 845 2326 l.
865 2277 882 2327 l.
901 2292 964 2343 pag.
986 2276 1034 2328 167
1053 2280 1081 2327 ιιΙ
1096 2276 1148 2328 776
1170 2276 1280 2326 ΤΙιιοιΙιι
1297 2277 1372 2326 hunc

237 2347 277 2396 Ac
299 2347 421 2396 nonnulli
445 2351 523 2410 (sant
545 2347 630 2398 verbe
651 2345 777 2396 Creuneri
827 2347 905 2412 ponit
927 2348 999 2398 iutra
1020 2361 1083 2398 anu.
1111 2347 1282 2404 llus-1180
1305 2351 1373 2396 aute

237 2416 342 2467 Comm.
366 2417 433 2466 Her.
457 2433 521 2481 pag.
546 2414 606 2468 313.
630 2414 681 2467 333
708 2415 774 2480 ibiq.
828 2433 853 2467 a.
875 2417 938 2467 Chr.
956 2432 995 2479 ιι.,
1012 2431 1064 2482 quo
1090 2417 1150 2482 ipso
1169 2431 1239 2467 anuo
1258 2417 1371 2467 Troiam

237 2486 365 2538 Eustatb.
409 2485 444 2535 ad
483 2487 597 2536 Homeri
635 2483 724 2536 locum
756 2485 774 2535 l.
827 2491 935 2551 captam
959 2501 1020 2537 esse
1042 2487 1148 2538 statuit.
1189 2486 1258 2536 Mihi
1281 2488 1372 2552 magia

236 2555 308 2608 sud.
332 2554 452 2620 Symbol.
483 2556 522 2606 II.
546 2571 609 2622 pag.
640 2555 686 2606 151
712 2559 775 2605 tert.
827 2556 861 2606 od
888 2571 980 2608 rerum
1007 2557 1156 2607 accessisse
1181 2555 1290 2606 ridetur
1315 2557 1370 2608 Le-

237 2626 291 2691 ed.)
310 2626 439 2675 Proteum
461 2626 633 2676 Homericum
654 2624 776 2690 adeoque
826 2627 914 2692 psius:
934 2625 1096 2692 Chronolog.
1116 2626 1143 2678 d.
1160 2625 1277 2691 Aegypt.
1297 2626 1320 2676 1.
1340 2643 1367 2692 p.

235 2696 400 2761 Aegyptium
422 2695 457 2746 ad
475 2695 677 2746 vicissitudines
695 2701 778 2744 mate-
827 2695 974 2759 ΙΙΙ-299,
985 2697 1031 2761 qui
1038 2697 1155 2748 Proteum
1165 2695 1298 2746 Herodoti
1311 2696 1371 2746 unl-

235 2763 776 2832 riseprimigeniaepertinerevoluerunt,
825 2765 881 2816 lum
899 2765 983 2816 alium
1003 2781 1063 2816 esse
1086 2767 1183 2818 statuit
1204 2766 1258 2816 nisi
1276 2765 1371 2816 Mane-

236 2852 306 2902 quae
324 2837 416 2886 varias
439 2836 566 2902 deinceps
585 2836 685 2887 formas
704 2835 776 2886 subi·
825 2835 916 2886 thonis
939 2835 1063 2899 Yluoriu,
1086 2837 1132 2902 qui
1154 2837 1212 2901 ipse
1234 2839 1278 2886 est
1296 2835 1369 2885 Sell-

235 2913 286 2958 ret.
333 2905 388 2957 Alii
411 2905 560 2958 doctrinam
583 2907 612 2956 in
634 2921 666 2956 eo
690 2905 775 2956 latere
825 2905 1369 2971 celtes,regnumquetenuitann.1284—

234 2976 429 3028 existimabant
440 2977 651 3028 rerumomuium
663 2991 776 3040 exaqna
827 2977 893 3028 1277
907 2992 932 3026 a.
944 2975 1007 3026 Chr.
1025 2991 1053 3026 n.
1072 2976 1153 3027 Hunc
1171 2991 1235 3026 vero
1253 2990 1300 3026 cur
1310 2977 1368 3026 He-

234 3051 355 3097 ortarnm
369 3051 396 3098 et
406 3047 596 3111 prosectarum
615 3047 776 3098 Recentiore
825 3047 937 3096 rodotus
955 3045 1075 3108 Graeca,
1103 3051 1134 3098 ut
1151 3043 1273 3109 videtur,
1297 3061 1368 3096 voce

235 3122 327 3167 aetate
346 3117 522 3178 exstiterunt,
540 3116 586 3181 qui
600 3117 667 3166 talia
684 3133 701 3166 a
719 3115 777 3180 phi·
828 3112 1077 3180 Hpmrs'nvocarit,
1096 3118 1121 3166 si
1138 3129 1307 3182 quaeramus,
1321 3117 1370 3166 vix

233 3185 355 3250 losophis
367 3188 602 3250 posteraeaetatis
620 3186 776 3251 excogitate
826 3185 944 3236 sufficiet
962 3185 1025 3236 inde
1047 3185 1098 3236 hoc
1120 3202 1217 3236 nomeu
1235 3191 1368 3263 repetere,

234 3254 384 3305 clamantes
424 3257 606 3307 Herodoteam
643 3256 775 3306 narratio·
826 3253 898 3320 quod
911 3254 955 3305 hic
969 3247 1102 3318 Πρωιιιις
1115 3257 1216 3321 primus
1230 3251 1368 3336 (accitos)

234 3339 294 3374 nem
307 3325 449 3390 Aegyptus
459 3327 645 3377 sacerdotibus
656 3325 775 3376 adscribi
825 3329 887 3389 post
904 3324 1076 3387 anarchiam,
1095 3340 1174 3389 quam
1187 3341 1235 3390 por
1247 3340 1368 3390 qumque

235 3393 333 3445 debers
365 3395 572 3458 contenderent,
602 3396 700 3460 quippe
727 3393 773 3459 qui
824 3395 1039 3459 generationes'
1032 3410 1059 3443 ιιι
1072 3395 1197 3460 Aegypto
1213 3399 1275 3446 aute
1293 3393 1366 3444 hunc

234 3465 360 3527 Graecis,
386 3481 403 3515 ιι
430 3465 528 3530 quibus
555 3481 636 3530 saepe
660 3465 773 3514 interro·
823 3479 914 3528 regem
937 3464 1088 3514 obtinuisse
1109 3465 1205 3516 scribit
1228 3463 1366 3515 Diodorus

234 3536 291 3600 gati
310 3535 425 3598 fuerint,
443 3535 526 3585 verba
547 3533 684 3597 dederint,
708 3547 773 3584 nau·
823 3533 842 3585 l.
861 3533 890 3596 1.,
910 3534 1045 3584 exstiterit
1062 3539 1110 3584 aut
1128 3535 1306 3598 primussuae
1325 3535 1366 3583 fa-

233 3611 376 3669 tarumque
387 3603 495 3654 fabulas
512 3604 598 3668 magis
615 3603 682 3654 adeo
693 3617 773 3654 auxe-
823 3602 914 3654 miliae
931 3603 974 3654 vel
996 3619 1084 3654 novae
1108 3603 1251 3668 dynastiae
1270 3604 1363 3665 luerit,

233 3675 288 3724 rint
308 3679 336 3724 et
354 3674 521 3734 exornarint,
539 3689 629 3738 regern
639 3672 771 3738 fingentes
823 3677 854 3722 ut
869 3673 965 3724 volunt
989 3673 1046 3724 Iac.
1069 3673 1241 3724 Perizonius.
1267 3672 1363 3739 Origg.

233 3745 361 3794 Proteum
392 3744 588 3794 remotissimae
614 3743 772 3794 Troicarnm
823 3743 952 3809 Aegyptt.
971 3759 1031 3808 cap.
1050 3742 1094 3803 15;
1117 3743 1266 3808 neomagis
1280 3741 1364 3806 expli-

233 3827 321 3863 rerum
340 3815 452 3874 aetatis,
476 3813 551 3862 miris
575 3813 678 3863 viribus
697 3827 773 3877 prae·
823 3813 930 3864 cabitur
950 3803 1096 3895 liquesce,
1119 3813 1143 3863 si
1161 3827 1221 3862 cum
1237 3813 1295 3862 viro
1315 3811 1363 3863 illo

233 3881 328 3933 ditum.
357 3881 419 3932 Vid.
437 3881 460 3932 1.
479 3882 515 3932 H.
529 3883 608 3934 Voss.
625 3883 699 3932 aCr.
716 3881 773 3932 lau·
824 3882 904 3932 docto
934 3876 1079 3947 cortens,
1112 3897 1190 3946 quem
1212 3881 1289 3947 ponit
1312 3897 1363 3946 pro

233 3949 326 4000 datum
344 3951 380 4002 ad
399 3950 495 4016 Virgil.
515 3952 613 4018 Georg.
638 3951 685 4012 IV,
709 3951 769 4003 384.
823 3947 972 4014 Perimere,
996 3951 1049 4002 huc
1072 3949 1220 4002 trahamus.
1264 3949 1364 4002 Confu-

233 4033 296 4082 pag.
320 4019 371 4072 862
391 4035 466 4086 seqq.
504 4021 570 4072 Inde
587 4021 770 4085 navigationis
822 4020 924 4070 sionem
943 4020 1078 4083 quandam
1095 4019 1139 4071 hic
1155 4020 1288 4072 accidisse
1306 4022 1363 4071 exi-

232 4102 280 4150 per
298 4090 384 4138 maria
405 4090 525 4153 ignota
518 4092 662 4156 imaginem
680 4089 772 4141 Protei
822 4089 942 4149 stimem,
967 4103 1020 4154 qua
1038 4091 1138 4140 Noster
1154 4091 1259 4142 Graeca
1277 4089 1363 4140 sdmi

233 4155 326 4206 tabula
346 4157 459 4207 indicari
477 4159 559 4224 vulgo
578 4162 624 4210 isti
638 4161 771 4210 arbitrari·
821 4173 899 4208 soene
920 4125 1062 4223 Aegyptiis
1084 4174 1258 4226 eumregem,
1281 4175 1362 4226 quem

232 4225 289 4272 tur!
312 4225 368 4276 Nec
380 4227 492 4276 multum
505 4229 568 4278 rude
579 4228 708 4279 recedunt
722 4228 770 4278 ali·
820 4227 949 4291 Aegyptii
974 4226 1291 4283 maerensmaerens
1313 4245 1362 4296 ap-

232 4308 306 4344 orum
330 4300 495 4360 commenta,
520 4311 591 4362 quae
614 4296 706 4348 retulit
724 4296 770 4346 do·
819 4295 965 4361 pellebant,
976 4295 1361 4366 alionomiueeoquellraeco,
