3088 4922
221 291 283 352 462
650 297 921 360 HERODOTI

221 479 285 543 εἰσι
306 487 448 561 σχοῖνοι·
472 467 509 539 τὸ
525 470 563 540 δὲ
578 467 643 540 ἀπὸ
659 471 1019 562 θαλάσσηςλεγόντων
1037 468 1071 553 ἐς
1088 470 1272 562 μεσόγαιαν
1289 483 1358 544 τεί-

219 605 294 647 νειν
308 573 414 665 αὐτὴν
429 575 523 664 μέχρι
540 573 767 664 Κερκασώρου
785 575 917 662 πόλιος,
933 572 1007 644 κατ’
1022 571 1066 665 ἣν
1083 583 1226 664 σχίζεται
1239 573 1257 646 ὁ
1272 585 1356 648 Νεί-

220 689 286 766 λος,
302 687 335 762 ἔς
348 707 382 749 τε
398 679 592 768 Πηλούσιον
606 681 694 769 ρέωυ
708 681 763 750 καὶ
779 677 812 759 ἐς
828 679 1011 768 Κάνωβον·
1029 678 1069 748 εδ
1083 680 1121 748 δὲ
1138 678 1223 750 ἄλλα
1238 681 1355 768 λεγόν-

219 811 288 855 των
300 790 357 873 τῆς
372 780 620 870 Αἰγύπτου,τά
635 781 698 872 μὲν
714 783 857 872 Λιβύης,
877 781 918 852 κδ
933 783 969 852 di
981 779 1136 873 Ἀραβίης
1152 783 1255 854 εἶναι·
1271 781 1354 856 cirro-

221 888 435 977 δεικνύοιμεν
452 881 512 972 δν,
535 883 641 979 τούτῳ
659 891 707 980 τῷ
727 886 814 980 λόγῳ
837 885 1035 976 χρεώμενοι,
1056 893 1270 976 Αἰγυπτίοισι
1294 886 1356 959 οὐκ

220 989 344 1062 έοῦσαν
363 990 526 1080 πρότερον
545 987 669 1079 χοίρην.
701 986 766 1079 ἤδη
785 990 849 1080 γάρ
871 1011 933 1078 σφι
946 989 984 1059 τό
1000 1017 1038 1078 γε
1053 995 1182 1077 Δέλτα,
1202 987 1246 1072 ὡς
1261 989 1356 1062 αὐτοὶ

219 1097 355 1183 λέγουσι
378 1093 556 1182 Αἰγύπτιοι
578 1095 634 1162 καλ
661 1088 733 1182 ἐμοὶ
755 1097 881 1180 δοκέει,
913 1095 982 1163 ἐστὶ
1006 1093 1214 1185 κατάρρυτόν
1242 1123 1279 1165 τε
1299 1097 1355 1166 καλ

220 1199 357 1285 νεωστί,
383 1194 426 1279 ὦς
441 1196 529 1291 λόγφ
547 1204 670 1282 εἰπεῖν,
689 1193 916 1287 ἀναπεφηνός.
946 1204 978 1267 εί
990 1205 1109 1267 τοίνυν
1129 1218 1190 1287 σφι
1212 1200 1303 1290 χώρη
1317 1227 1355 1288 γε

220 1308 364 1392 μηδεμία
382 1298 529 1390 ὑπῆρχε,
549 1309 585 1370 τί
597 1302 866 1390 περιειργάζοντο
886 1303 1060 1383 δοκέοντες
1077 1307 1202 1390 πρῶτοι
1217 1300 1353 1394 ἀνδρολ-

220 1433 295 1478 πων
314 1409 505 1495 γεγονε’ναι;
529 1403 608 1474 οὐδὲ
631 1409 700 1474 ἔδει
723 1408 828 1493 σφέας
848 1401 882 1486 ἐς
904 1404 1082 1496 διάπειραν
1103 1411 1171 1475 τῶν
1193 1413 1395 1479 παιδίωνΙΙΙ

221 1513 318 1597 ίέυαι,
330 1517 405 1579 τίνα
423 1513 579 1596 γλῶσσαν
597 1507 734 1598 πρωτην
746 1506 922 1599 ἀπήσουσι.
947 1506 1036 1580 Ἀλλ’
1054 1505 1132 1579 οὗτε
1149 1516 1356 1599 Αἰγυπτίους

221 1617 327 1683 δοκέω
341 1609 408 1703 ἅμα
421 1618 467 1706 τῷ
481 1615 591 1682 Δέλτα
609 1618 655 1706 τῷ
671 1607 730 1682 ὑπ’
743 1609 865 1682 ’inivssv
882 1617 1073 1706 καλεομένῳ
1093 1617 1270 1702 γενέσθαι,
1288 1621 1358 1686 αἰεί

219 1745 256 1787 τε
272 1716 369 1804 εἶναι,
387 1713 420 1800 ἐξ
436 1705 477 1786 οὗ
489 1713 683 1808 ἀνθρώπων
697 1719 792 1806 γένος
806 1713 954 1804 ἐγένετο·
972 1715 1152 1806 προϊούσης
1167 1717 1204 1787 δὲ
1218 1724 1275 1809 τῆς
1288 1717 1353 1808 χιό-

220 1851 290 1911 ρης,
308 1817 452 1902 πολλοὺς
466 1819 529 1910 μὲν
544 1817 621 1901 τούς
636 1815 923 1910 ὑπολειπομένους
943 1817 1056 1890 αὐτῶν
1075 1823 1254 1910 γενέσθαι,
1272 1831 1352 1893 πολ-

220 1923 300 2006 λοὺς
317 1925 355 1995 δὲ
368 1924 446 2006 τούς
462 1920 802 2013 ὑποκαταβαίνοντας.
829 1921 867 1993 τὸ
882 1922 915 1993 δ’
933 1914 981 1994 οἷν
998 1924 1153 1994 παλαιαί
1166 1931 1275 2016 Θῆβαι
1291 1937 1353 1996 Αί-

219 2124 313 2176 bibent
336 2125 465 2192 ipsosque
488 2125 623 2188 bomibes‚
650 2127 696 2191 qui
720 2126 762 2176 vei
814 2127 922 2190 giones,
952 2126 1086 2191 prioribus
1109 2126 1219 2178 sedibus
1242 2129 1354 2180 relictis.

219 2196 396 2259 piscationem
415 2201 541 2246 exercent
564 2195 606 2245 vel
625 2196 653 2244 in
672 2197 763 2246 condi·
814 2197 904 2262 Neget
921 2197 992 2246 enirn
1010 2197 1180 2259 Herodotus,
1204 2199 1354 2264 Aegyptios

220 2264 297 2313 endis
307 2265 427 2328 piscibus
438 2266 525 2330 ceptis
536 2269 693 2315 versentur:
704 2265 761 2316 vid.
813 2271 870 2315 tum
883 2266 990 2316 demum
1006 2266 1154 2327 exstitisse,
1176 2283 1235 2317 curn
1261 2269 1355 2330 Delta,

219 2333 759 2386 WilkinsonMonnorsendCustomsetc.
813 2335 885 2400 quod
904 2335 938 2386 sb
955 2335 1067 2386 Ionibus
1092 2339 1218 2398 vocetur,
1245 2353 1276 2389 eo
1299 2355 1353 2404 qno

218 2403 272 2454 111.
290 2419 317 2468 p.
330 2403 363 2456 53
376 2419 451 2468 seqq.
465 2403 526 2454 coll.
541 2404 579 2454 11.
596 2420 622 2469 p.
640 2403 671 2454 lu
683 2420 760 2470 seqq.
812 2410 895 2456 entes
919 2405 989 2454 dixit
1016 2405 1094 2455 modo
1124 2406 1273 2469 exstiterit,
1304 2407 1352 2458 sed

219 2473 349 2523 Rossllini
372 2474 492 2524 bionum.
518 2472 600 2524 cisiis
616 2474 639 2525 Ι.
662 2491 689 2539 p.
709 2473 758 2526 231
811 2474 892 2540 longe
910 2479 992 2525 entes
1016 2475 1058 2524 vel
1076 2474 1166 2538 potius
1186 2475 1220 2523 sb
1238 2490 1269 2526 eo
1289 2475 1351 2526 inde

220 2557 295 2608 seqq.
331 2544 368 2593 Et
391 2543 463 2592 conf.
487 2543 569 2593 etiem
594 2544 696 2594 Herod.
720 2545 758 2605 11,
810 2549 940 2609 ternpore,
958 2543 1291 2609 queomninohumsnunr
1306 2562 1352 2611 ge-

220 2614 252 2662 77
272 2613 363 2677 ibique
381 2617 451 2662 nott.
489 2611 559 2675 Quid
580 2613 650 2677 qnod
670 2613 759 2664 adhuc
810 2629 860 2664 nus
880 2614 999 2673 exstitit,
1016 2611 1168 2676 Xegyptios
1182 2628 1290 2679 quoqne
1307 2631 1352 2666 ex·

219 2681 321 2746 pisces,
344 2681 390 2747 qui
414 2683 442 2731 in
459 2681 521 2732 lscu
539 2681 681 2733 Menenieh
702 2683 760 2748 (qui
810 2683 915 2733 stitisse
926 2682 1045 2732 homines
1056 2681 1127 2742 vult,
1146 2697 1261 2746 quorum
1277 2684 1352 2736 bend

219 2767 273 2802 uon
291 2751 370 2816 longe
389 2751 469 2802 obest
494 2751 527 2802 eb
548 2751 660 2817 antiquo
680 2751 759 2803 Peln-
811 2754 905 2818 pauci,
927 2758 999 2802 terre
1021 2750 1144 2817 quemvis
1168 2750 1276 2819 longius
1300 2753 1352 2819 (se-

219 2818 273 2882 sio)
293 2821 451 2886 sepiuntur,
471 2825 498 2870 et
516 2820 680 2872 condiuntur
692 2828 719 2872 et
732 2823 759 2872 in
811 2823 991 2888 ptentrionsm
1008 2823 1115 2884 versus)
1140 2829 1352 2888 promoveretur,

218 2891 310 2942 urbem
329 2890 409 2942 Ceiro
428 2896 456 2941 et
473 2891 618 2956 inSyriem
639 2892 760 2957 eliasque
810 2893 838 2940 in
864 2892 999 2957 prioribus
1029 2890 1138 2942 sedibus
1166 2895 1352 2958 remanserint,

218 2965 305 3012 terres
334 2965 520 3026 exportantur.
564 2961 618 3012 Vid
648 2962 759 3013 Wiener
810 2961 857 3012 eiii
881 2963 909 3010 in
932 2961 1001 3012 beno
1024 2961 1111 3025 ipscnr
1134 2965 1234 3012 terrem
1258 2979 1352 3014 recens

217 3030 327 3080 Isbrbb.
345 3031 470 3081 LXXXI.
489 3046 515 3094 p.
535 3027 578 3082 32.
810 3030 952 3096 sdgestsm
965 3031 1066 3080 sensim
1081 3031 1234 3096 sensimque
1244 3033 1354 3085 descen-

249 3091 491 3164 ἆποδεικνδοιμεν
504 3088 584 3148 δν-
597 3091 703 3165 χοίρην]
717 3101 759 3150 De
811 3101 908 3150 derint.
945 3101 987 3150 De
1009 3101 1136 3150 iunctura
1159 3101 1352 3164 particularum

217 3169 355 3233 participii
372 3184 424 3220 usu
439 3169 532 3219 confer
549 3169 612 3230 VII,
632 3169 689 3220 118.
709 3169 757 3231 IX,
811 3159 877 3219 οὔτε
892 3199 927 3237 -.
944 3183 973 3217 τε
992 3170 1028 3221 cf.
1047 3174 1117 3219 nott.
1140 3169 1174 3219 sd
1191 3171 1241 3234 VI,
1259 3173 1284 3222 1.
1303 3173 1351 3234 IV,

217 3237 260 3300 58,
280 3237 418 3302 neplure.
437 3239 543 3289 -Pro
562 3229 618 3303 ἥδη
637 3231 689 3302 γάρ
708 3252 758 3301 σφι
810 3239 854 3290 ut.
873 3239 906 3302 V,
924 3239 967 3288 tu.
1005 3238 1226 3303 Colligitsrrtem
1250 3241 1352 3292 exboc

217 3308 357 3359 Benedici.
377 3307 481 3359 mavult
504 3309 585 3358 scribi
609 3301 688 3372 q'ror
707 3300 759 3370 γάρ
810 3307 870 3358 Ιοοο
891 3313 918 3358 et
941 3323 1017 3372 seqq.
1036 3309 1153 3359 Hseren.
1185 3307 1280 3372 (Idssn
1298 3317 1352 3363 etc.

217 3389 268 3440 σφι
288 3377 511 3442 (proscotcenim).
549 3378 602 3428 Sed
625 3377 687 3428 libri
704 3391 759 3426 non
810 3378 856 3438 ΙΙ,
879 3381 905 3428 2.
929 3393 954 3442 p.
982 3377 1031 3428 100
1055 3375 1117 3427 coll.
1143 3377 1216 3442 326),
1243 3379 1352 3432 Thebes

216 3446 356 3497 addicunt.
372 3446 759 3512 cf.etiam}1artung:1.ehro
810 3463 833 3496 s.
851 3447 1017 3512 superiorem
1035 3447 1189 3510 Aegyptum
1214 3451 1287 3512 prius
1312 3450 1353 3500 iu·

216 3515 242 3567 d.
259 3517 363 3570 Pertik.
384 3517 407 3568 1.
426 3532 451 3581 p.
468 3515 529 3566 243.
565 3517 618 3566 Pro
636 3512 758 3580 μηδεμίη
809 3517 863 3566 isse
875 3516 989 3572 cultam.
1010 3531 1042 3566 ex
1062 3530 1115 3580 que
1129 3517 1216 3568 omnis
1228 3519 1351 3570 cultioris

216 3601 276 3636 curn
302 3585 390 3637 Geisf.
414 3585 541 3648 rescripsi
565 3583 703 3649 μηδεμία,
727 3589 758 3634 nt
809 3585 883 3636 vitoe
910 3585 1013 3635 semine
1037 3601 1085 3649 per
1108 3586 1239 3650 reliquom
1261 3590 1351 3654 Aegy-

216 3653 290 3708 slibi.
315 3683 351 3694 —
372 3651 603 3719 περιεργάζεσθαι
626 3653 756 3704 reddunt:
808 3660 883 3720 ptum
897 3654 1116 3720 spsrssr'uerint.
1149 3656 1271 3717 Quocum
1287 3673 1351 3708 con-

215 3740 296 3789 ακγαε
306 3740 391 3790 opere,
409 3739 577 3787 supervacuo.
596 3723 664 3772 λανδ
672 3739 757 3773 neces·
808 3725 896 3785 venit,
928 3723 999 3788 qnod
1027 3729 1098 3773 teste
1126 3724 1246 3777 Diodoro
1269 3727 1292 3788 Ι,
1316 3729 1351 3779 50

214 3797 287 3845 saria
306 3801 430 3844 αοιιατε.
467 3793 546 3842 Cous.
566 3793 618 3854 ΙΙΙ,
638 3793 672 3844 rc
683 3795 710 3842 et
725 3792 758 3842 de
808 3793 932 3844 Thebani
956 3808 985 3844 se
1003 3791 1121 3844 omnium
1145 3795 1350 3860 antiquissimos

214 3861 274 3926 ipse
292 3878 321 3912 re
344 3863 383 3924 ΙΙ,
403 3863 429 3912 5.
470 3860 512 3911 Ad
535 3861 648 3912 formam
672 3861 708 3911 ci.
733 3862 756 3924 Ι,
808 3877 868 3912 esse
883 3861 1088 3926 praedicebant.

215 3929 265 3982 186
283 3931 375 3995 ibique
393 3933 463 3980 nott.
842 3921 874 3980 τὸ
893 3927 910 3979 δ
915 3922 922 3941 ’
943 3919 984 3980 δν
1001 3922 1087 3980 πάλαι
1103 3923 1135 3979 αι’
1152 3927 1245 3996 Θῆβαι
1264 3929 1348 3998 Λίγυ-

248 3991 373 4056 anscote
402 3991 454 4062 μὲν
476 3989 544 4056 τοὺς
566 3988 755 4063 ὑπολειπομέ-
807 4013 877 4056 πτος
900 3989 1039 4064 ἐκαλέετο]
1058 3999 1131 4050 Molo
1154 3999 1216 4050 libri
1241 4001 1349 4068 quidem

214 4079 283 4124 νους
307 4082 333 4116 κ.
358 4082 381 4116 τ.
407 4065 444 4130 λ]
476 4060 507 4116 ολ
531 4055 755 4131 ὑπολειπόμενοι
806 4057 966 4117 ἐκαλέοντο.
980 4069 1023 4118 Tu
1034 4067 1090 4120 vid.
1104 4067 1231 4120 Kuobner
1242 4071 1288 4122 Gr.
1302 4073 1348 4122 Gr.

213 4139 285 4198 sunt,
304 4136 350 4200 qui
368 4135 490 4199 pristinis
502 4137 530 4185 in
549 4135 657 4186 sedibus
671 4151 756 4186 reme·
807 4140 832 4199 ξ.
851 4138 913 4190 429.
929 4163 963 4173 -—
979 4137 1111 4188 Herodoti
1131 4140 1292 4190 sententiani
1311 4139 1350 4190 di-

212 4209 292 4266 nent,
316 4210 388 4254 terre
406 4205 529 4268 quemvis
549 4211 630 4258 aucte
649 4210 676 4255 st
695 4221 755 4270 pro·
806 4211 878 4256 serto
901 4221 930 4256 re
950 4208 999 4256 etit
1020 4205 1183 4258 Aristoteles
1206 4209 1348 4262 Meteorol.

213 4278 294 4333 mots3
305 4267 335 4323 οί
339 4264 625 4338 ὑποκαταβαίνοντες,
636 4275 682 4340 qui
690 4289 755 4339 psu-
805 4274 827 4326 1.
847 4277 892 4328 14:
911 4222 947 4324 ιδ
962 4266 1084 4340 ἀρχαῖον
1101 4265 1119 4338 ἡ
1134 4273 1277 4339 Αἴγυπτος
1291 4275 1348 4342 Θῆ-

211 4341 289 4394 lstim
308 4343 337 4392 iu
358 4341 500 4394 inferiores
525 4343 692 4394 descendunt
715 4359 756 4394 re·
805 4339 852 4410 βαι
875 4335 1074 4410 καλεοίμεναι,
1101 4344 1173 4394 unde
1195 4343 1348 4412 Cobstium‚
