3058 4928
554 305 805 366 EU'I'ERPE.
829 307 871 366 11.
892 313 936 367 86.

1253 303 1315 366 ero
1408 271 1413 278 ’

74 541 78 552 ,
183 507 236 560 τες
257 476 365 569 ὀρθὸν
392 476 475 569 πρὸς
505 495 627 567 τοίχου.
687 473 775 547 οὕτω
799 478 862 566 μὲν
886 475 964 558 τούς
988 475 1028 548 τὰ
1049 477 1314 548 πολυτελέστατα

183 682 341 732 Greuserus.
377 681 456 743 Quod
474 680 582 746 proprie
596 680 629 731 de
645 695 721 741 auro,

182 755 296 816 argento
310 749 364 814 (11,
385 751 440 801 1²1.
460 753 485 813 §-
498 749 524 813 1)
542 749 657 814 aliisque
675 749 721 798 bo-

182 821 241 884 nis,
264 820 344 870 etiam
363 819 413 881 iis,
438 834 508 884 quae
528 819 615 870 victui
638 820 722 868 inser-

182 891 269 952 viunt,
291 889 431 940 servandis
448 889 597 940 adhibitum
613 887 722 939 indeed

182 975 215 1010 ea
238 959 367 1022 retertur,
391 973 580 1024 quascunque,
606 963 637 1008 nt
658 973 723 1008 cara

182 1029 262 1079 nobis
281 1035 308 1078 et
330 1029 463 1093 pretiosa,
487 1028 630 1078 recondita
647 1027 722 1078 volu·

182 1113 242 1149 mus
264 1103 430 1149 vetustatem
457 1099 537 1150 serre.
562 1128 597 1138 -
618 1098 721 1148 Verba:

183 1158 214 1218 ἐν
224 1160 356 1234 οἰκήματι
367 1166 483 1234 θηκαίῳ
495 1168 519 1216 si
534 1167 642 1234 quidem
656 1183 725 1218 sana

184 1242 256 1300 sunt,
269 1237 336 1288 nihil
349 1237 423 1288 alind
435 1236 590 1303 significare
599 1241 723 1302 possunt,

182 1307 237 1358 nisi
254 1311 279 1357 in
296 1309 436 1358 conditorio
453 1309 516 1358 ualli
535 1309 581 1358 alii
596 1309 637 1356 rei
652 1323 725 1372 quma

182 1379 243 1428 rolr's
256 1379 352 1428 arculis
364 1377 516 1442 recipiendis
538 1378 664 1428 destinato
681 1392 724 1426 re-

183 1447 274 1513 posita
292 1447 377 1497 fuisse
396 1462 509 1512 corpora
527 1447 663 1498 medicata
686 1445 725 1496 lo·

183 1516 251 1568 culis
262 1516 377 1580 inclusa,
394 1517 451 1566 eive
461 1516 506 1582 (nt
517 1517 640 1581 Heynins
653 1515 723 1582 vult)

182 1589 207 1636 in
225 1588 279 1637 loeo
296 1602 440 1652 msocunquc
463 1586 614 1648 rccr‘pieudis
636 1587 724 1636 lornlr's

182 1657 299 1706 constitui
306 1658 388 1718 solito,
402 1672 436 1706 ne
449 1655 554 1706 seilicet
562 1655 668 1705 aedium
681 1671 724 1706 sa·

183 1725 271 1775 orario
289 1725 477 1790 aedificiisque
486 1725 601 1790 privatis
619 1725 670 1774 hoe
685 1725 725 1774 l’a·

183 1798 256 1844 ctum
274 1809 335 1844 esse
358 1795 551 1845 existimemus.
587 1793 646 1843 Iam
662 1809 724 1843 con-

183 1863 261 1914 clave
288 1864 339 1914 erit
371 1864 545 1930 cogitandum
573 1862 725 1914 areolarum

183 1937 373 1998 congestarum
382 1933 554 1985 multitudine
566 1933 725 1983 distinctum

184 2003 407 2068 insignitumque.
444 2003 497 2054 Sed
519 2003 658 2068 negotium
683 2003 725 2052 ia-

184 2073 268 2124 cessit
293 2071 457 2123 adiectivnm
481 2071 619 2138 θηκαῖος,
647 2073 725 2123 culus

185 2143 230 2191 vix
249 2141 363 2192 alterum
387 2142 537 2208 exemplum
554 2143 688 2208 reperias,
708 2158 725 2192 a

185 2203 264 2275 θήκη
276 2209 306 2276 (i.
314 2227 338 2262 e.
346 2227 418 2274 στου,
430 2215 532 2274 londos,
543 2213 579 2263 ci.
592 2211 670 2274 adll,
678 2212 724 2277 67)

186 2281 371 2332 derivandum.
404 2282 464 2344 Quo
476 2281 542 2332 illnd
556 2281 671 2342 accedit,
684 2281 724 2332 bi-

184 2365 233 2400 nos
251 2349 335 2401 libros
347 2367 395 2416 pro
407 2349 535 2416 θηκαίῳ
549 2350 645 2401 offerre
661 2348 723 2414 Θη-

183 2417 274 2486 βαίῳ,
300 2420 380 2486 quale
398 2419 562 2471 adiectivnm
585 2420 657 2470 hand
682 2425 724 2471 est

182 2488 330 2540 insolitum.
366 2491 427 2540 Hoc
451 2491 475 2540 si
499 2491 630 2555 recipias,
654 2490 724 2541 The-

182 2559 262 2609 baica
280 2559 356 2624 regio
376 2557 635 2624 intelligendum,
659 2560 724 2610 insi-

182 2629 243 2694 gnis
262 2628 310 2678 illa
327 2629 434 2695 quidem
456 2645 491 2679 aa
516 2630 573 2680 iere
595 2630 723 2695 primarie

156 2743 162 2755 ,
182 2698 723 2764 hominumsepulturaconditornmipso-

183 2783 235 2833 qne
254 2767 304 2818 deo
329 2769 456 2833 primario
477 2769 587 2820 Osiride
609 2774 636 2818 et
657 2769 724 2819 reci·

183 2837 287 2901 plaudis
310 2853 449 2902 procerum
473 2854 506 2888 ao
524 2838 650 2890 ditiorum
673 2838 724 2888 Ae-

183 2907 338 2970 gyptiorum
369 2907 549 2960 cadaveribus
581 2908 724 2959 medicatis

183 2975 353 3038 potissimum
385 2976 532 3029 destinata.
581 2978 621 3048 Ut
652 2979 724 3028 enim

184 3057 288 3094 summa
306 3045 333 3094 in
352 3045 418 3110 ipsis
437 3047 594 3098 condiendis
611 3048 724 3098 mortuis

184 3128 264 3176 cura,
288 3114 329 3163 ita
350 3114 423 3165 haud
442 3117 528 3166 minor
550 3118 578 3166 in
595 3117 664 3168 locis
684 3133 725 3168 se-

182 3181 307 3246 pulturae
324 3183 465 3248 eligendis.
502 3187 657 3237 Thebaicae
678 3203 725 3238 an·

183 3255 238 3300 tem
255 3253 374 3317 regionis
387 3269 448 3304 cnm
461 3270 565 3338 suumne
577 3262 650 3307 esset
664 3273 725 3308 san-

182 3321 273 3384 ctitas,
290 3327 501 3374 consentaneum
514 3326 647 3391 prolecto,
660 3341 725 3393 opu·

181 3389 308 3441 lentiores
326 3407 434 3458 qnoque
451 3393 515 3445 illue
537 3411 652 3461 corpora
674 3411 725 3447 sna

182 3461 317 3512 medicata
333 3462 432 3513 deierri
450 3469 532 3530 atque
556 3467 652 3530 reponi
670 3467 724 3516 ius-

182 3531 259 3582 sisse.
289 3531 348 3580 Iam
361 3547 457 3584 sensns
471 3535 598 3585 lectionis
611 3549 628 3584 a
641 3534 722 3585 Gren-

180 3615 242 3650 aero
264 3599 387 3665 pluribus
398 3602 553 3654 illustratae
571 3602 620 3667 (cf.
633 3619 661 3667 p.
677 3605 720 3655 73.

179 3670 214 3720 95
229 3685 286 3735 seq.
299 3671 348 3722 103
362 3673 454 3738 seqq.)
472 3675 517 3723 hic
527 3674 593 3723 erit:
612 3687 722 3734 corpora

773 679 816 729 vis
834 680 988 731 accuratius
1002 679 1146 730 deliniatur
1162 684 1189 730 ct
1199 679 1315 732 illustre-

774 754 828 799 tur.
865 750 943 813 Quod
962 748 1083 800 additum
1096 749 1247 800 invenimus
1258 748 1314 814 θη-

774 821 873 880 καίου,
892 819 920 868 id
939 817 974 868 ad
993 823 1180 883 argumentum
1194 835 1247 869 non
1260 821 1315 869 ine·

774 894 849 954 ptam
865 888 951 938 videri
969 887 1082 952 poterit,
1107 889 1147 937 its
1170 893 1201 938 nt
1218 889 1314 939 domus

773 955 942 1022 intelligatur
959 973 982 1007 s.
999 968 1117 1018 camora,
1137 956 1315 1009 adservandis

773 1027 870 1077 loculis
901 1018 1032 1091 (θήκαις)
1061 1025 1207 1078 destinata.
1252 1028 1316 1078 Val-

775 1097 928 1154 clseuarius.
940 1097 984 1162 qui
995 1095 1049 1145 loci
1059 1095 1248 1147 difficultatem
1257 1113 1315 1162 per·

775 1167 872 1233 spexit,
891 1167 1046 1216 coniecerat
1058 1155 1088 1214 ἐυ
1102 1158 1234 1229 οἰκήματι
1244 1182 1314 1216 και-

775 1253 791 1286 υ
800 1234 822 1304 ᾧ
829 1275 836 1300 ,
851 1234 1074 1302 quemadmodum
1082 1235 1162 1284 etiam
1173 1235 1245 1300 apud
1251 1237 1315 1286 Dio-

774 1308 868 1358 dorum
894 1307 918 1367 1,
942 1305 977 1356 92
1002 1309 1101 1356 exstat.
1138 1305 1227 1367 Mica,
1247 1305 1316 1357 alter

775 1376 869 1430 Gallos
887 1377 1035 1440 interpres,
1054 1375 1095 1424 sio
1112 1375 1209 1424 vertit:
1233 1377 1315 1436 „densa

775 1451 802 1497 la
818 1446 932 1496 cdonsbre
948 1446 1090 1508 selpulmule
1107 1445 1140 1494 dc
1156 1445 1316 1508 losundllc.“

775 1512 1314 1582 Nequealitchosellini(Monumm.civ.

776 1587 830 1637 111.
851 1603 878 1651 p.
902 1585 964 1650 340)
984 1583 1018 1635 de
1036 1583 1154 1649 sepulcri
1178 1582 1239 1634 loco
1257 1586 1316 1636 sive

776 1657 855 1708 domo
875 1653 1036 1720 recipiendis
1054 1669 1077 1704 a.
1096 1653 1261 1718 deponendis
1274 1671 1316 1706 ar-

775 1725 843 1777 culis
862 1725 1011 1776 constituta
1023 1724 1111 1788 accipi
1121 1723 1188 1774 vult.
1226 1724 1316 1786 Quare

775 1795 947 1846 retinendum
971 1793 1035 1844 duxi
1059 1790 1174 1862 θηκαίῳ
1196 1809 1258 1844 cnm
1275 1811 1316 1846 re·

776 1869 860 1917 centt.
879 1863 939 1916 edd.

810 1923 884 1985 οὕτω
903 1927 955 1998 μὲν
971 1924 1039 1990 τούς
1050 1925 1084 1982 ni
1096 1930 1316 1984 πολυτελέστατα

776 1996 940 2064 σκευάζουσι
960 1994 1089 2069 νεκρούς]
1108 2003 1238 2068 Supplere
1255 2020 1316 2069 pos-

775 2075 813 2126 sis
827 2091 887 2126 cnm
897 2071 1152 2143 Schweighaeusero
1167 2074 1315 2124 orationem

774 2145 846 2196 huno
862 2144 891 2193 in
908 2142 1028 2194 modum:
1047 2134 1114 2199 τοὺς
1128 2135 1202 2192 κατὰ
1217 2135 1251 2192 τὰ
1264 2158 1315 2192 πο-

774 2210 955 2263 λυτελέστατα
966 2210 1210 2276 ταριχευομένους.
1233 2214 1317 2276 Quid.

774 2285 803 2334 ni
821 2282 930 2334 iacilius
950 2281 1086 2346 supplere:
1112 2279 1315 2350 βουλομένους,

774 2359 806 2403 nt
822 2353 849 2402 in
868 2367 943 2418 seqq.
961 2347 1028 2407 roric
1048 2343 1082 2400 ede
1100 2349 1170 2413 μέσα
1182 2349 1316 2419 βουλομέ-

775 2437 857 2483 υουςς
872 2436 968 2472 sensus
985 2419 1216 2473 hand'obscnrus:
1235 2424 1317 2486 ‚daec

776 2494 888 2544 serratio
901 2491 1050 2556 apparendi
1058 2506 1089 2541 ea
1100 2491 1238 2552 cadauera,
1251 2511 1317 2560 quoe

773 2563 954 2626 pretiositates
981 2562 1082 2612 nondun
1110 2561 1225 2615 uolaut.“
1274 2565 1316 2615 Ad

774 2631 873 2682 verba:
897 2622 1025 2688 ἴστοέυτες
1043 2621 1139 2692 ὀρθὸν
1163 2624 1235 2694 πρὸς
1258 2637 1316 2682 roi-

774 2715 827 2766 χου
844 2705 936 2752 monet
955 2701 1067 2751 Belnoni
1082 2698 1205 2766 (Voyage
1217 2701 1240 2754 1.
1252 2719 1315 2770 pag.

774 2770 837 2834 266)
855 2771 883 2820 in
901 2771 1004 2836 cryptis
1016 2785 1033 2820 a
1046 2785 1074 2821 se
1085 2770 1200 2820 detectis
1212 2786 1242 2820 se
1255 2787 1316 2823 con-

773 2841 886 2891 trarium
904 2841 1057 2901 invenisse,
1082 2839 1181 2904 quippe
1203 2842 1317 2892 mumius

775 2908 928 2972 „conohdes
951 2926 1000 2976 par
1021 2909 1136 2972 rangdes
1163 2908 1316 2960 horizonta

774 2981 827 3041 les;
851 2979 1071 3046 quelques-anes
1095 2975 1198 3026 etaient
1221 2978 1316 3029 enien-

775 3049 837 3101 cdes
855 3049 924 3100 dans
942 3064 978 3100 un
998 3049 1098 3097 ciment
1111 3045 1157 3110 qui
1170 3061 1187 3095 a
1202 3046 1238 3096 dd
1258 3047 1316 3099 esre

776 3135 837 3170 mou
861 3119 951 3184 quand
972 3118 1011 3168 les
1034 3116 1137 3166 caisses
1161 3131 1179 3179 y
1200 3119 1248 3164 ont
1271 3115 1316 3167 dtd

776 3185 937 3255 deposdes.“
981 3187 1082 3238 Omnes
1106 3184 1220 3234 mumias
1242 3185 1316 3237 humi

775 3261 865 3310 iacere
879 3257 1017 3308 affirmant
1029 3269 1135 3322 quoqne
1144 3253 1242 3304 Olarlre
1250 3257 1316 3306 Tra-

775 3328 834 3378 vela
850 3331 902 3378 etc.
922 3327 961 3390 n,
980 3329 1006 3378 2.
1024 3341 1052 3391 p.
1069 3323 1119 3375 166
1130 3323 1192 3374 coll.
1212 3341 1239 3388 p.
1256 3327 1314 3376 XV.

774 3403 802 3448 et
818 3396 949 3448 Rusellini
965 3395 984 3445 l.
1006 3395 1035 3458 l.,
1057 3393 1139 3458 idque
1158 3394 1240 3442 etiam
1261 3409 1316 3444 oer-

773 3469 847 3516 nitur
865 3483 897 3516 ex
908 3467 1027 3530 imagine
1043 3477 1166 3514 camerae
1181 3461 1316 3526 sepulcra-

772 3535 807 3586 lis
819 3536 966 3586 Thebanae
976 3532 1083 3583 mumiis
1096 3530 1223 3594 repletae,
1236 3545 1315 3594 quam

774 3599 1316 3655 exhibuitWillsinson.Mannersetesec.

773 3689 825 3723 ser.
838 3673 877 3722 11.
895 3689 922 3738 p.
936 3671 1036 3721 XXXI.
1054 3668 1108 3719 Sed
1117 3666 1189 3731 apud
1202 3667 1315 3716 eundem

178 3740 303 3790 medicata
319 3745 431 3792 starcia
447 3745 544 3792 inclusa
561 3743 679 3805 deferunt
697 3744 723 3791 ln
773 3741 935 3792 Willrinson.
956 3741 1099 3804 (Manners
1115 3740 1167 3785 etc.
1186 3750 1240 3784 seo.
1263 3751 1315 3785 ser.

183 3807 332 3861 Thebaidem
350 3807 456 3876 (utpote
479 3809 658 3861 conditorium
681 3825 722 3860 re·
774 3811 811 3860 11.
831 3826 857 3874 p.
877 3806 942 3866 388)
957 3807 1071 3856 mumius
1090 3807 1195 3854 stantes
1213 3808 1242 3853 et
1260 3820 1316 3855 ere-

179 3877 281 3943 ligione
292 3880 408 3930 maxime
427 3879 627 3942 consecratum)
641 3879 723 3943 ibique
774 3883 842 3937 ctas,
856 3878 952 3942 quibus
964 3875 1081 3925 officium
1093 3871 1251 3938 persolvunt
1264 3875 1315 3936 sni,

178 3949 204 3996 ia
220 3950 337 4010 sepulcro
356 3950 472 3999 οοησιαα.
507 3949 597 3999 Unum
622 3952 723 4008 tamen,
775 3963 807 3996 ex
832 3946 899 4010 ipsis
918 3943 1098 3994 monumentis
1122 3942 1316 4007 Aegyptiorum

179 4019 324 4082 antequam
343 4017 510 4068 delectione
535 4017 636 4067 certius
660 4031 721 4079 pro·
774 4015 925 4078 descriptas
944 4013 1141 4077 conspicimus,
1160 4012 1277 4078 itemque
1290 4029 1315 4078 p.

178 4087 362 4148 nuntiaveris,
380 4093 488 4151 reputes
500 4085 596 4146 velim,
616 4082 723 4148 οἴκημα
774 4085 825 4134 366
843 4083 958 4132 mumias
974 4085 1095 4144 erectas,
1116 4095 1186 4146 qnae
1198 4083 1241 4131 vel
1256 4083 1315 4134 oleo

178 4169 239 4203 cum
256 4153 340 4204 latius
364 4159 458 4219 pateat
477 4153 676 4220 significatione
695 4156 722 4202 et
772 4151 970 4217 pessumdantur
978 4150 1022 4200 vel
1036 4151 1063 4199 in
1075 4148 1254 4202 conditorium
1264 4151 1317 4217 (ol-

178 4237 367 4288 quamcunque
384 4222 536 4274 aediculam
551 4237 721 4272 cameramve
771 4235 848 4284 κημα
866 4218 1006 4284 (inanius)
1025 4235 1042 4268 a
1061 4219 1119 4269 suis
1137 4220 1316 4284 abducuntur,

177 4291 428 4362 denotarc,possit,
447 4307 559 4342 necesse
569 4291 655 4340 videri
674 4288 721 4338 sd·
771 4290 899 4339 adstante
917 4303 984 4353 pone
999 4288 1122 4350 homine,
1140 4289 1186 4354 qni
1203 4292 1315 4340 mnmias

177 4359 257 4412 dator
274 4360 385 4430 aliquod
394 4361 571 4422 vocabulum,
591 4375 644 4426 qno
662 4359 720 4409 eins
771 4362 876 4410 erectas
894 4373 912 4408 s
929 4363 1005 4424 tergo
1030 4357 1162 4421 sustinet,
1187 4373 1222 4408 ne
1244 4359 1314 4409 deci-
