2980 4932
591 293 718 356 GLIO.
745 295 770 354 Ι.
795 306 820 359 l.
1256 297 1276 356 5

132 463 308 552 θαλάσσης
329 461 550 554 ἀπικομένους
572 470 623 538 ἐπὶ
643 467 746 561 τήνδε
766 467 829 561 τὴν
844 469 1023 540 θάλασσαν
1042 472 1098 540 καὶ
1116 471 1272 562 οἰκήσαν-

139 669 200 718 Ηοο
219 666 279 717 loco
304 667 351 732 qui
372 665 508 718 Aradionem
527 669 681 737 intelligunt
730 672 879 740 Eueyolop.
913 674 986 726 Sect.
1023 676 1046 726 I.
1080 673 1141 724 Vol.
1172 673 1214 724 37.
1248 691 1275 742 p.

139 737 242 799 einum,
253 736 417 788 Phoenicum
436 737 515 788 sedes
531 741 680 804 primitivas
731 743 783 796 426
801 759 858 810 aeq.
887 745 1110 812 Hengsteuberg:
1135 745 1178 794 De
1195 745 1276 796 rebus

138 807 173 857 ad
192 805 267 856 Illius
286 807 362 857 sinus
378 805 468 870 litora,
488 807 523 857 ad
532 809 681 862 Aelanitem
732 813 883 878 Tyriorum
896 830 923 880 p.
947 815 990 866 93.
1021 813 1118 865 Starh:
1149 813 1225 866 Gara
1247 831 1275 880 p.

137 877 241 939 einum,
262 877 395 938 referunt,
414 876 557 943 ipsamque
576 887 682 945 gentem
733 883 765 933 37
787 897 844 949 seq.
867 884 904 935 st
921 885 991 938 bene
1008 884 1143 936 Herodoti
1160 885 1276 950 patroci-
1306 927 1313 940 .

137 948 284 998 Arabicam
304 962 365 998 esse
386 947 602 1010 Homeritarum‚
622 967 683 1002 eon-
733 953 807 1002 nium
821 955 940 1020 suscepit
951 955 1088 1006 Bertheau
1100 955 1167 1018 (Zur
1177 955 1276 1006 Gesch.

137 1017 263 1068 tendunt.
302 1017 355 1080 Qui
377 1018 510 1067 Persicos
533 1019 619 1069 sinum
639 1021 685 1072 hic
734 1020 761 1070 d.
785 1022 903 1073 Israelit.
922 1040 949 1088 p.
975 1025 1025 1075 161
1048 1023 1135 1089 seq),
1165 1024 1275 1074 rubrum

135 1087 290 1154 intelligere
309 1086 418 1149 malint,
444 1087 581 1138 Strabone
602 1091 685 1155 potis-
735 1105 809 1140 mare
821 1091 848 1141 h.
865 1091 885 1143 l.
903 1108 958 1142 non
971 1094 1044 1143 allud
1060 1094 1116 1143 nisi
1137 1095 1276 1145 Persicum

133 1159 231 1208 simum
249 1161 362 1208 utuntur
381 1159 498 1220 teste(1.
510 1175 537 1224 p.
553 1161 587 1210 42
601 1175 624 1212 s.
641 1160 684 1223 78,
736 1159 854 1226 intelligi
870 1176 951 1226 posse
962 1161 1074 1224 doceam
1092 1178 1162 1227 quae
1178 1164 1211 1214 de
1224 1164 1276 1230 pri·

133 1229 167 1280 A.
187 1227 260 1278 xvi.
281 1242 309 1292 p.
328 1227 378 1278 784
396 1242 419 1277 s.
441 1227 554 1279 liele.
572 1230 605 1280 Β.
619 1229 683 1281 add.
735 1230 840 1280 mitivis
865 1231 1031 1281 Phoenicum
1059 1231 1168 1281 sedibus
1198 1233 1225 1282 h.
1257 1233 1276 1282 l.

134 1299 234 1348 lustin.
257 1298 361 1359 XVIII,
382 1297 408 1349 3.
436 1298 557 1363 Heeych.
580 1302 630 1350 snb
654 1317 681 1352 r.
734 1299 891 1364 tradentur,
911 1317 944 1351 ea
961 1301 1005 1352 rel
1018 1301 1197 1366 posteriorum
1214 1303 1278 1352 ecri-

134 1359 276 1418 Σιδόνιοι.
295 1366 415 1434 Etymol.
427 1383 518 1434 mega.
534 1384 557 1419 s.
570 1385 597 1420 v.
611 1369 678 1420 Φοί-

133 1453 219 1496 νικες.
234 1438 348 1503 Dionys.
360 1439 467 1504 Perieg.
487 1439 539 1490 905
555 1455 612 1506 seq.
627 1440 677 1490 ibi-

135 1524 188 1576 que
219 1507 320 1560 Soboll.
350 1508 480 1574 Stephan.
508 1509 577 1574 Byr.
601 1527 624 1562 s.
648 1527 675 1561 v.

126 1570 250 1638 Ἀζοτος.
270 1577 504 1645 Pseudoorigenes
523 1595 545 1630 s.
572 1580 676 1646 Hippo·

132 1650 207 1716 lytus
225 1647 258 1698 de
272 1648 378 1699 haeres.
395 1665 423 1714 p.
442 1645 509 1712 85.),
528 1651 575 1713 qui
592 1651 677 1700 Phoe·

133 1720 208 1770 uices
227 1734 241 1768 e
257 1719 318 1768 sinu
333 1719 444 1769 Persico
461 1718 495 1768 ad
508 1735 583 1770 mare
596 1720 677 1770 medi-

133 1795 288 1840 terraneum
301 1789 494 1854 commigrasse
506 1789 610 1840 scribit.
623 1789 679 1840 Un-

134 1860 168 1911 de
188 1859 308 1924 vulgaris
327 1863 389 1910 orta
403 1859 540 1908 sententia
550 1859 583 1908 de
595 1859 679 1910 Phoe-

133 1932 224 1982 nicum
239 1929 349 1980 sedibus
358 1927 526 1994 principibus
544 1929 579 1979 ad
593 1929 681 1978 sinum

132 2000 286 2062 Persicum,
307 1999 380 2050 unde
403 1998 448 2049 vel
473 2003 550 2049 recta
578 2000 624 2048 via
646 1997 681 2048 ad

133 2087 208 2122 mare
226 2069 453 2121 mediterraneum
470 2069 623 2134 migrarint,
638 2067 681 2119 rel

133 2142 210 2208 price
229 2140 264 2191 ad
283 2141 371 2191 sinum
391 2139 539 2190 Arabicum
562 2140 680 2204 proiecti

133 2211 200 2262 inde
223 2211 329 2262 demum
355 2211 390 2262 ad
410 2210 483 2260 illius
511 2211 594 2260 maris
618 2226 680 2259 oras

133 2281 317 2348 pervenerint.
356 2283 432 2344 Quae
461 2297 532 2331 nuuc
558 2281 680 2345 pluribus

133 2367 271 2418 exponere
289 2368 343 2402 non
362 2355 452 2402 vacat.
489 2351 573 2402 Plura
594 2350 678 2402 Beck.

132 2421 302 2486 Weltgesch.
321 2423 343 2472 1.
364 2439 391 2488 p.
411 2420 462 2472 258
481 2437 522 2486 sq.
535 2425 562 2471 et
580 2421 680 2472 Ritter.

132 2491 283 2544 Erdhuude
308 2493 346 2543 11.
364 2508 391 2557 p.
416 2491 476 2542 183.
499 2491 540 2542 Ad
559 2490 682 2541 Herodo-

132 2568 192 2613 tum
210 2567 386 2624 revertamur,
405 2562 460 2627 qui,
479 2561 598 2612 sisinum
615 2561 682 2612 Per-

131 2636 212 2684 sicum
236 2633 310 2682 rubri
331 2632 412 2682 maris
433 2630 618 2696 appellatione
637 2633 682 2696 (ut

132 2703 158 2764 Ι,
179 2702 239 2754 180.
258 2701 309 2763 ΙΙΙ,
328 2702 371 2754 93.
396 2701 458 2764 VII,
477 2701 520 2752 80.
537 2698 585 2764 89)
605 2700 682 2750 intel·

130 2773 211 2836 lexit,
230 2773 338 2838 egregie
355 2771 473 2822 firmabit
486 2771 562 2822 illam
575 2775 682 2822 senten-

131 2843 215 2904 tiam,
240 2857 294 2906 qna
320 2841 470 2893 Phoenices
498 2842 623 2907 primitus
647 2840 681 2891 ad

132 2914 219 2962 istum
237 2913 325 2962 sinum
346 2912 546 2973 habitaverint,
572 2927 588 2960 a
606 2911 680 2962 Stra-

131 2985 220 3044 bone,
246 2982 307 3032 aliis
325 2981 473 3047 prolatam,
498 2983 611 3048 ipsoque
627 2982 680 3032 He-

132 3051 232 3103 rodoto
260 3052 408 3103 indicatam
431 3051 500 3114 VII,
525 3051 568 3102 811.
610 3051 680 3101 Nam

133 3121 169 3172 de
194 3121 305 3173 Arabico
330 3125 386 3172 οἰοο
409 3121 482 3172 baud
505 3120 680 3187 cogitandum

134 3207 196 3243 esse
219 3197 310 3242 mouet
329 3192 493 3242 Dahlmann.
513 3207 540 3255 p.
561 3191 604 3242 82.
624 3187 678 3254 83,

134 3261 181 3328 qui
200 3261 272 3327 quod
290 3261 382 3312 latiori
406 3277 488 3312 sensu
511 3261 555 3312 bie
578 3261 679 3311 rubrum

133 3347 206 3382 more
233 3329 350 3396 intelligi
372 3330 454 3394 vult,¹
470 3331 543 3382 haud
567 3345 677 3396 prorsas

133 3407 228 3452 tamen
261 3403 412 3452 sententies
438 3401 521 3466 vulgo
551 3405 677 3464 receptae

133 3472 306 3523 adversatur.
344 3471 397 3522 Sed
418 3471 488 3522 hanc
511 3471 599 3536 ipsam
618 3485 679 3519 sen-

133 3541 249 3593 tentiam
266 3541 299 3592 de
311 3541 492 3592 Phoenicibus
511 3556 527 3590 a
547 3541 608 3590 sinu
616 3539 680 3588 Per·

132 3612 192 3663 sico
222 3611 256 3661 ud
279 3611 468 3662 mediterranei
493 3609 577 3660 maris
606 3623 681 3657 oram

133 3681 233 3732 delatis
251 3697 360 3745 prorsus
378 3681 476 3732 falsam
500 3695 574 3742 erse,
595 3679 681 3728 Hero-

133 3751 200 3802 doto
230 3749 265 3800 sd
292 3751 455 3803 credendum
480 3765 565 3815 prono
590 3749 681 3798 obtru-

133 3837 193 3872 sam
218 3836 268 3870 uec
299 3821 355 3872 ullo
390 3819 470 3871 modo
503 3818 680 3884 probandam,

132 3895 230 3942 nostra
247 3894 339 3942 aetate
353 3890 445 3956 plures
459 3890 512 3939 viri
530 3887 603 3938 docti
620 3903 682 3939 con-

134 3960 295 4024 tenderunt,
318 3961 464 4026 praecipue
485 3959 592 4009 Movere
616 3957 682 4018 (An-

134 4029 201 4080 nali.
221 4029 319 4093 philos.
339 4034 367 4080 et
385 4029 468 4080 theol.
489 4027 588 4078 cathol.
602 4027 680 4078 1844.

134 4099 172 4150 11.
193 4115 220 4164 p.
242 4099 283 4150 12.
304 4097 592 4160 Hailldneyclopaed.
608 4098 680 4148 Sect.

134 4169 187 4220 111.
208 4166 270 4218 Vol.
294 4169 338 4220 24.
361 4185 387 4232 p.
408 4167 467 4218 327.
491 4169 544 4218 Die
566 4167 679 4218 Phbnia.

134 4237 171 4296 11.
192 4239 217 4288 1.
236 4253 263 4302 p.
285 4238 319 4289 28
335 4253 393 4302 seq.
410 4235 443 4288 38
460 4235 562 4301 seqq),
579 4238 624 4287 Fr.
644 4237 679 4286 H.

133 4305 233 4356 hiiiller
250 4307 325 4357 Disa.
347 4307 380 4356 de
397 4307 479 4358 rebue
496 4307 602 4358 Semitt.
617 4306 681 4368 (Be-

134 4375 184 4425 rol.
205 4374 287 4440 1831)
305 4391 333 4441 p.
357 4376 401 4428 20.
421 4377 526 4427 Zander
545 4376 585 4424 in:
606 4374 680 4425 Hall.

731 1375 840 1436 ptorum
858 1372 1021 1422 testimoniis
1047 1369 1199 1422 confirmari
1227 1387 1278 1422 uec

729 1441 839 1491 omnino
873 1442 1020 1507 quidquem
1060 1441 1172 1504 habere,
1206 1441 1278 1507 quod

728 1511 782 1562 lide
810 1513 898 1562 minus
927 1512 1040 1578 dignum
1071 1510 1157 1561 videri
1185 1516 1277 1578 queat,

727 1597 779 1632 nec
797 1581 912 1647 denique
934 1583 968 1633 iis
984 1581 1134 1648 refragari,
1157 1597 1227 1647 quse
1248 1583 1277 1632 in

729 1667 808 1701 sacra
837 1653 973 1717 scriptura
1008 1656 1165 1702 narrentur.
1205 1651 1275 1703 Add.

729 1723 817 1772 Kurz:
842 1721 940 1772 Gesoh.
960 1721 986 1771 d.
1015 1721 1063 1772 alt.
1090 1720 1179 1772 Bund.
1200 1721 1223 1774 1.
1247 1739 1275 1787 p.

731 1793 792 1842 124.
824 1791 864 1840 Ae
890 1791 980 1856 placet
1002 1790 1113 1840 Boethii
1141 1791 1279 1840 sententis

732 1859 844 1926 (Gesch.
862 1859 888 1909 d.
905 1859 1068 1910 steneland.
1082 1859 1240 1922 Philosoph.
1253 1860 1277 1910 1.

732 1945 760 1994 p.
777 1929 810 1979 87
830 1931 856 1978 et
866 1933 935 1980 nott.
947 1945 975 1994 p.
985 1927 1024 1990 ⁴.)
1038 1927 1171 1986 docentis,
1188 1927 1277 1991 prisco

733 1997 877 2049 admodum
897 2015 964 2050 aevo
976 2002 1071 2064 gentes
1087 1996 1230 2048 Semiticas
1245 1997 1280 2048 ad

732 2069 821 2119 sinum
839 2068 979 2120 Persicum
998 2065 1037 2131 (s.
1061 2081 1135 2118 mue
1155 2066 1279 2133 rubrum)

732 2139 888 2190 habitantes
912 2140 946 2190 ab
969 2139 1079 2190 Arianis
1106 2153 1122 2188 e
1145 2139 1278 2204 superiori

732 2210 799 2260 Asia
828 2207 1055 2260 descendentibus
1089 2207 1149 2258 loco
1182 2207 1278 2260 cedere

732 2283 843 2332 coactas
871 2281 923 2330 sihi
951 2285 1028 2330 trans
1055 2278 1221 2344 Euphratem
1244 2295 1277 2330 ec

732 2351 837 2417 Tigrim
854 2367 940 2401 noras
956 2350 1034 2401 sedes
1047 2349 1216 2416 quaesivisse
1234 2366 1276 2402 oe-

732 2437 825 2472 casnm
844 2436 939 2472 versus
955 2437 1041 2486 usqne
1064 2419 1099 2469 ad
1121 2419 1278 2470 mediterra-

732 2507 812 2542 neum
833 2506 919 2552 mare,
943 2491 1020 2541 euius
1046 2505 1121 2540 oram
1151 2489 1214 2540 inde
1242 2489 1277 2540 eb

731 2561 798 2612 Asia
827 2560 923 2610 minori
950 2575 1037 2624 nsque
1063 2559 1098 2610 ad
1124 2559 1278 2624 Aegyptum

733 2631 791 2681 iere
808 2630 954 2680 tenuerint.
978 2631 1029 2680 His
1047 2630 1131 2694 igitur
1151 2629 1277 2690 gentibus

732 2702 757 2752 si
772 2701 921 2751 Phoenices
934 2704 1127 2761 accensentur,
1138 2697 1278 2748 Herodoto

732 2786 783 2822 sua
802 2771 939 2821 constabit
957 2771 1123 2831 auotoritas,
1144 2769 1203 2818 sine
1222 2767 1279 2818 ido-

732 2857 784 2892 nea
812 2855 896 2891 causa
921 2855 1059 2904 nunqnam
1095 2837 1277 2888 sollicitanda.

731 2913 774 2962 Tu
785 2911 841 2962 vid.
861 2925 977 2976 quoqne,
998 2923 1066 2974 quae
1078 2907 1228 2972 Guigniaut
1246 2907 1279 2958 de

730 2981 773 3032 his
788 2981 895 3041 statuit,
914 2979 1056 3044 Religions
1069 2975 1103 3025 de
1116 2975 1286 3040 l'Antiqnite,

731 3051 768 3111 11,
788 3051 813 3102 3.
834 3067 860 3116 p.
887 3049 938 3099 822
958 3063 1015 3114 seq.
1051 3048 1191 3097 Cremerae
1212 3045 1289 3110 buteo¹

731 3119 890 3186 adscripsit:
928 3118 1027 3180 „Ocni
1061 3117 1188 3168 itinerar.
1217 3115 1278 3166 Ale-

730 3189 826 3240 xandr.
852 3189 895 3240 ed.
919 3188 985 3240 Mei.
1012 3187 1172 3252 (Mediolon.
1199 3182 1278 3247 1817)

731 3264 756 3324 5.
779 3259 840 3312 110:
862 3258 966 3324 „„Ipsa
981 3254 1085 3322 (India)
1097 3273 1162 3307 vero
1180 3255 1279 3305 extrin-

731 3345 810 3381 secus
833 3329 934 3394 ubique
960 3328 1070 3378 Oceano
1093 3327 1221 3386 munitur,
1240 3325 1279 3374 in-

729 3399 826 3450 terfluo
839 3398 1027 3460 mariHippolo
1037 3395 1117 3458 (Cod.
1125 3389 1279 3460 Hippallo),

732 3469 810 3518 cuius
829 3467 1013 3516 sinnsPereas
1033 3463 1197 3513 includit.““
1232 3462 1279 3512 Ni-

731 3537 828 3587 mirum
846 3549 914 3583 mare
929 3533 1099 3598 Erythraeum
1116 3531 1280 3594 appellatum

734 3607 816 3656 etiam
835 3607 877 3654 est
893 3617 963 3651 mare
980 3601 1124 3664 Hippalum.
1146 3598 1209 3649 Vitl.
1230 3599 1280 3650 Le-

733 3681 831 3726 tronne
848 3673 876 3722 in
891 3669 1006 3722 Journal
1025 3669 1050 3720 d.
1076 3667 1182 3720 sevam
1202 3667 1278 3720 1818.

733 3744 830 3797 Juillet
847 3759 874 3807 p.
894 3741 1016 3806 conseq.
1036 3739 1102 3804 ibiq.
1116 3738 1190 3791 laud.
1205 3738 1277 3796 Plin.

733 3817 769 3866 H.
794 3813 827 3864 N·
854 3811 902 3872 VI,
927 3809 970 3861 23.
992 3827 1019 3876 p.
1039 3810 1089 3864 327
1119 3809 1184 3876 iqu.
1210 3809 1279 3863 Har·

734 3885 810 3936 duiu.
838 3880 974 3932 Videlicet
1001 3884 1030 3931 in
1057 3879 1104 3931 illo
1131 3881 1279 3933 Alexandri

733 3955 874 4006 itinerario
898 3949 965 4002 illud
984 3967 1083 4003 nomen
1104 3953 1219 4016 primum
1237 3951 1276 4002 di-

735 4030 807 4076 serte
824 4023 940 4074 inditum
958 4022 1026 4072 mari
1044 4021 1227 4086 Erythraeo.“

768 4085 961 4156 ἀπικομένους
978 4081 1023 4140 lul
1046 4083 1131 4154 τήνδε
1152 4083 1205 4155 τὴν
1224 4082 1278 4138 θοὶ-

731 4162 849 4229 λασοαν]
867 4164 953 4214 Hocce
969 4177 1038 4212 mure
1056 4161 1157 4212 Nostro
1181 4159 1280 4208 dicitnr

733 4251 807 4286 mere
828 4235 1045 4285 mediterraneam.
1087 4231 1279 4295 Exposuernnt

733 4299 1279 4366 Schweighaeuser.adAppisn.Prooe1n.

732 4375 823 4425 I.Vol.
836 4375 889 4425 111.
902 4389 929 4438 p.
950 4369 1006 4430 110,
1023 4373 1050 4418 et
1069 4368 1124 4428 alii,
1144 4377 1211 4431 quos
1223 4361 1281 4413 leu-
