3088 4922
217 253 279 314 512
651 253 919 316 HERODO'PI

217 428 344 518 ἐσθῆτα
357 423 420 496 οὐκ
433 429 539 509 ἔξεστι
554 436 688 518 λαβεῖν,
716 426 796 499 οὐδὲ
812 423 1012 518 ὑποδήματα
1024 425 1119 500 ἄλλα.
1161 431 1300 497 λοῦνται
1319 427 1357 498 δὲ

217 532 269 611 δὶς
279 536 337 619 τῆς
350 526 473 620 ἡμέρης
481 532 756 626 ἑκάστηςφνηρῷ,
772 533 828 600 καὶ
837 534 888 612 δὶς
901 531 1038 621 ἑκάστης
1056 531 1184 611 νυκτός.
1203 529 1306 613 ἄλλας
1319 559 1356 602 τε

215 642 405 724 θρησκηίας
413 637 618 706 ἐπιτελέουσι
632 644 770 727 μορίας,
784 632 828 716 ὡς
837 642 945 706 εἰπεῖν
955 636 1053 730 λόγῳ.
1074 636 1239 724 πάσχουσι
1250 635 1289 704 δὲ
1299 639 1355 704 καλ

216 735 329 826 ἀγαθοὶ
344 735 406 808 οὐκ
427 735 533 826 ὀλίγα.
560 737 637 809 οὔτε
651 769 682 809 τι
697 738 761 828 γὰρ
775 745 844 810 τῶν
854 745 994 829 οίκηΐων
1005 747 1178 830 τρίβουσι,
1198 736 1277 809 οὔτε
1293 746 1353 809 δα-

216 846 423 927 ιιανέοινται,
447 839 531 912 ἄλλα
544 846 600 913 καὶ
611 852 700 913 σιτία
713 852 778 932 σφί
790 847 858 913 ἐστι
874 842 929 932 lod
943 843 1150 932 arausicense,
1172 845 1227 911 καὶ
1244 849 1355 932 κρεῶν

215 949 325 1034 βοέων
350 949 407 1016 καὶ
427 949 558 1034 χηνέων
578 947 708 1038 πλῆθός
728 976 759 1016 τι
788 947 914 1041 ἑκάστῳ
936 954 1064 1035 γίνεται
1084 944 1210 1018 πολλὸν
1231 942 1353 1036 ἡμέρης

216 1049 369 1140 ἑκάστης·
386 1055 515 1120 δίδοται
530 1053 570 1120 δι’
581 1073 641 1139 σφι
656 1054 713 1122 καὶ
726 1051 817 1132 οἶνος
824 1049 1013 1140 ἀμπέλινος.
1035 1051 1167 1140 ἰχθύων
1182 1051 1219 1119 δὲ
1233 1047 1275 1119 οὕ
1290 1069 1351 1138 σφι

216 1251 256 1302 dit
279 1251 370 1318 imago
390 1252 526 1318 Aegyptia
552 1253 624 1319 apud
644 1251 759 1303 Wilkin-
808 1265 875 1316 των,
894 1256 1024 1317 utsupra
1041 1252 1079 1316 11,
1098 1252 1132 1305 28
1149 1257 1273 1303 vocatur.
1309 1253 1351 1303 Ex

215 1337 275 1374 son.
293 1323 421 1372 Manuers
440 1327 492 1373 etc.
513 1323 566 1374 111.
585 1339 610 1388 p
627 1323 684 1374 180.
716 1324 758 1373 De
808 1319 860 1371 hoc
885 1321 990 1372 aerario
1022 1321 1141 1374 omnium
1169 1321 1350 1384 sacerdotum,

214 1392 296 1458 byblo
315 1393 427 1458 eiusque
448 1393 524 1442 vario
542 1408 595 1443 usu
613 1393 704 1443 varias
723 1392 758 1442 ad
808 1391 854 1455 qui
875 1391 911 1441 ad
930 1391 1059 1456 templum
1073 1391 1157 1443 hocce
1168 1392 1349 1457 pertinebant,

214 1478 257 1512 rea
276 1463 313 1514 cl.
332 1467 402 1512 nott.
423 1462 457 1512 sd
475 1462 514 1526 ΙΙ,
533 1463 577 1514 ΙΙ2.
808 1466 913 1510 sumtus
931 1462 1130 1526 erogabantur,
1155 1463 1284 1528 ipsaeque
1308 1476 1351 1512 sa·

248 1529 365 1581 λοῦνται
385 1525 416 1582 dl
440 1527 485 1588 δίς
509 1531 560 1598 τῆς
582 1522 688 1598 ἡμέρης
708 1547 756 1582 νο-
807 1530 946 1581 cerdotum
959 1531 1079 1582 familiae
1089 1531 1277 1598 quotidianum
1286 1531 1349 1582 inde

213 1594 290 1666 κτός]
316 1601 392 1652 Idem
416 1600 510 1652 retulit
532 1602 699 1668 Porphyrius
724 1617 757 1651 er
807 1601 979 1666 accipiebant
996 1603 1113 1666 victum,
1133 1606 1162 1652 ut
1180 1601 1248 1652 nihil
1266 1617 1280 1653 e
1297 1602 1338 1667 pri

156 1719 161 1728 ,
213 1669 397 1722 Chaeremone
421 1673 455 1722 de
472 1671 573 1723 abstin.
592 1687 637 1722 au.
663 1673 711 1734 lv,
731 1674 756 1735 7,
807 1671 879 1720 vatis
893 1671 1284 1737 opibusesaetinsumeudnm.
1308 1674 1348 1722 Ao

213 1739 291 1805 plura
309 1741 342 1790 de
360 1742 531 1792 sacerdotum
549 1741 649 1793 officiis
666 1709 756 1806 dis’fpu
807 1746 949 1805 praeterea
964 1742 1078 1808 singulis
1095 1742 1282 1793 sacerdotibus
1296 1745 1348 1807 pri-

213 1816 291 1874 taus‚
322 1812 375 1862 uisi
399 1811 471 1877 quod
497 1821 537 1863 ter
564 1813 614 1863 hoc
639 1812 756 1862 interdiu

213 1879 401 1947 lierisoripsit.
428 1882 470 1932 De
491 1883 662 1933 sacerdotum
681 1881 756 1932 ablu-

213 1951 333 2001 tionibus
352 1951 421 2000 idem
435 1957 530 2002 auctor
543 1958 585 2001 est
593 1951 756 2003 Plutarchus

214 2019 247 2070 de
266 2020 332 2071 leid.
358 2026 441 2087 atque
460 2021 561 2073 Osirid.
581 2037 641 2087 cap.
666 2024 709 2073 75.
727 2037 753 2086 p.

213 2089 262 2142 381
282 2091 317 2154 Ι),
341 2092 513 2154 ubinamst,
537 2107 635 2156 aquam
659 2107 690 2142 eo
709 2091 755 2142 ed-

211 2159 299 2210 hiberi
317 2175 424 2224 puram,
443 2162 515 2212 uude
533 2161 585 2211 ibis
604 2161 663 2211 avis
681 2161 755 2212 bibe-

212 2230 257 2280 rit.
285 2229 364 2280 Unde
382 2230 498 2282 lotiones
517 2231 650 2282 solemnes
665 2231 693 2280 in
710 2233 755 2282 Iu·

212 2300 448 2362 dacorumsacris,
467 2301 610 2367 dequibus
625 2301 753 2366 Speucer.

212 2368 230 2420 l.
248 2368 268 2418 Ι.
283 2369 335 2432 ΠΙ,
355 2369 381 2420 3.
401 2375 468 2420 sect.
488 2373 513 2421 ·2.
532 2387 595 2436 pag.
606 2371 657 2422 788
676 2387 752 2438 seqq.

211 2437 296 2501 Idem,
313 2441 490 2491 monenteCr.
495 2439 651 2506 ,hodieque
664 2441 754 2492 iacere

210 2509 361 2573 Aegyptios
384 2477 520 2560 testautdr
539 2509 609 2560 Galli
633 2511 752 2562 doctiin

210 2579 346 2644 Descript.
367 2578 400 2629 de
417 2579 488 2646 l’Eg.
509 2579 547 2630 11.
567 2595 630 2646 pag.
643 2581 704 2633 388.
717 2609 752 2619 -

210 2647 252 2698 Ad
270 2647 372 2717 ψυχρῷ
391 2649 479 2715 euppl.
498 2638 596 2711 δδατις
615 2652 650 2706 cf
673 2653 752 2702 Lam-

210 2718 279 2768 bert.
298 2719 363 2769 Bos.
399 2721 440 2770 De
457 2717 567 2785 Ellipss.
624 2723 672 2774 581
693 2737 749 2788 seq.

243 2779 328 2845 ἄλλας
351 2803 380 2838 τε
398 2786 562 2854 θρησκηίας
561 2735 750 2841 διατελέουσι

208 2855 323 2923 μορίας]
343 2859 388 2909 Ita
406 2859 529 2910 dedimus
543 2860 694 2928 Schweigh.
709 2877 750 2912 se-

208 2929 279 2990 cuti;
299 2929 395 2995 vulgo:
409 2928 512 2994 μορίας
529 2921 718 2981 ἐπιτελέουσι
710 2948 749 2982 ιιι

207 3013 287 3048 verso
306 2999 409 3049 ordine.
447 2999 489 3050 Ad
506 2996 669 3065 θρησκηίας
686 3000 749 3066 (pro

208 3067 282 3133 vulg.
306 3066 464 3149 repensor)
485 3071 557 3121 conf.
582 3069 619 3133 ΙΙ,
647 3072 678 3122 18
700 3071 748 3121 ibi-

208 3151 261 3200 que
279 3141 350 3189 uott.
386 3130 464 3189 Ad‘
447 3153 485 3196 τις
502 3133 594 3189 είαειν
613 3108 689 3206 λόγῳ
709 3141 746 3204 ΙΙ,

208 3207 240 3256 21
252 3205 345 3271 ibique
354 3213 424 3259 nott.
452 3209 492 3258 De
505 3214 663 3275 argumento
673 3212 746 3261 coni.

206 3275 350 3342 Porphyrii
359 3276 448 3328 locum
458 3277 531 3330 laud.
559 3279 677 3330 Verbum
690 3273 748 3330 dur-

205 3343 326 3395 τελεῖν
319 3361 347 3396 ιιι
368 3348 448 3398 rebus
473 3349 558 3400 sacris
586 3349 747 3414 peragendis

205 3416 338 3466 usitatum
363 3415 557 3470 illustravimus
580 3419 614 3470 ad
639 3420 747 3470 Ctesiae

205 3486 330 3552 fragmm.
347 3503 410 3553 pag.
425 3487 540 3540 43d.-
556 3490 589 3540 In
612 3506 687 3556 seqq.
706 3505 746 3540 re-

206 3554 273 3620 liqui
291 3552 503 3620 δαπανίοινται,
524 3559 685 3612 eBredovii
703 3575 747 3611 ca·

128 3625 133 3636 '
205 3641 275 3676 noue
293 3623 341 3690 (ci.
360 3641 422 3694 pag.
442 3625 505 3694 381)
522 3635 668 3682 areceutt.
683 3630 744 3682 edd.

205 3697 366 3746 mutatum
357 3713 385 3746 m
405 3695 607 3777 βατιανέοιιται.

241 3755 306 3814 οὔτε
330 3782 356 3816 τι
380 3759 433 3832 γὰρ
462 3763 519 3816 τοῖν
544 3763 664 3832 οίκηλων
687 3767 745 3832 τρί-

204 3829 287 3899 βουσι
310 3851 335 3886 κ.
361 3851 386 3885 τ
408 3833 445 3901 λ]
468 3835 545 3888 Ηοοο
572 3837 746 3890 diiudicanda

205 3907 269 3952 eunt
288 3919 321 3954 ax
344 3905 474 3957 universa
490 3907 685 3990 Aegyptiorum
704 3923 745 3958 sa·

203 3971 342 4024 cerdotum
352 3975 506 4027 conditione
516 3981 598 4042 atque
608 3977 744 4030 instituto.

205 4039 309 4105 Cuique
326 4045 397 4093 enim
414 4045 515 4111 templo
538 4048 620 4114 ampli
643 4048 744 4099 adiecti

204 4115 282 4160 erant
292 4112 376 4175 tundi,
396 4130 428 4174 ex
442 4131 555 4180 quorum
569 4118 658 4168 reditu
674 4133 744 4169 com·

204 4193 284 4230 mune
297 4151 391 4248 templi
403 4187 526 4236 constitit
543 4188 685 4250 aerarium,
698 4189 742 4238 eui

204 4249 256 4334 ipsi
278 4265 347 4302 unus
370 4269 384 4304 e
411 4255 597 4307 sacerdotibus
616 4257 743 4334 praefuit,

202 4313 217 4370 ὁ
238 4315 447 4388 γραμματιστὴς
469 4321 526 4375 τῶν
548 4319 619 4391 [ρῶν
636 4319 742 4392 χρημά-

382 4591 427 4600 Α

807 1818 889 1862 ratae
907 1827 1013 1878 quoque
1037 1827 1101 1878 opes
1121 1812 1205 1864 luisse
1222 1812 1348 1862 ridentur

807 1885 835 1930 et
851 1881 967 1946 peculia.
1004 1883 1046 1932 Tu
1063 1882 1119 1932 vid.
1133 1882 1250 1933 Heereu
1265 1881 1347 1933 ldeen

807 1955 860 2002 etc.
879 1952 918 2014 Il,
937 1954 963 2002 2.
988 1967 1051 2018 pag.
1076 1951 1125 2004 132
1149 1951 1212 2004 coll.
1232 1951 1345 2003 Diodor.

806 2021 861 2072 Sic.
887 2023 910 2082 1,
935 2021 978 2072 73.
1022 2022 1101 2073 Unde
1129 2022 1197 2072 eatis
1225 2027 1346 2087 apparet,

807 2105 877 2155 quae
901 2091 956 2141 sint
978 2083 1027 2154 ίρδι
1049 2106 1178 2157 χρηματα
1201 2092 1238 2176 11,
1264 2093 1298 2144 28
1319 2097 1346 2142 et

805 2159 918 2236 quaeh.
936 2161 954 2212 l.
971 2161 1096 2212 dicantur
1119 2155 1228 2210 osrlu‘
1216 2153 1265 2242 ιρὰ
1281 2173 1346 2212 ιτεσ-

805 2222 918 2294 σόρικα,
937 2230 954 2281 Ι.
974 2247 997 2282 a.
1017 2230 1072 2281 cibi
1088 2232 1174 2295 cocti,
1192 2231 1238 2296 qni
1252 2247 1267 2280 e
1281 2237 1346 2282 tem-

803 2299 909 2364 plorum
923 2300 1027 2352 aerario
1040 2300 1226 2366 reditibusque
1234 2316 1346 2365 erogan-

803 2374 848 2418 tur
866 2369 1053 2421 sscerdotibus
1064 2386 1208 2436 corumque
1222 2369 1342 2420 familiis.

805 2439 883 2500 Quod
902 2456 965 2490 vero
990 2439 1017 2494 h.
1043 2439 1061 2490 l.
1089 2445 1194 2506 praeter
1216 2439 1342 2489 bovinam

804 2523 911 2559 carnem
929 2513 1049 2561 ansuino
1067 2525 1172 2577 quoque
1184 2523 1342 2560 commemo-

803 2583 894 2641 ratur,
912 2579 951 2629 nil
968 2581 1077 2642 mirum;
1100 2595 1163 2630 nam
1187 2593 1294 2630 anseres
1313 2578 1342 2628 iu

802 2648 906 2699 deliciis
935 2649 1063 2701 habuisse
1084 2649 1209 2701 videntur
1236 2654 1342 2700 veteres

802 2719 945 2784 Aegyptii,
972 2735 1039 2786 qnos
1064 2736 1169 2771 omnem
1197 2734 1290 2770 curam
1314 2720 1343 2768 iu

801 2789 943 2840 anseribus
980 2789 1085 2841 alendis
1121 2791 1270 2856 iisdemque
1307 2787 1342 2840 ad

801 2863 894 2923 aptum
913 2860 1002 2910 cibum
1020 2860 1215 2926 praeparandis
1242 2861 1342 2925 impen-

800 2927 886 2992 disee,
906 2930 984 2994 ipsae
1006 2930 1138 2996 imagines
1158 2931 1279 2981 crebrius
1297 2929 1342 2980 ob·

799 2999 860 3049 viae
890 3000 1052 3060 ostendum
1090 3000 1146 3052 vid.
1175 2999 1340 3051 Wilkinson.

798 3067 926 3120 Manucrs
950 3075 1002 3121 etc.
1026 3069 1064 3120 II.
1089 3086 1115 3134 p.
1138 3069 1179 3120 19.
1207 3069 1267 3122 388.
1287 3070 1338 3132 ΙΙΙ,

798 3153 863 3260 ρξε’.
881 3139 925 3191 48.
944 3155 998 3191 sec.
1018 3155 1071 3192 ser.
1088 3140 1112 3192 1.
1126 3155 1191 3206 pag.
1211 3139 1260 3192 132
1280 3155 1338 3204 seq.

832 3275 945 3328 δίδοται
967 3275 999 3328 δέ
1019 3291 1069 3343 σφι
1086 3274 1134 3328 καὶ
1153 3270 1233 3335 οἶνος
1250 3269 1338 3343 ἅμαέ-

799 3346 887 3412 λινος]
905 3349 958 3412 Qui
975 3349 1125 3414 Aegyptios
1142 3348 1266 3398 narravit
1286 3345 1336 3412 (II,

798 3417 842 3482 77)
862 3418 925 3468 vino
943 3419 984 3468 uti
996 3433 1029 3469 ex
1040 3418 1139 3470 hordeo
1152 3423 1258 3483 parato,
1277 3433 1337 3468 cnm

797 3487 887 3538 nullae
916 3488 972 3538 sint
998 3503 1045 3553 per
1059 3489 1226 3571 'Aegyptum
1256 3490 1336 3549 vites,
1406 3525 1408 3530 .

797 3557 868 3608 idem
890 3561 981 3608 tamen
1009 3559 1066 3608 viui
1094 3573 1173 3608 usum
1195 3557 1338 3623 Aegyptiis

795 3627 868 3677 baud
885 3627 966 3692 plane
984 3627 1118 3693 denegare
1137 3627 1222 3678 voluit
1239 3628 1277 3691 11,
1293 3627 1337 3679 811.

796 3699 832 3747 Et
849 3701 964 3763 utroque
979 3697 1039 3748 loco
1054 3696 1160 3747 addidit
1170 3665 1337 3760 ἀμπέλινον,

796 3781 830 3817 ue
847 3766 906 3818 scil.
926 3767 1018 3816 vinum
1039 3765 1209 3848 intelligatur
1233 3757 1263 3816 ἐκ
1280 3781 1338 3830 κρι-

795 3835 874 3886 θέων
893 3842 1059 3901 paratums.
1078 3836 1220 3888 cerevisia,
1257 3835 1337 3886 Facit

794 3906 847 3957 huo
864 3921 943 3971 quam
962 3907 1078 3958 maxime
1095 3904 1237 3957 Plutarchi
1253 3904 1336 3956 locus

796 3977 830 4027 de
848 3976 913 4028 Isid.
936 3982 963 4028 at
982 3976 1084 4027 Osirid.
1105 3991 1165 4040 cap.
1188 3975 1215 4028 8.
1234 3991 1291 4039 p.
1285 3975 1336 4027 353

794 4046 827 4109 A,
845 4047 917 4096 uude
940 4047 1084 4108 discimus,
1107 4044 1213 4096 modico
1230 4049 1336 4094 tantum

794 4131 844 4166 nec
856 4116 952 4181 quovis
966 4121 1086 4181 tempore
1099 4116 1191 4166 vinum
1205 4115 1336 4166 sumsisse

793 4187 944 4252 Aegyptios
972 4186 1127 4237 sacerdotes
1153 4186 1272 4250 itemque
1296 4200 1336 4235 re·

794 4272 842 4321 ges
868 4261 968 4306 certam
992 4255 1127 4321 quandam
1153 4255 1209 4306 vini
1229 4270 1335 4306 mensu·

793 4341 850 4377 ram
863 4325 1058 4392 praescriptam
1071 4325 1210 4390 accepisse
1225 4325 1288 4377 inde
1302 4341 1335 4376 ea
