3088 4944
614 313 873 380 0L10.1.145.

1246 305 1309 372 297

173 521 305 584 μειμος,
326 491 383 560 καὶ
402 492 481 570 Κῶς
499 515 535 558 τε
557 489 613 559 καὶ
633 497 777 579 Κνίδος,
801 487 996 580 ἓξεκλήεσαν
1015 493 1074 580 τῆς
1094 489 1234 615 μετοχῆς
1246 481 1310 575 τὴν

176 601 276 721 ἕκτην
296 594 395 666 πόλιν
416 590 687 682 Ἁλικαρνησσόν.
732 595 878 667 τούτοισι
897 593 959 684 μέν
978 621 1046 664 νυν
1068 582 1162 664 οὗτοι
1182 589 1310 679 ταύτην

177 697 238 790 τὴν
252 705 371 788 ζημίην
385 695 567 787 ἐνέθηκαν
604 698 772 771 Accitana
787 702 827 770 δέ
843 726 898 788 μοι
914 697 1067 769 δοκέουσι
1082 695 1198 776 πόλιας
1211 693 1307 785 uosq—
1319 713 1378 775 145

177 815 303 874 σασθαο
317 807 353 872 oi
362 799 485 889 Ἴωνες,
502 803 557 870 καὶ
571 799 634 873 οὐκ
648 807 806 894 ἐθελῆσαι
820 807 965 883 πλεῦνας
979 803 1194 886 ἐσδέξασθαι,
1209 805 1309 870 τοῦδε

178 912 308 993 εἵνεκα,
323 903 374 976 ὅτι
389 907 462 992 καὶ,
486 901 541 976 ὅτε
555 907 594 976 ἐν
606 907 856 1001 Πελοποννήσῳ
872 916 1000 992 οἴκεον,
1022 905 1177 976 δυώδεκα
1189 895 1233 994 ἦν
1246 900 1308 974 αὖ·

175 1109 324 1164 Prokesch.
340 1108 449 1162 Annall.
464 1110 562 1162 Vienu.
577 1111 601 1161 1.
645 1149 651 1161 .
667 1109 721 1162 hn-

176 1181 292 1248 seigebl.
312 1197 339 1247 p.
361 1181 377 1230 2
396 1195 471 1246 εοηη.
508 1180 617 1231 Michau
656 1181 720 1232 Cor-

176 1251 302 1318 respond.
323 1249 449 1301 d'Orient
467 1250 506 1302 11.
525 1266 552 1314 p.
572 1250 624 1302 489
642 1266 718 1316 seqq.

176 1340 209 1376 ac
233 1321 380 1388 praecipue
398 1320 576 1386 Archaeolog.
592 1322 719 1386 Zeitung.

177 1395 255 1446 1841.
273 1407 314 1442 nr.
335 1392 378 1442 12.
398 1388 455 1454 (ubi
474 1391 592 1456 regionis
604 1395 631 1442 et
643 1391 719 1442 urbis

176 1463 321 1515 delineatio
339 1460 434 1511 addita
448 1460 501 1525 eat)
519 1466 546 1511 et
566 1460 642 1512 1848.
660 1462 720 1512 Bei-

176 1535 232 1598 lag.
254 1549 295 1584 nr.
318 1531 344 1583 6.
379 1531 576 1596 Inscriptiones
599 1531 718 1583 Graecas

178 1602 378 1666 exhibetCorp.
388 1601 474 1653 Inscr.
486 1601 598 1654 Graece.
610 1599 655 1666 (Τ.
666 1601 717 1668 ΙΙ.)

178 1691 219 1726 nr.
239 1673 307 1726 2655
326 1687 418 1749 seqq.

209 1735 418 1824 dissidioso
383 1755 433 1821 της
443 1737 563 1806 μετοχῆς
574 1731 628 1805 τὴν
636 1735 720 1806 ἕκτην

177 1807 273 1879 πόλιν]
292 1802 395 1877 μετοχὴ
413 1809 561 1862 secundum
579 1811 619 1862 St.
639 1809 720 1861 Oroir

177 1884 197 1937 l.
222 1883 241 1934 l.
266 1898 330 1949 pag.
358 1882 407 1932 155
431 1881 465 1932 de
488 1896 627 1932 sacrorum
650 1896 720 1931 com-

177 1953 306 2006 munione
323 1956 430 2002 tantum
448 1967 481 2002 ac
500 1951 533 2002 de
557 1951 629 2002 festo
647 1967 720 2001 eom-

177 2024 295 2076 muniter
332 2022 487 2088 peragendo
521 2021 718 2086 accipiendum.

177 2095 218 2146 Ac
235 2094 356 2160 sequitur
372 2092 424 2142 hoc
442 2093 500 2142 inre
524 2107 557 2142 ex
576 2092 625 2155 iis,
650 2107 721 2156 quae

177 2165 223 2216 ille
241 2165 269 2214 in
284 2164 439 2214 universum
463 2162 497 2213 ds
514 2163 566 2214 hoc
589 2162 661 2212 festo
680 2167 720 2212 at-

178 2251 230 2302 que
254 2235 358 2284 Dorum
383 2247 513 2284 consessu
536 2235 645 2294 statuit,
677 2247 721 2282 au-

177 2319 228 2372 pra
252 2304 332 2354 nobis
360 2303 492 2354 indicata.
519 2334 555 2343 —
584 2303 617 2353 In
642 2317 719 2368 seqq.

178 2391 239 2426 cum
259 2374 347 2426 Gaisi.
369 2390 383 2423 e
407 2373 486 2424 binis
500 2372 576 2423 libris
600 2373 721 2424 ordinem

177 2446 321 2496 verborum
339 2443 463 2494 nonnihil
481 2444 644 2494 mutavimus
658 2443 722 2494 scri-

178 2517 273 2566 bentes
299 2499 380 2564 οὗτοι
405 2506 521 2594 ταύτην
542 2505 596 2578 τὴν
608 2509 722 2598 ζημίην

177 2601 241 2706 91.
253 2599 442 2704 sistit.
459 2572 722 2732 11195119.ἓέ

178 2721 312 2776 δοκέουσι
331 2720 364 2774 δέ
380 2735 429 2788 μοι
448 2715 585 2774 δυώδεκα,
621 2722 722 2788 Vulga-

177 2801 235 2848 tam
249 2796 420 2846 retinuerunt
428 2794 548 2845 Dindorl
558 2797 586 2846 et
595 2793 720 2846 Dietsch.

354 2967 421 3019 Ger.
440 2967 545 3018 CXLV.

212 3071 298 3124 τοῦδε
316 3069 419 3136 rivaus,
440 3087 482 3122 οτι
500 3057 606 3121 saldra
622 3061 652 3119 ἕν
666 3066 722 3119 Πε-

178 3135 349 3208 touovvq'oor
367 3159 391 3192 κ.
413 3158 436 3192 τ.
455 3139 492 3208 1.]
521 3141 564 3192 Ad
583 3140 722 3191 meliorem

178 3215 234 3266 loci
256 3213 466 3279 intelligentiam
492 3212 559 3264 haec
583 3211 721 3262 addimus:

179 3286 286 3348 Ionem,
310 3283 396 3335 Xuthi
417 3282 514 3345 filium,
545 3281 723 3334 Athenarum·

179 3371 232 3422 que
245 3371 335 3421 regem
348 3352 434 3416 (unde
446 3352 626 3404 Athenienses
640 3351 722 3401 ctiam

178 3425 260 3476 Iones
285 3424 351 3475 dicti
374 3422 447 3489 sunt)
471 3421 604 3474 coloniam
626 3421 723 3486 Aegia-

178 3494 249 3547 leam
282 3495 311 3545 in
345 3492 534 3558 Peloponneso
569 3491 721 3554 deduxisse,

179 3566 290 3630 regibus
315 3564 451 3628 Sicyoniis
479 3567 545 3612 tunc
571 3561 721 3623 subditam,

179 3636 243 3686 dein
255 3634 351 3685 Helice
362 3633 446 3685 Selini
458 3633 530 3697 regis
549 3630 606 3680 tilia
623 3631 651 3680 in
668 3646 723 3681 ma·

179 3705 336 3756 trimonium
359 3704 442 3754 ducta
465 3718 520 3752 uua
538 3717 598 3752 cum
616 3699 663 3750 illa
683 3701 724 3752 Si-

180 3775 272 3841 cyonii
282 3775 361 3824 huius
375 3774 447 3839 regis
459 3777 560 3823 terram
574 3771 722 3836 accepisse,

180 3847 220 3896 ita
237 3849 267 3895 ut
292 3843 398 3895 incolae
420 3844 504 3894 etiam
522 3841 608 3892 Ionum
626 3857 724 3892 nomen

180 3921 247 3967 tuuc
264 3915 423 3980 reciperent.
452 3914 553 3964 Postea
572 3916 662 3962 tamen
674 3912 723 3962 hos

180 3987 262 4038 Iones
289 3989 362 4035 terra
382 3983 474 4049 pulsos
497 3982 532 4032 ab
554 3980 671 4032 Achaeis
696 3981 724 4032 in

181 4056 300 4108 Atticam
322 4059 422 4105 terram
446 4069 475 4104 se
497 4053 632 4117 recepisse
650 4052 724 4102 iude·

181 4141 234 4208 que
247 4139 340 4176 rursus
353 4139 414 4174 cum
426 4122 508 4175 Codri
519 4121 603 4172 liliis'
596 4123 723 4172 rnhsiam

181 4195 364 4260 immigrasse,
383 4194 430 4243 ubi
448 4191 588 4244 duodecim
607 4192 668 4242 illas
687 4192 723 4242 ci

181 4267 281 4316 vitatos
300 4263 456 4316 conderent.
494 4261 537 4313 Cf.
556 4253 663 4326 praetdr
679 4277 724 4312 co-

182 4335 286 4400 piosam
304 4333 434 4385 Larcheri
456 4333 493 4384 ud
514 4331 541 4384 h
560 4332 579 4383 l.
602 4331 723 4396 disputa·

181 4405 283 4460 tionem
299 4403 411 4458 Beck.
403 4419 444 4456 rn.
467 4401 583 4468 allgem.
602 4400 723 4470 Waltge-

772 1108 888 1161 echicht.
914 1108 936 1160 1.
959 1123 1022 1174 pag.
1046 1106 1106 1158 829.
1134 1112 1161 1158 et
1178 1106 1312 1158 Merlelser

771 1180 841 1231 libro
872 1179 959 1244 primo
988 1177 1169 1228 Achaicorum
1203 1175 1313 1240 (Durus-

772 1251 844 1302 stad.
870 1247 964 1314 1831),
988 1263 1048 1313 cap.
1065 1247 1089 1298 Ι.
1108 1264 1134 1313 p.
1155 1247 1259 1298 1-24.
1279 1273 1313 1284 -

771 1319 954 1384 „catalogum
977 1317 1118 1369 duodecim
1147 1317 1253 1367 urbium
1276 1316 1314 1367 fe·

772 1393 866 1442 cerunt
885 1389 966 1439 etiam
985 1388 1107 1454 (praeter
1118 1389 1237 1438 Pausan.
1250 1387 1313 1450 VII,

770 1461 798 1527 6)
815 1460 973 1511 Herodotus
991 1459 1021 1522 I,
1041 1458 1104 1522 145,
1123 1456 1254 1523 Polybius
1274 1457 1314 1522 II,

770 1533 801 1583 41
823 1529 892 1596 (eius
911 1533 1003 1582 aetate
1021 1544 1114 1580 omnes
1131 1532 1240 1594 practer
1254 1526 1316 1578 Ole-

770 1617 833 1652 num
845 1601 880 1651 ad
892 1600 1007 1652 Helicen
1025 1599 1114 1650 adhuc
1132 1598 1314 1665 supererant),

770 1675 798 1722 et
817 1671 916 1722 Strabo
933 1669 1011 1720 VIII.
1027 1687 1053 1734 p.
1068 1668 1118 1722 385
1133 1667 1196 1734 (299
1214 1669 1313 1736 seqq).

771 1741 900 1804 Quaado
924 1738 1038 1806 singulis
1060 1739 1103 1790 his
1123 1739 1236 1789 urbibus
1254 1755 1315 1792 nar·

771 1811 857 1861 randa
876 1815 965 1873 erant,
991 1826 1024 1860 ea
1041 1810 1194 1860 Pausanias
1217 1810 1280 1860 inde
1297 1826 1315 1860 a

770 1881 833 1944 VII,
852 1881 895 1932 17.
918 1879 942 1942 §-
959 1879 985 1932 3.
1004 1879 1205 1945 persequitur.“
1229 1879 1315 1930 Siste-

771 1954 811 2003 lis.
832 1951 866 2001 sd
879 1952 999 2001 Pausuu.
1017 1949 1035 1998 l.
1049 1949 1078 2012 l.‚
1098 1949 1144 2015 qui
1158 1948 1241 2012 idem,
1261 1965 1314 2014 quo

772 2020 867 2072 melius
891 2019 1074 2084 intelligatur,
1099 2019 1233 2084 quomodo
1257 2024 1315 2070 tum

771 2093 800 2142 in
818 2090 971 2142 nominibus
988 2093 1045 2140 tum
1063 2090 1091 2139 in
1109 2089 1203 2140 ordine
1220 2089 1315 2140 harum

771 2161 826 2214 XII
844 2161 950 2211 urbium
974 2160 1120 2226 scriptores
1144 2159 1177 2210 de
1199 2161 1233 2210 iis
1252 2176 1313 2212 nar·

771 2237 863 2282 rantes
885 2231 1053 2295 discrepent,
1082 2231 1312 2296 comparationem

771 2301 906 2362 institnit,
925 2301 996 2352 unde
1008 2305 1130 2366 apparet,
1145 2301 1215 2351 inter
1228 2301 1314 2353 Hero-

774 2373 867 2423 dotum
885 2375 912 2422 et
931 2371 1093 2424 Strabonem
1112 2387 1242 2422 summam
1256 2387 1316 2422 osse

773 2443 993 2505 consensionem,
1012 2441 1061 2492 sed
1079 2441 1218 2492 discedere
1236 2442 1270 2492 ab
1282 2441 1316 2492 Iis

772 2513 916 2577 Polybium
936 2516 963 2564 et
982 2527 1075 2562 rursus
1100 2527 1186 2576 aeque
1209 2512 1316 2562 abillis

772 2588 855 2648 atque
879 2583 914 2633 ab
939 2583 991 2633 hoe
1013 2583 1187 2633 Pausaniam.
1233 2584 1316 2633 Leon-

773 2658 831 2705 tium
858 2653 928 2703 enim
958 2652 1032 2704 solus
1060 2652 1143 2704 habet
1174 2651 1316 2717 Polybius,

772 2725 910 2788 Oeryueum
933 2723 1082 2774 omiserunt
1107 2723 1263 2773 Herodotus
1290 2727 1318 2774 et

772 2794 886 2856 Strabo,
910 2792 1013 2858 Rhypes
1031 2797 1059 2842 et
1076 2792 1165 2857 Arpos
1182 2791 1314 2856 Polybius

772 2867 799 2916 et
809 2863 907 2914 Patras
918 2863 1081 2913 Pausanias.
1100 2862 1235 2912 accurate
1248 2861 1315 2912 haec

772 2937 930 3000 persecutus
949 2936 991 2982 est
1009 2931 1144 2982 Merleker
1161 2931 1180 2982 l.
1199 2931 1218 2981 l.
1236 2946 1263 2994 p.
1282 2932 1315 2982 25

772 3019 860 3069 seqq„
878 3003 925 3067 qui
935 3001 1006 3052 idem
1018 3003 1081 3052 iude
1092 3017 1109 3052 a
1122 3017 1185 3065 pag.
1193 3000 1227 3052 29
1239 3015 1314 3066 seqq.

773 3072 895 3136 singulas
925 3071 1069 3136 descripsit
1091 3072 1181 3122 urbes.
1217 3071 1316 3136 Dispu-

772 3143 843 3195 tavit
861 3157 968 3207 quoque
987 3141 1020 3193 de
1045 3141 1086 3191 his
1106 3141 1190 3193 Grote
1210 3141 1316 3207 history

774 3213 805 3265 of
826 3213 927 3265 Graece
951 3212 1004 3262 111.
1027 3229 1053 3277 p.
1071 3210 1123 3262 229
1141 3227 1218 3278 seqq.
1253 3212 1316 3262 Dis-

774 3285 889 3344 crimen,
919 3282 989 3348 quod
1015 3283 1043 3332 in
1064 3283 1179 3347 singulis
1203 3282 1315 3334 urbibus

773 3352 926 3405 indicandis
947 3353 1016 3402 inter
1035 3353 1206 3404 Herodotum
1224 3357 1251 3404 et
1265 3355 1316 3403 Po-

773 3425 875 3491 lybium
894 3427 999 3484 exstat,
1018 3422 1100 3472 facile
1112 3423 1152 3473 ita
1164 3421 1224 3472 tolli
1235 3439 1316 3486 posse

773 3499 853 3560 putot
870 3495 936 3544 Em.
950 3491 1071 3543 Wahner
1083 3492 1136 3556 (De
1147 3491 1317 3542 Achaeorum

774 3563 846 3616 foed.
866 3563 971 3629 origine
988 3567 1071 3628 atque
1088 3563 1219 3612 instituti.
1235 3563 1317 3612 Boro-

773 3636 821 3686 lin.
842 3633 920 3684 1854.
944 3649 970 3698 p.
990 3631 1042 3696 6.),
1067 3637 1099 3683 ut
1122 3648 1170 3696 pro
1188 3631 1271 3697 Aegis
1289 3636 1317 3682 et

773 3705 892 3770 Rhypia,
912 3719 980 3770 quas
999 3703 1098 3755 Strabo
1118 3707 1145 3752 et
1162 3702 1316 3752 Pausanias

774 3775 896 3826 desertae
920 3777 1145 3836 commemorant,
1173 3772 1317 3822 Leontium

775 3849 803 3895 et
823 3843 967 3909 ceryniam
990 3849 1127 3908 tamqnam
1154 3842 1235 3892 urbes
1262 3841 1317 3893 illis

775 3914 939 3965 substitutas
950 3914 1131 3965 nominaverit
1142 3912 1272 3978 Polybius
1278 3921 1318 3968 2-

775 3985 963 4035 Duodenurium
992 3985 1147 4034 Ionicarum
1174 3983 1317 4034 civitatum

775 4069 915 4104 numerum
933 4054 963 4104 iu
976 4053 1043 4104 Asia
1054 4055 1154 4106 Noster
1170 4054 1269 4119 repetit
1285 4071 1318 4104 ex

775 4123 836 4190 pari
853 4123 996 4174 civitatum
1014 4140 1125 4175 nurnero
1143 4125 1171 4174 in
1184 4124 1317 4190 Pelopon-

774 4209 853 4244 neso:
867 4193 943 4244 cuius
955 4194 1040 4258 ipsius
1055 4195 1189 4246 rationem
1201 4195 1224 4244 si
1236 4210 1317 4260 quaa-

773 4279 833 4326 ras,
851 4263 923 4314 hauc
939 4263 1099 4315 divisionem
1113 4263 1315 4327 duodenariam,

773 4349 854 4399 quam
880 4332 992 4385 eandem
1015 4333 1087 4399 apud
1114 4333 1182 4384 alias
1208 4349 1315 4398 quoqne

772 4403 945 4474 antiquitatis
968 4409 1064 4471 gentes
1082 4403 1141 4456 sive
1159 4407 1247 4456 terras
1265 4402 1313 4454 oh-
