3086 4952
253 259 315 342 aru
685 254 952 316 nareononr

254 432 459 524 πεντήκοντα
481 438 572 516 ἔτεα,
601 433 802 517 παρεδέξατο
824 427 886 518 τὴν
908 425 1022 518 ἀρχήν.
1057 428 1327 517 παραδεξάμενος
1351 427 1389 498 δέ

253 536 315 609 οὐκ
331 536 495 628 ἀπεχρᾶτο
514 533 651 626 μούνων
674 531 790 622 ἄρχειν
808 538 877 602 τῶν
897 532 1047 622 Μήδων·
1081 529 1165 602 ἀλλὰ
1183 533 1387 621 στρατευσά-

253 670 351 731 μενος
372 643 425 711 ἐπὶ
444 637 522 720 τοὺς
543 643 673 729 Πέρσας
697 635 860 726 πρώτοισί
875 664 910 705 τε
934 635 1078 706 τούτοισι
1101 637 1307 727 ἐπεθήκατο,
1332 639 1389 706 καὶ

255 745 407 835 πρώτους
426 744 558 834 Μήδων
576 738 745 831 ὑπηκόους
767 742 910 828 ἐποίησε.
937 739 1019 828 μετὰ
1039 741 1075 810 δὲ
1091 747 1177 829 ἔχων
1199 739 1261 810 δύο
1284 745 1388 810 ταῦτα

254 856 376 934 ἔθνεα,
403 850 458 918 καὶ
475 843 647 936 ἀμφότερα
672 840 809 933 ἰσχυρὰ,
835 847 1075 934 κατεστρέφετο
1091 843 1152 934 τὴν
1166 842 1297 933 Ἀσίην,
1326 840 1385 912 ἀπ’
1414 839 1416 842 ’

253 951 358 1023 ἄλλου
387 949 441 1022 ἐπ’
467 949 547 1021 ἄλλο
576 947 639 1019 lain
664 955 774 1028 ἔθνος.
814 949 846 1028 ἐς
870 943 889 1017 ὃ
917 948 1202 1038 στρατευσάμενος
1231 951 1285 1018 ἐπὶ
1310 945 1388 1028 τούς

254 1135 279 1169 κ.
298 1135 321 1169 τ.
338 1118 373 1185 A]
391 1121 433 1169 Ex
449 1119 600 1169 rationibus
614 1116 742 1168 Larcheri
754 1119 795 1165 at
847 1117 893 1180 qui
907 1115 974 1166 haec
986 1121 1187 1181 tractaverunt,
1207 1117 1247 1166 ita
1259 1116 1315 1167 lere
1326 1132 1388 1166 con-

254 1207 305 1254 que
327 1189 433 1240 Volncii
462 1189 514 1238 hoc
543 1189 653 1238 Deionis
682 1201 795 1252 regnum
846 1187 992 1237 sentientes
1008 1187 1127 1252 videam,
1147 1187 1238 1238 utrix
1252 1187 1332 1236 unius
1349 1185 1388 1236 al-

254 1259 329 1309 eadit
347 1259 418 1308 intra
437 1275 523 1309 anrios
541 1257 679 1310 769-655
692 1273 718 1309 a.
732 1255 794 1305 Chr.
846 1256 966 1306 teriusve
994 1258 1057 1308 anni
1087 1258 1231 1308 discrimen
1261 1258 1298 1306 sit
1327 1255 1388 1306 reli-

253 1345 295 1392 n.,
319 1344 371 1393 quo
390 1330 449 1394 ipso
468 1345 539 1379 suno
555 1329 701 1379 Phrsortes
723 1325 795 1392 patri
847 1341 937 1392 quum.
957 1357 992 1366 —-
1019 1327 1161 1379 Caeterum
1189 1329 1334 1378 Hammero
1363 1327 1387 1375 si

253 1401 385 1450 successit
403 1401 430 1449 in
450 1415 543 1464 regno.
581 1399 633 1460 Qui
651 1401 795 1462 postquam
847 1397 950 1459 credis,
983 1398 1115 1448 Herodoti
1143 1397 1219 1448 hicce
1241 1397 1387 1448 Phraortes

252 1469 350 1534 viginti
369 1469 436 1519 duos
460 1485 546 1519 annos
568 1481 681 1532 regnum
699 1467 795 1527 tenuit,
847 1467 917 1516 idern
940 1472 996 1530 est,
1019 1469 1066 1533 qui
1089 1470 1116 1519 in
1134 1469 1305 1519 Zendavesta
1322 1467 1388 1518 dici-

252 1539 310 1604 ipse
327 1540 355 1588 iu
373 1539 544 1604 expeditione
560 1537 795 1602 contraAssyrics
847 1541 891 1587 tur
923 1536 1045 1601 Trateao,
1082 1540 1109 1588 in
1142 1539 1261 1589 carmine
1287 1537 1387 1590 Schah—

253 1615 382 1674 suscepta
400 1609 480 1671 obiit,
505 1615 536 1658 ut
557 1607 638 1673 paulo
655 1607 728 1656 inira
743 1607 797 1656 lle-
847 1607 943 1657 nameh
970 1609 1095 1670 Ferr'dua,
1126 1609 1197 1659 lilius
1226 1608 1335 1660 Deionis
1363 1623 1386 1658 s.

253 1679 366 1730 rodotus
389 1683 496 1740 narrat,
521 1693 605 1740 anno,
631 1681 662 1727 ut
685 1693 718 1727 ex
741 1675 795 1724 illis
846 1677 1386 1730 Dschemschidi.Vid.Wicn.Jahrh.IX.

254 1750 443 1814 consequitur,
470 1749 521 1802 634
540 1765 565 1800 a.
586 1748 649 1799 Chr.
667 1763 695 1797 n.
732 1747 797 1811 Ipsa
846 1763 873 1812 p.
892 1747 924 1800 13
943 1763 1018 1812 seqq.
1037 1753 1065 1797 et
1083 1750 1171 1800 LXII.
1189 1767 1217 1815 p.
1236 1749 1280 1800 46.
1312 1747 1387 1798 Idem

254 1819 390 1884 expeditio
414 1821 510 1885 opinor
535 1818 615 1869 cadet
640 1819 668 1866 in
697 1831 795 1867 anuum
847 1819 945 1868 statuit
962 1817 1065 1884 Hoelty
1082 1818 1150 1870 libro
1173 1821 1208 1870 ad
1226 1819 1254 1881 I,
1272 1819 1307 1870 96
1329 1819 1388 1868 laa-

253 1889 304 1941 635
323 1907 348 1940 a.
368 1889 430 1939 Chr.
450 1905 477 1939 n.
513 1889 554 1939 Ab
573 1889 686 1938 hisnon
705 1887 796 1937 admo·
848 1888 912 1939 dato
933 1903 958 1953 p.
979 1889 1023 1939 60.

254 1959 317 2010 dum
329 1960 444 2009 discedit
454 1959 582 2021 Clinton,
596 1959 629 2009 de
640 1973 732 2022 regum
741 1957 797 2006 Me-

254 2031 348 2079 dorum
366 2028 541 2093 chronologia
562 2033 688 2078 accurate
706 2027 796 2090 dispu·
881 2017 1070 2092 ἀπεχρᾶτο]
1082 2027 1127 2078 Sic
1140 2033 1213 2078 certe
1225 2027 1319 2078 iubent
1330 2027 1388 2090 plu-

254 2103 316 2148 tans
331 2100 358 2147 in
373 2100 455 2148 tertia
472 2098 621 2163 appendice
637 2099 715 2148 Fast.
732 2095 796 2146 Hel·
846 2112 888 2146 res
902 2098 974 2162 iique
986 2097 1109 2148 meliores
1122 2097 1194 2148 libri.
1219 2098 1308 2163 Vulgo
1318 2093 1387 2146 ἀπε·
1508 2157 1512 2165 ἱ

254 2168 307 2218 len.
327 2168 388 2218 Vol.
400 2169 423 2219 I.
442 2183 505 2232 pag.
519 2167 570 2217 258
588 2183 662 2232 seqq.
699 2167 793 2216 Medos
844 2164 941 2231 χρῆτο.
976 2168 1077 2218 Sensus
1094 2173 1239 2231 eelz-„noa
1258 2175 1421 2236 contentari

254 2239 288 2288 ab
312 2238 431 2302 Assyriis
455 2238 587 2287 deiecisse
617 2236 693 2302 ponit
723 2252 793 2286 anno
845 2245 903 2286 erar
926 2241 988 2288 solis
1006 2239 1092 2288 Medis
1115 2238 1269 2300 ιὀιρενοττ.“
1306 2237 1386 2287 Cous.

254 2307 303 2358 711
325 2313 388 2357 ante
406 2307 468 2357 Chr.
488 2323 532 2368 n.,
555 2308 683 2357 Deioeem
702 2307 735 2355 ad
754 2323 794 2356 re·
845 2323 926 2372 supra
944 2308 966 2370 Ι,
986 2307 1018 2358 31
1036 2314 1063 2358 et
1080 2308 1156 2369 VIII,
1177 2309 1217 2368 11,
1236 2307 1281 2356 ubi
1298 2307 1385 2355 medio

254 2392 335 2442 gnum
354 2382 477 2427 evectum
501 2376 566 2438 769,-
589 2377 748 2426 Phraortem
768 2376 793 2426 ei
843 2377 894 2426 hoc
912 2378 995 2427 verbo
1016 2379 1113 2428 Noster
1137 2392 1200 2426 usus
1219 2381 1269 2429 est.
1305 2376 1385 2424 Facit

254 2447 443 2496 succedentem
473 2446 536 2509 656,
573 2461 734 2510 caesumque
765 2446 793 2494 in
844 2446 1081 2500 hchrammatic.
1099 2449 1127 2498 in
1136 2443 1382 2496 Bekkeridnecdd.

253 2531 345 2581 pugna
360 2516 450 2566 esra.
467 2517 529 2566 Chr.
546 2531 572 2564 n.
610 2516 726 2580 Ctpag.
746 2517 793 2565 172
845 2517 868 2566 1.
887 2533 913 2582 p.
933 2516 997 2580 423,
1017 2517 1062 2572 aa:
1088 2507 1274 2580 ἀπεχρᾶτο·
1300 2503 1383 2576 Ἡρό-

254 2602 329 2650 scqq.
350 2588 400 2636 262
419 2601 474 2651 seq.
499 2591 527 2636 'et
544 2585 614 2635 adde
635 2587 676 2636 De
694 2584 793 2650 Sarrlcy
845 2583 929 2644 δοτος
946 2581 997 2650 μέν
1014 2579 1077 2637 ἀντὶ
1096 2583 1147 2636 τοῦ
1162 2577 1259 2650 ἀρκεῖν
1274 2573 1382 2649 ἡρεῖτο·

253 2655 293 2705 iu:
317 2654 398 2705 Mem.
426 2656 458 2704 de
482 2655 587 2706 l'Acad.
609 2655 634 2706 d.
654 2656 794 2720 Inscripti.
845 2653 1028 2721 Θουκυδίδης
1044 2652 1076 2706 δέ
1093 2647 1296 2721 ἀπεχρῶντο
1321 2644 1384 2704 ἀντὶ

253 2726 332 2786 XIX,
360 2725 384 2776 1.
415 2741 440 2790 p.
466 2726 517 2777 213
538 2741 614 2791 seqq.
654 2724 793 2790 Hupteld.,
845 2724 896 2776 τοῦ
930 2717 1067 2793 ἀνῄρουν.
1114 2725 1184 2778 Add.
1220 2721 1387 2777 Bachmanai

253 2797 299 2859 qui
324 2797 352 2845 in
380 2795 492 2845 eandem
521 2810 576 2845 rem
600 2809 704 2845 summa
732 2811 796 2845 cura
846 2795 967 2848 Anecdd.
992 2797 1015 2846 1.
1039 2812 1103 2862 pag.
1127 2797 1191 2859 119,
1217 2799 1250 2848 21
1275 2795 1335 2846 οοΙΙ.
1358 2811 1384 2858 p.

252 2865 396 2930 inquisivit
413 2865 431 2916 l.
446 2865 464 2916 l.
478 2881 505 2930 p.
518 2865 551 2918 36
567 2881 643 2931 seqq.
661 2864 695 2916 58
710 2881 795 2930 seqq,
850 2867 912 2929 137,
937 2867 970 2918 16
998 2871 1025 2918 et
1045 2866 1101 2916 vid.
1125 2867 1241 2918 Bredov.
1270 2883 1297 2931 p.
1326 2864 1386 2915 380.

252 2935 348 2986 Medos
373 2933 432 2985 vult
462 2937 496 2986 ab
520 2937 640 3001 Assyriis
664 2935 796 2986 defecisse
846 2936 1031 2988 Herodoteum
1049 2951 1126 2987 usum
1140 2937 1282 3002 postmodo
1298 2937 1388 2986 imita-

254 3005 304 3054 711
323 3010 387 3055 ante
400 3005 463 3056 Chr.
481 3022 518 3069 n.,
535 3007 664 3056 Deioeem
682 3021 797 3072 regnan·
847 3011 891 3056 tus
910 3013 952 3056 est
964 3007 1128 3068 Pausanias,
1147 3007 1181 3057 de
1198 3024 1251 3073 quo
1265 3006 1320 3056 vid.
1331 3006 1387 3056 Sis-

252 3079 308 3123 tem
331 3075 406 3139 pouit
430 3076 464 3126 ab
489 3093 558 3126 auno
582 3075 633 3126 708
656 3074 797 3140 usquead
848 3075 901 3127 bel.
921 3077 955 3127 ad
974 3077 1011 3140 ΙΙ,
1030 3079 1054 3127 7.
1073 3080 1097 3140 §.
1120 3077 1143 3128 1.

253 3157 352 3192 aunum
370 3145 435 3195 655:
454 3161 506 3209 quo
525 3147 584 3210 ipso
600 3162 670 3195 auno
683 3146 798 3196 Phraor-

253 3215 295 3260 tes
320 3216 428 3262 secutus
452 3219 506 3276 est,
537 3215 583 3278 qui
612 3216 692 3279 periit
723 3231 793 3264 anuo
879 3209 926 3262 aul
953 3203 1100 3278 ἀμφότερα
1127 3206 1239 3279 ἰσχυροὶ]
1268 3211 1386 3264 Attende

253 3279 313 3330 6:³3.
363 3281 415 3341 Qui
441 3296 526 3346 nuper
558 3282 625 3333 haec
653 3286 792 3346 tractavit,
844 3284 898 3332 vim
929 3281 1080 3348 particulae
1106 3279 1154 3333 sul
1181 3282 1385 3345 declarativam,

253 3349 370 3399 loannes
389 3365 405 3398 a
423 3349 562 3414 Grrmpach
584 3352 793 3417 (Zeitrechnnng
845 3351 944 3418 deque
962 3353 1029 3403 dixit
1043 3355 1169 3418 Hartung
1182 3351 1269 3402 Lehro
1282 3351 1307 3401 d.
1321 3355 1386 3401 Par-

254 3419 301 3469 aler
316 3418 449 3484 Babylon.
469 3424 521 3469 etc.
541 3435 566 3484 p.
583 3423 631 3472 116
647 3439 722 3489 seqq.
744 3425 790 3474 161
844 3423 894 3474 tik.
917 3424 939 3474 Ι.
969 3439 996 3488 p.
1024 3423 1082 3475 lae.
1123 3421 1204 3474 Valet
1233 3421 1301 3468 enim
1327 3419 1383 3467 liic:

253 3489 337 3556 aeq),
361 3489 488 3540 Deioeem
508 3495 642 3541 mortuum
660 3509 720 3543 esse
739 3498 793 3543 sta·
843 3494 930 3558 idque,
966 3500 991 3542 et
1023 3493 1126 3557 prudens.
1174 3490 1268 3538 Neue
1304 3487 1384 3537 aliter

252 3562 306 3610 tuit
323 3575 395 3609 anno
414 3558 479 3620 657,
504 3557 659 3611 Phraortem
685 3579 793 3612 caesam
844 3563 925 3627 paulo
950 3567 1025 3627 posti
1056 3553 1101 3611 ἐπὶ
1129 3553 1196 3614 τοὺς
1225 3555 1383 3619 Αστυριόυς

252 3630 414 3748 tultis.
429 3627 719 3751 iahil‘llninih
733 3634 792 3752 ‘ll’
845 3620 1384 3762 “tlst’ttttelttmitti·

253 3768 324 3817 iecto
340 3767 512 3831 Assyriorum
530 3768 594 3832 iuge
610 3769 736 3820 Deioeem
754 3787 793 3821 re·
844 3718 918 3822 lant:
942 3771 1041 3835 sucepit
1062 3733 1194 3832 (Asisml,
1218 3765 1291 3816 haud
1309 3771 1383 3816 reete

253 3851 313 3898 gem
332 3836 520 3899 constituisse,
546 3837 614 3888 adeo
632 3843 662 3888 ut
679 3840 792 3891 Deinces
843 3857 903 3892 mes
921 3840 1028 3907 quidem
1046 3836 1195 3895 sententia,
1214 3851 1274 3887 cum
1291 3837 1383 3900 potius

252 3917 307 3954 non
330 3906 528 3970 quinquaginta
553 3913 608 3957 tres
626 3905 719 3972 (NP),
746 3911 793 3960 ssd
843 3913 947 3962 valeatz
964 3909 1078 3976 subigere
1093 3906 1187 3957 studuit
1205 3923 1227 3957 s.
1240 3908 1331 3958 coluit:
1350 3905 1383 3956 de

252 3973 366 4036 trigiam
391 3979 446 4024 tres
475 3975 546 4038 (ΛΓ)
577 3993 662 4028 annos
687 3983 792 4030 tantum
843 3997 897 4046 qua
923 3978 1075 4046 imperfecti
1100 3976 1212 4028 notione
1238 3977 1274 4030 cl.
1302 3991 1385 4041 supra

252 4058 382 4106 regnasse
400 4045 548 4095 censendus
568 4047 616 4109 sit,
648 4048 728 4114 inque
745 4065 792 4100 nu·
842 4056 911 4101 nott.
938 4051 1022 4111 adl,
1047 4047 1091 4100 68.
1128 4037 1170 4099 Ad
1193 4038 1220 4106 ἐς
1243 4036 1259 4096 ὃ
1281 4046 1383 4112 (donec)

252 4127 339 4160 meros
356 4113 525 4163 llerodoteos
548 4131 622 4166 error
644 4118 791 4184 irrepserit.
842 4121 879 4171 ei.
894 4121 917 4181 l,
936 4120 979 4170 68.
1007 4119 1039 4168 Iu
1059 4135 1134 4185 seqq.
1150 4117 1212 4168 dedi
1230 4110 1309 4183 εἶχον
1324 4115 1383 4182 (pro

252 4181 383 4246 Equirlem
400 4187 430 4230 ut
439 4181 572 4235 Herodoti
591 4203 715 4238 numeros
734 4205 791 4239 cor·
843 4183 934 4254 ἔχου)τ
959 4187 1031 4252 qnod
1049 4203 1132 4239 unum
1148 4203 1240 4239 verum
1259 4203 1320 4238 esse
1337 4201 1384 4250 pa-

251 4251 351 4316 rigam,
376 4251 474 4303 adduci
496 4269 550 4304 uon
568 4269 690 4320 possum,
715 4273 791 4323 pras·
841 4263 881 4309 tet
904 4274 935 4309 cx
959 4259 1006 4318 iis,
1034 4273 1105 4322 quae
1133 4257 1243 4324 collegit
1266 4256 1383 4308 Bredov.

251 4321 343 4371 ssrtIm
356 4335 417 4372 oum
428 4321 456 4372 in
471 4325 585 4376 caeteris
597 4325 670 4377 vires
685 4325 789 4391 doctos,
840 4341 868 4393 p.
887 4325 937 4380 ³03
955 4339 1011 4394 seq.
