3020 4930
260 283 530 348 EXOURSUS
556 283 638 345 XIII
660 283 724 342 AD
747 279 1004 342 HERODOT.
1026 281 1073 356 Π,
1095 289 1155 344 141.
1214 279 1273 342 881

477 651 801 732 EXOURSUS
837 651 935 726 XIII

354 825 439 890 nn
483 819 845 889 nnnonou.
888 819 939 904 11,
986 823 1055 883 αι.

627 1023 786 1032 ——a

156 1153 202 1210 Aa
216 1153 314 1209 verbu.-
336 1144 548 1231 Σαναχάριβον
563 1147 684 1229 βασιλέα
695 1141 843 1230 Ἀραβίων
858 1170 889 1209 τε
905 1146 956 1209 καὶ
967 1141 1133 1226 Ἀσσυρίων
1148 1169 1176 1206 κ.
1191 1169 1215 1206 τ.
1232 1147 1256 1209 A.

224 1308 417 1378 Expeditionis
442 1325 459 1360 a
482 1308 667 1362 Sauacbaribo
691 1307 869 1376 Assyriorum
898 1323 964 1375 rege
990 1311 1136 1376 susceptae
1164 1310 1275 1375 praeter

139 1391 471 1462 IosspbumArchaeolog.
489 1394 522 1461 X,
532 1401 558 1454 1.
573 1399 627 1459 §.A
642 1393 763 1448 meminit
778 1409 890 1464 qnoque
905 1392 1026 1459 Iesaias,
1043 1391 1091 1461 qui
1106 1389 1191 1458 vulgo
1208 1389 1274 1442 dici-

139 1485 197 1544 tur,
218 1494 277 1548 cap.
292 1477 405 1532 XXXVI
421 1485 534 1548 etseq,
555 1479 602 1532 ubi
617 1485 706 1533 nmen
721 1477 867 1546 Aegyptus
882 1477 956 1529 baud
972 1481 1203 1543 commemoratur,
1227 1473 1276 1526 sed

139 1563 244 1616 Iudaea
260 1567 380 1630 mutum,
403 1579 473 1633 quae
491 1579 638 1634 sanequam
653 1563 794 1618 Iudaicum
808 1563 944 1615 bominum
962 1561 1049 1629 magis
1065 1561 1209 1614 advertere
1225 1575 1274 1628 po-

138 1655 222 1700 terat.
260 1648 330 1699 Nam
345 1647 563 1714 Sanacbaribus,
584 1650 632 1718 qui
648 1650 803 1718 Aegyptum
819 1647 928 1717 quidem
943 1647 1059 1716 petiisse
1074 1645 1199 1712 videtur,
1225 1644 1276 1695 bac

139 1733 169 1784 in
190 1731 364 1802 expeditione
379 1750 411 1784 eo
424 1733 514 1786 minus
529 1735 682 1803 praeterire
697 1724 789 1802 potuit
804 1731 947 1798 Iudaeam,
969 1749 1024 1802 quo
1041 1729 1156 1799 μανίαι
1173 1745 1205 1781 ac
1220 1728 1274 1781 dil·

141 1817 242 1870 ficilius
260 1823 321 1869 erat
335 1816 489 1886 Aegyptum
511 1819 630 1887 petenti,
654 1817 791 1871 Iudaicam
811 1824 912 1869 terram
926 1814 1052 1884 Assyriis
1071 1816 1209 1868 infensam
1232 1831 1276 1867 re-

140 1902 267 1972 linquere
286 1900 358 1954 baad
380 1901 514 1956 domitans.
544 1902 600 1956 Sed
614 1903 792 1971 Herodotus,
814 1901 862 1971 qni
880 1901 914 1953 ad
930 1917 1057 1955 summam
1073 1900 1148 1969 regis
1164 1897 1275 1969 expedi·

139 1987 243 2040 tionem
264 1986 388 2056 respexit
407 1986 537 2057 solosque
553 1987 707 2057 Aegyptios
723 1987 882 2039 sacerdotes
904 1986 938 2038 de
955 2003 987 2038 ea
1002 1987 1155 2039 relerentes
1178 1983 1275 2048 audiit,

141 2072 177 2124 de
192 2071 295 2124 Iudaea
314 2075 402 2137 tacet,
426 2071 504 2124 cuius
522 2077 612 2125 terrae
633 2072 803 2125 accuratiore
819 2071 977 2138 cognitione
1000 2070 1109 2122 omnino
1125 2069 1277 2121 destitutus

142 2173 206 2210 esse
221 2155 342 2209 videtur.
377 2155 448 2208 Illud
462 2163 551 2210 summ
566 2157 672 2210 minime
688 2157 815 2209 dubiumr
837 2157 870 2210 de
885 2173 943 2210 senc
957 2158 1099 2224 eodemque
1113 2155 1279 2226 expeditione

142 2251 169 2297 et
184 2243 346 2295 Herodotum
366 2250 391 2296 at
411 2242 547 2298 loduicum
566 2244 719 2313 scriptorem
741 2247 855 2312 referres
878 2241 924 2309 qui
938 2259 1098 2309 quamquam
1118 2242 1145 2293 in
1166 2237 1280 2310 singulis

144 2327 297 2396 quibusdum
314 2327 485 2395 dissentiunt,
505 2329 533 2382 in
547 2347 650 2383 summu
663 2335 720 2393 tere
738 2326 912 2392 conueniunt,
935 2345 993 2380 cnm
1008 2327 1168 2394 Assyriorum
1186 2341 1279 2394 regem

129 2414 256 2468 eradant
270 2414 305 2464 od
320 2413 432 2483 Aegypti
442 2415 513 2482 fiacr
529 2414 694 2484 pervenirem
711 2431 774 2482 quos
788 2429 847 2465 cum
861 2412 964 2465 intrare
979 2413 1072 2478 uellet,
1089 2410 1206 2480 perndie
1219 2409 1279 2461 aud-

145 2498 183 2550 ito
211 2497 339 2551 incidente
363 2499 479 2565 adeoque
498 2499 621 2553 diuinitus
641 2500 754 2552 ιάινιίαα
781 2515 872 2568 regem
892 2497 971 2551 ictum
993 2496 1118 2550 continuo
1138 2495 1278 2564 relegisse,

146 2599 252 2652 magno
264 2590 358 2654 strage
371 2591 487 2653 accepto.
516 2583 599 2646 Quod
614 2583 773 2636 sacerdotes
788 2587 817 2634 et
829 2580 948 2634 Iudaeos
965 2587 993 2632 ct
1009 2580 1164 2648 Aegyptios
1179 2576 1279 2646 cupide

146 2665 300 2734 arripuisse
314 2666 465 2720 arbitratur
479 2667 620 2720 Gesenius
635 2669 669 2720 ad
685 2667 791 2720 lesaiae
806 2665 894 2718 locum
912 2669 954 2737 (p.
970 2667 1032 2725 93⁷.
1049 2667 1102 2724 973
1116 2664 1211 2732 seqq.)
1234 2679 1277 2712 ce-

147 2750 285 2818 leremque
310 2751 417 2818 Assyrii
439 2752 514 2820 regis
538 2753 629 2820 sugam
652 2752 705 2805 diis
728 2750 911 2820 adscripsisse
932 2753 1144 2818 portentumqne
1170 2744 1278 2814 praedi-

147 2852 238 2888 casse.
265 2834 362 2904 Itaque
377 2851 392 2888 a
405 2855 471 2890 vero
483 2837 594 2890 maxiano
608 2837 757 2890 abhorrere
771 2835 910 2900 videntur,
927 2834 975 2902 qui
985 2833 1131 2886 Setbonem
1143 2826 1280 2882 Herodoti

147 2938 198 2991 pro
222 2918 322 2972 Hiskia
347 2927 375 2972 et
393 2920 544 2975 Vulcanum
564 2921 743 2991 Aegyptium,
772 2919 852 2973 culus
875 2918 1006 2971 sacerdos
1026 2916 1080 2968 luit
1102 2913 1202 2982 Setbo,
1230 2929 1280 2980 pro
1320 2917 1325 2925 “

147 3005 251 3058 lebova
264 3005 409 3076 accipiant.
439 3007 502 3060 Vid.
518 3006 669 3060 Gesenium
684 3006 702 3058 l.
717 3005 745 3074 l.‚
761 3005 810 3075 qui
822 3004 883 3073 ipse
898 3003 965 3054 baeo
977 3000 1091 3054 statuite
1108 2998 1188 3066 „Aul
1197 2996 1280 3066 jeden

148 3089 209 3143 Hall
223 3089 312 3142 baben
323 3079 374 3142 ivit
388 3090 447 3144 bier
459 3091 529 3145 awai
544 3090 723 3144 verschieden
741 3087 929 3157 ausgebildete
944 3079 1281 3154 mythiscb-traditionelle

148 3174 349 3243 Nacbrichten,
368 3174 412 3228 die
427 3191 482 3228 von
498 3177 585 3230 cinam
600 3174 829 3245 geschichtlicben
845 3171 955 3225 Punlrte
972 3169 1131 3238 ausgelnen,
1154 3167 1207 3220 wie
1223 3165 1281 3218 aiolr

150 3260 220 3312 nocb
242 3260 354 3312 manche
374 3261 476 3313 andere
497 3261 694 3330 Bemirhungen
716 3259 808 3312 dieser
830 3257 881 3310 Art
906 3257 934 3308 in
962 3255 1011 3308 der
1031 3251 1281 3323 Sagengescbicbte

149 3343 285 3398 darliibel
297 3344 354 3397 und
365 3343 566 3400 derKlassilrer
578 3345 702 3399 linden.“
726 3345 783 3408 Qui
794 3347 859 3414 post
866 3340 1017 3394 Gesenium
1027 3339 1061 3393 de
1073 3339 1116 3392 bis
1129 3334 1283 3407 disputavit

150 3427 259 3496 Sebegg
273 3429 315 3500 (in
332 3428 458 3498 Append.
470 3429 513 3481 III
532 3431 667 3484 adJesai.
684 3430 744 3482 Vol.
754 3430 792 3482 Il.
808 3429 900 3497 past
915 3445 977 3496 sqq·
989 3430 1109 3496 259aqq.
1131 3423 1200 3477 etin
1218 3437 1282 3490 pro-

151 3521 296 3580 grammate
308 3513 484 3581 Frisingensi
499 3532 562 3568 ann.
579 3519 660 3575 1848:
683 3515 802 3582 „Ueber
818 3511 911 3564 Jesaia
925 3515 960 3571 36
974 3510 1018 3563 bis
1029 3510 1114 3576 39“),
1138 3508 1189 3575 iis,
1211 3521 1282 3576 quac

151 3598 186 3652 ab
200 3595 341 3651 Herodoto
357 3599 522 3666 traduntur,
549 3616 677 3653 summam
693 3601 752 3653 lere
768 3613 860 3651 eorum
883 3595 1020 3648 contineri
1041 3593 1194 3662 existimat,
1213 3605 1283 3661 quse

150 3682 227 3750 regis
242 3689 351 3735 statuae
366 3677 439 3736 notis
455 3683 668 3753 hieroglyphicis
687 3685 822 3753 inscripta
836 3686 919 3750 atque
930 3679 1072 3732 Herodoto
1087 3678 1130 3731 sic
1150 3674 1284 3746 explicatu

150 3765 257 3819 luerint
271 3783 288 3820 a
302 3765 493 3821 sacerdotibus
508 3768 669 3839 Aegyptiis,
692 3769 869 3838 Assyriorum
884 3765 985 3818 cladem
1003 3763 1137 3816 divinitus
1153 3759 1283 3814 inflictam

151 3849 349 3904 extollentibus
364 3868 396 3904 ac
410 3853 495 3906 muris
514 3853 637 3921 symbola
652 3852 866 3907 declarantibus.
894 3851 933 3902 Et
946 3851 1019 3902 coni.
1035 3863 1146 3918 quoque
1166 3845 1201 3898 de
1213 3844 1284 3896 San·

151 3935 280 3988 acharibo
297 3936 413 4006 eiusque
426 3937 511 3991 rebus
526 3939 614 4006 gestis
630 3938 719 3992 Beck:
735 3937 835 3990 Anleit.
850 3953 875 3988 a.
891 3932 1060 4001 Welagesch.
1076 3931 1100 3985 I.
1118 3951 1145 4002 p.
1158 3933 1210 3992 717
1223 3946 1283 3998 seq.

152 4021 220 4088 720,
243 4019 355 4074 Winer:
376 4021 529 4076 Bibliscbcs
543 4023 743 4078 Ilealwdrtcrb.
759 4041 783 4074 s.
800 4039 827 4074 v.
845 4018 990 4072 Sannerib.
1027 4017 1139 4081 Quibus
1162 4013 1286 4085 equidem

151 4103 181 4158 id
205 4121 289 4160 unum
309 4105 420 4174 addam,
447 4107 521 4177 quod
538 4107 633 4160 retulit
647 4107 773 4176 bayard:
793 4103 970 4157 Discoverics
986 4108 1037 4155 etc.
1060 4121 1087 4172 p.
1104 4105 1169 4162 143:
1192 4099 1221 4151 in
1238 4115 1284 4151 cu-

152 4189 243 4241 neatis
267 4190 497 4260 inscriptionibus
518 4191 613 4260 palatii
637 4193 670 4244 ab
692 4195 743 4245 boc
757 4188 943 4242 Sanacbaribo
963 4187 1097 4240 exstructi
1114 4191 1143 4239 et
1157 4204 1189 4239 ex
1204 4189 1283 4253 parte

152 4289 244 4342 nuper
259 4275 356 4327 effossi
371 4275 584 4330 Ssuaebaribum
600 4277 696 4347 utique
710 4271 910 4331 commemorari
926 4289 985 4324 curn
997 4272 1142 4341 Aegyptiis
1159 4285 1284 4340 pugnan—

150 4361 204 4408 tem
226 4359 391 4430 eosdemque
408 4360 437 4414 in
460 4363 553 4432 fugam
576 4357 797 4416 convertentemr
828 4358 862 4412 de
878 4355 968 4426 clade,
995 4373 1075 4426 quam
1090 4355 1198 4424 tulerit,
1220 4349 1286 4405 nibil

196 4475 408 4519 nosocomo
485 4459 490 4468 '
1038 4455 1078 4516 56
