3058 4928
512 313 762 376 EUTERPE.
784 315 826 375 Π.
847 325 891 380 65.
1214 309 1275 370 573

140 495 201 578 δης
222 493 302 558 ἐστί.
351 485 392 556 nt
419 487 456 556 dl
479 486 577 557 ἐόντα
597 507 658 574 σφι
679 483 809 558 ἅπαντα
833 485 889 578 ίρά
911 485 1122 575 νενόμισται·
1153 486 1209 554 καί
1234 480 1275 552 τά

141 593 204 682 μὲν
231 590 406 681 σύντροφα
430 587 559 660 αὐτοῖσι
584 606 669 660 τοῖσι
691 587 918 682 ἀνθρώποισι,
944 589 984 660 τὰ
1003 591 1039 660 δὲ
1059 587 1116 659 ού·
1145 593 1213 658 τῶν
1237 588 1274 658 δὲ

97 720 102 728 ·
141 701 271 766 εἵνεκεν
294 691 423 764 ἀνεῖται
445 693 486 763 τά
505 691 560 784 ι’ρά
580 700 611 763 εί
629 697 759 783 λέγοιμι
766 747 775 780 ,
799 701 984 785 καταβαίην
1004 688 1047 764 ἀν
1068 699 1114 788 τῷ
1134 693 1223 786 λόγῳ
1242 696 1275 773 ἐς

139 797 180 868 τά
193 809 274 868 θεῖα
291 800 484 888 πρήγματα,
503 797 544 867 τά
557 794 622 886 ἐγώ
637 803 754 886 φεύγω
768 799 909 888 μάλιστα
924 795 1142 886 ἀπηγέεσθαι.
1178 794 1219 865 τά
1236 797 1272 865 δὲ

140 905 197 974 καὶ
226 913 343 994 είρηκα
368 899 481 974 αὐτῶν
511 901 715 987 ἐπιψαύσας,
748 899 913 991 ἀναγκαίῃ
941 900 1275 990 καταλαμβανόμενος

142 1006 248 1076 εἶπον.
302 1007 415 1096 Νόμος
434 1009 475 1076 δέ
488 1010 556 1076 ἐστι
573 1007 650 1096 περὶ
668 1011 737 1076 τῶν
754 1014 888 1096 θηρίων
902 995 969 1074 ὧδε
987 1011 1083 1092 ἔχων.
1124 1010 1273 1093 μελεδω-

141 1111 194 1182 νοὶ
214 1107 457 1198 ἀποδεδέχαται
472 1115 530 1199 τῆς
544 1114 671 1200 τροφῆς
690 1112 791 1200 χωρὶς
812 1112 976 1195 ἑκάστων,
996 1111 1051 1178 καὶ
1073 1116 1206 1200 ἔρσενες
1220 1110 1275 1176 καὶ

140 1213 264 1303 θήλεαι
283 1219 352 1282 τῶν
366 1219 566 1300 Αἰγυπτίων
576 1265 586 1298 ,
598 1218 676 1290 ,τῶν
691 1229 769 1295 παῖς
782 1211 872 1303 παρὰ
886 1208 1010 1301 πατρὸς
1028 1217 1198 1282 ἐκδέκεται
1213 1210 1276 1301 τὴν

140 1318 249 1408 τιμήν.
291 1321 326 1386 ol
341 1317 378 1386 dl
394 1320 432 1386 ἐν
444 1323 519 1410 τῇσι
533 1316 644 1388 πόλισι
659 1321 791 1388 ἕκαστοι
811 1314 908 1406 εύχάς
925 1316 1026 1386 τάσδε
1041 1337 1102 1407 σφι
1116 1314 1274 1386 ἀποτελέ-

141 1443 232 1493 ουσι·
271 1417 446 1509 εὐχόμενοι
471 1427 518 1516 τῷ
542 1425 633 1515 θεῷ,
661 1427 722 1490 τοῦ
749 1413 835 1513 ἀνῇ
861 1419 899 1491 τδ
921 1429 1063 1512 θηρίον,
1098 1423 1277 1511 ξυρούντες

141 1589 220 1655 aequi
236 1588 338 1639 malim.
375 1588 408 1639 In
431 1589 552 1653 proxima
575 1594 684 1640 antece·
735 1591 782 1641 ubi
801 1587 919 1640 fabulam
939 1587 971 1638 dc
988 1587 1063 1638 Iside
1075 1587 1277 1655 atqueOeiridc

142 1659 269 1710 dentibus
286 1659 370 1709 verba
387 1655 434 1708 acl
452 1651 488 1723 δὴ
506 1654 554 1708 καί
566 1651 633 1708 τάδε
648 1658 684 1709 ad
736 1663 854 1711 enarrat.
887 1659 1057 1724 Ubicumque
1071 1660 1142 1709 enim
1160 1659 1276 1709 Osiridis

142 1729 285 1794 sequentia
314 1743 403 1792 neque
430 1729 465 1778 ad
494 1729 685 1779 antecedentia
735 1729 888 1796 sepulcrum
903 1733 984 1791 eeeet,
1003 1727 1060 1779 illie
1073 1729 1203 1780 animalia
1217 1729 1277 1779 Oai-

143 1803 280 1864 epectare‚
300 1813 408 1848 mouere
425 1800 471 1848 vix
489 1813 568 1863 opus.
735 1799 787 1850 ridi
806 1800 840 1850 ab
858 1799 932 1850 Ieide
951 1805 1110 1850 consecrata
1124 1799 1210 1850 fuisse
1222 1805 1277 1848 tra-

178 1863 225 1916 καΙ
256 1860 291 1916 τά
319 1861 370 1932 μὲν
396 1859 544 1933 σύντροφα
571 1858 684 1916 aizoum
736 1870 851 1933 debant,
873 1873 905 1919 ut
928 1869 991 1919 inde
1016 1871 1102 1919 omnis
1126 1869 1276 1920 bestiarum

143 1940 219 1986 coice
235 1928 429 2003 ἀνθρώποισι]
451 1938 469 1989 i.
494 1953 518 1988 e.
542 1941 610 1989 altae
629 1936 685 2002 (be-
735 1939 825 1991 cultus
837 1955 884 2004 per
892 1939 1046 2004 Aegyptum
1057 1939 1212 1990 invaluerit.
1233 1940 1276 1990 Tu

143 2006 225 2072 etiae)
243 2021 296 2056 cam
315 2009 378 2069 tprr'r
394 2007 529 2058 dominibus
545 2023 596 2056 una
612 2009 683 2058 simul
734 2010 791 2062 vid.
810 2025 881 2074 quae
898 2009 969 2060 huuc
987 2010 1017 2064 in.
1030 2025 1085 2060 ram
1099 2014 1197 2061 notata
1212 2015 1276 2060 aunt

142 2080 234 2127 ιειιιιι.
272 2076 333 2126 vid.
346 2076 383 2138 11,
397 2076 442 2128 td:
460 2071 637 2141 Αἰγυπτίοισι
653 2069 685 2124 et
734 2081 773 2142 11,
792 2081 834 2130 τι,
855 2079 898 2130 65.
917 2081 958 2129 ιι,

143 2138 217 2210 ὁμού
235 2143 367 2210 θηρίοισι
385 2136 403 2210 ἡ
423 2139 518 2195 δίαιτά
535 2137 600 2196 ἐστι.
631 2147 684 2197 Vo·
768 2143 922 2214 μελεδωνοὶ
932 2140 1139 2213 ἀποδεδέχαται
1150 2146 1202 2214 τῆς
1212 2163 1276 2214 τρο-

143 2231 200 2266 cem
225 2218 315 2278 tutet,
342 2231 412 2280 quaa
436 2231 453 2265 a
476 2215 581 2266 ducbua
604 2216 683 2266 codd.
735 2217 804 2285 φῆς]
822 2212 980 2284 μελεδωνός
997 2218 1020 2268 ie
1040 2220 1152 2282 dicitur,
1172 2223 1215 2284 ραι·
1231 2223 1277 2270 ali·

143 2287 234 2348 ubeat,
264 2285 357 2335 reiecit
383 2285 517 2348 Dindcrt'‚
544 2287 622 2336 uncie
646 2286 685 2335 in·
735 2292 805 2340 cutus
822 2291 861 2340 rei
877 2305 963 2339 cetram
973 2292 1051 2353 perit
1088 2289 1134 2340 Sic
1156 2289 1209 2351 ΙΙΙ,
1231 2290 1275 2340 61.

143 2355 357 2416 cluaitDietech3
370 2355 495 2421 equidem
507 2355 615 2417 retinui,
625 2370 685 2406 cum
735 2359 799 2422 VII,
819 2358 862 2410 31.
884 2358 928 2411 38.
965 2357 1066 2409 Scribit
1088 2373 1152 2409 vero
1175 2359 1277 2409 Diodo-

142 2425 298 2476 neceaaeria
310 2425 456 2476 videretur.
475 2426 554 2476 Conl.
566 2424 683 2476 Brcdov.
735 2445 782 2479 rue
801 2430 824 2492 Ι,
842 2429 886 2492 83,
904 2432 1006 2494 quanto
1025 2429 1127 2480 honore
1141 2431 1213 2494 apud
1224 2431 1277 2479 Ae·

143 2512 170 2560 p.
188 2494 232 2547 83.
736 2499 843 2564 gyptius
860 2500 881 2548 ii
898 2499 1036 2561 fruamur,
1055 2500 1102 2564 qni
1118 2499 1213 2549 harum
1232 2499 1277 2549 be·

177 2562 235 2614 τιόν
254 2557 286 2613 δὲ
304 2559 413 2644 εζνεκεν
435 2553 545 2614 ἀνεῖται
568 2554 602 2612 τὰ
624 2555 684 2629 spol]
735 2570 848 2620 atterum
871 2584 962 2619 curam
984 2569 1145 2634 suscipiant.
1187 2571 1277 2633 Quare

142 2632 281 2684 Articulue
299 2649 334 2682 τα
356 2633 415 2683 siue
438 2649 523 2684 cauea
545 2635 685 2699 negotium
733 2631 820 2704 τιμὴν
836 2644 910 2689 recte
932 2639 983 2688 hoc
1006 2654 1102 2689 munus
1122 2640 1211 2690 dicere
1229 2655 1276 2704 po-

142 2703 283 2754 lucessivit
307 2704 374 2753 viris
401 2702 499 2755 doctis.
539 2704 590 2754 Est
613 2703 684 2752 enim
736 2713 790 2760 teat
809 2709 964 2759 Herodotus
980 2711 1009 2757 in
1028 2723 1117 2774 aaqq.:
1135 2707 1192 2758 τῶν
1208 2711 1278 2765 παῖς

142 2773 195 2824 1οοί
214 2788 323 2824 aenens:
346 2789 393 2822 cur·
415 2789 462 2824 cue
486 2773 583 2824 bestiae
600 2771 685 2837 (quae
735 2770 813 2843 παρὰ
830 2770 938 2842 πατρὸς
952 2768 1093 2826 ἐκδέκεται
1112 2771 1166 2842 τὴν
1181 2773 1274 2842 τιμὴν,

136 2842 183 2895 ec.
205 2857 300 2892 sacrae
322 2841 469 2906 habentur,
493 2846 524 2892 ul
543 2841 610 2907 dixi)
636 2843 685 2893 dile
736 2863 805 2914 quae
823 2847 925 2898 locutio
942 2853 972 2896 ut
991 2847 1023 2896 de
1040 2863 1123 2912 reguo
1141 2847 1277 2898 heredita·

143 2920 309 2963 consecratae
317 2911 459 2962 iubeantur
469 2911 586 2977 indeque
596 2911 686 2963 eclan-
735 2920 775 2968 rio
797 2933 880 2983 supra
900 2917 1037 2968 invenitur
1058 2916 1081 2978 1,
1105 2919 1121 2966 7
1145 2917 1191 2966 liu.
1218 2915 1276 2979 (ubi
1318 2929 1329 2956 ι

145 2988 199 3032 tur.
236 2982 334 3045 Itaque
352 2981 424 3030 haud
442 2997 525 3046 opus,
544 2997 605 3032 cum
622 2980 686 3032 Val-
736 2988 792 3038 vid.
811 2986 903 3052 nota),
923 2987 1029 3039 αιτιοι
1047 2984 1107 3036 loeo
1124 2991 1151 3036 et
1168 2987 1205 3046 ΙΙ,
1228 2984 1276 3036 tdb

146 3051 273 3102 clrenario
290 3065 337 3114 pro
350 3043 386 3100 τά
403 3044 459 3114 ίρά,
472 3066 543 3116 quae
555 3051 589 3101 ad
602 3047 687 3102 ver'ba
738 3058 771 3107 da
788 3072 912 3119 munere,
931 3057 1002 3124 quod
1020 3069 1037 3104 a
1054 3061 1131 3120 petre
1145 3056 1179 3106 ad
1192 3055 1276 3104 lilium

146 3119 484 3199 antecnedentiaspeetaut:
504 3112 539 3170 τά
557 3115 589 3170 δὲ
604 3111 687 3170 ἐόντα
737 3129 796 3177 iuro
814 3127 893 3192 quasi
917 3126 1037 3194 legitimo
1061 3127 1174 3188 transit,
1201 3125 1277 3175 galli.

146 3203 197 3254 σφι
214 3203 327 3238 απαντα
350 3182 399 3254 ίρα
417 3188 464 3254 (ed
481 3205 552 3255 quac
571 3191 688 3271 ‚ipaulex
738 3197 826 3248 betur,
862 3197 967 3247 Vocula
989 3189 1086 3261 χωρὶς,
1111 3211 1181 3261 quae
1205 3197 1276 3246 iuter

144 3259 266 3337 proxime
292 3259 515 3310 antecedentibus
544 3273 579 3310 ου
612 3259 687 3326 palu
736 3264 787 3332 mig
809 3265 919 3332 τροφῆς
943 3273 970 3318 et
993 3259 1119 3318 ἑκάστων
1144 3265 1192 3331 (τι.
1218 3263 1276 3315 τῶν

145 3319 362 3410 &perviderint
373 3328 687 3408 adaumprelieetmeute
736 3334 864 3402 θηρίων)
896 3337 985 3387 medie
1014 3337 1208 3402 interponitur,
1240 3335 1276 3385 ad

143 3413 178 3447 τα
194 3394 300 3461 θηρία)
311 3399 428 3450 seribere
445 3415 480 3449 τα
496 3397 597 3464 θηρία,
615 3399 687 3465 quod
736 3407 864 3456 maiorem
884 3409 1035 3458 sententiae
1054 3407 1276 3472 perspicuitatem

142 3467 214 3518 idem
232 3466 335 3532 placuit
355 3469 474 3519 Heroldo
497 3467 516 3519 l.
535 3469 554 3518 l.
574 3485 638 3535 pag.
658 3469 683 3520 δ.
736 3476 831 3527 additu
848 3477 965 3541 videtur,
983 3483 1015 3527 ut
1032 3483 1176 3541 appareat,
1198 3492 1275 3526 auum

144 3539 283 3589 Lacunam
299 3538 435 3602 quendam
452 3537 497 3588 hic
519 3554 580 3589 esse
598 3539 685 3604 τοτοῖ·
735 3561 869 3613 quamque
881 3547 995 3598 bestiam
1006 3547 1276 3608 habereminietrum,

143 3612 221 3659 catur
245 3608 359 3658 Diultch
382 3607 507 3673 (Jahrbb
535 3609 554 3660 f·
585 3608 684 3660 Philol·
734 3617 781 3682 qui
798 3617 885 3681 ipsam
904 3621 1058 3682 separatam
1076 3632 1108 3667 ae
1126 3617 1276 3667 seiunctum

143 3677 242 3728 LXIX.
259 3693 287 3742 p.
306 3677 380 3740 330).
416 3673 551 3728 ἀνεῖσθαι
569 3677 613 3729 hic
630 3683 683 3729 σιω
736 3687 770 3736 ab
789 3686 851 3736 aliie
869 3692 955 3738 curet.

142 3755 322 3810 consecratum,
346 3749 487 3799 dedicatum
503 3763 567 3801 ecte.
605 3748 684 3798 Goul-
772 3747 802 3804 οί
818 3749 851 3804 δὲ
869 3749 899 3806 ἐν
911 3755 976 3823 τῇσι
991 3749 1087 3807 πόλισι
1107 3749 1217 3804 ἔκαστοι
1231 3745 1276 3804 εύ-

144 3817 183 3878 ΙΙ,
204 3817 253 3868 165
270 3817 326 3880 fin.‚
351 3818 399 3899 ubi
422 3818 456 3869 de
474 3818 535 3882 ipae
556 3817 608 3868 hec
625 3833 685 3883 per·
736 3815 786 3889 χάς
815 3817 899 3875 τάσδε
928 3839 980 3890 σφι
1006 3818 1199 3890 ἀποτελέουσι]
1225 3838 1276 3888 σφι

143 3885 210 3936 fecti
233 3885 322 3938 forma
347 3886 479 3952 (ἀνεῖται)
504 3901 630 3952 agemus,
659 3890 686 3938 et
736 3895 854 3959 pertinet
872 3896 907 3945 ed
923 3887 1114 3960 μείεδωνοάς,
1133 3899 1277 3960 querente

144 3953 302 4006 Callimaeh.
321 3957 357 4007 H.
382 3957 411 4006 in
431 3955 521 4008 cerer.
544 3959 577 4008 47
594 3957 686 4023 ibique
737 3964 851 4014 dixerat.
887 3965 1080 4031 Argumentum
1097 3963 1151 4014 loci
1169 3964 1276 4030 egregie

143 4023 288 4088 spanhem·
735 4033 876 4084 illustrent
892 4035 958 4085 haec
974 4033 1088 4085 Diodori
1105 4033 1188 4084 rerba
1204 4033 1223 4083 l.
1242 4034 1275 4084 l.:

179 4093 214 4150 τά
236 4095 288 4167 lyd
313 4095 408 4166 φεύγω
430 4095 550 4166 μάλιστα
567 4093 686 4168 ἀπηγὲε-
737 4100 889 4152 ποιοῦνται
915 4097 946 4152 dl
968 4100 1016 4153 nal
1037 4101 1120 4160 θεοῖς
1141 4115 1215 4152 τισιν
1233 4093 1277 4152 εύ-

146 4168 228 4235 σθαι]
253 4172 334 4223 Ceul.
360 4173 398 4234 ΙΙ,
422 4172 447 4224 3.
490 4171 578 4223 Simili
606 4173 686 4223 modo
737 4165 788 4236 χάς
805 4163 878 4236 ὑπὲρ
895 4171 1090 4223 τῶνπαιδίων
1106 4164 1136 4221 el
1151 4163 1213 4222 κατ’
1229 4170 1276 4221 Λί-

145 4240 258 4292 Dicdor.
277 4241 297 4292 l.
315 4242 334 4293 l.
355 4242 422 4292 dicit
435 4242 585 4306 Aegyptios
599 4258 687 4293 secer·
737 4255 858 4306 γυπτον,
876 4241 934 4292 τοῖν
951 4233 981 4291 ἐκ
998 4240 1049 4307 τῆς
1063 4234 1150 4291 νόσου
1167 4240 1276 4292 σωθέν-

145 4308 223 4358 dotee
242 4309 274 4360 dc
297 4311 339 4360 hia
358 4309 458 4362 habere
477 4303 643 4375 ἀπόδόητόυ
660 4325 687 4360 τι
737 4325 802 4361 των.
829 4305 1002 4377 ξυρήσαντες
1025 4303 1079 4376 γάρ
1103 4303 1153 4369 τὰς
1178 4309 1277 4376 τρίχας

144 4369 250 4444 δόγμα,
269 4379 341 4444 quod
357 4380 415 4445 ipre
427 4379 590 4432 iudicaverit
601 4381 624 4445 1,
642 4382 686 4444 ⁸21,
737 4375 784 4429 aul
801 4372 873 4445 πρὸς
890 4373 1029 4447 ἀργύριον
1047 4369 1067 4446 ἢ
1080 4377 1199 4446 χρυσίον
1212 4373 1276 4446 στή-
