3032 4916
265 265 326 328 rra
578 233 584 242 ’
696 265 966 328 nnuononr

32 429 256 514 *⁸126
265 447 376 524 ζοντσ,
393 435 454 509 οὐκ
468 435 583 527 ὀλίγον
596 439 728 531 χρόνον.
767 438 817 522 Ἐς
831 447 930 510 τοῦτο
944 440 982 510 δέ
995 442 1111 510 ἐλθεῖν
1124 441 1238 510 Χέοπα
1251 439 1382 528 κακότη-

264 571 335 628 τος,
351 540 435 613 ὥστε
449 543 627 633 χρημάτων
641 543 802 633 δεόμενον
818 541 881 634 τήν
892 546 1066 635 θυγατέρα
1079 539 1142 632 τήν
1156 545 1283 613 ἑαυτοῦ
1297 551 1382 614 κατί-

262 668 367 717 σαντα
382 645 436 717 ἐπ’
454 648 647 737 οἰκήματος,
669 647 848 738 προστάξαι
865 646 1075 736 πρήσσεσθαι
1093 643 1257 737 ἀργύριον
1272 642 1384 718 ὁκόσον

263 750 306 840 δή
324 772 374 820 τι·
402 749 443 822 οὐ
462 751 526 842 γάρ
541 749 583 840 δή
596 752 695 822 τοῦτό
707 779 746 840 γε
760 758 892 839 ἔλεγον·
920 748 984 839 τήν
1003 751 1040 821 δὲ
1061 750 1101 822 τά
1120 779 1157 822 τε
1170 747 1237 822 ὑπὸ
1250 756 1308 820 τοῦ
1324 776 1381 820 πα-

261 853 338 944 τρὸς
357 859 523 944 ταχθέντα
543 855 772 945 πρήσσεσθαι,
800 861 869 944 ἰδίη
890 853 927 923 δὲ
942 856 998 924 καί
1018 851 1127 944 αὐτήν
1151 859 1418 944 διανοηθήναιιδὸ

260 959 428 1050 μνημήιον
444 964 707 1046 καταλιπέσθαι,
725 961 781 1028 καί
797 964 857 1028 τοῦ
871 956 1018 1040 ἐσιόντος
1033 957 1116 1050 πρὸς
1130 957 1238 1048 αὐτήν
1252 957 1384 1028 ἑκάστου

262 1065 419 1149 δέεσθαι,
440 1060 526 1144 ὅκως
548 1057 591 1132 ἂν
610 1061 695 1153 αὐτῇ
715 1067 776 1132 ἕνα
797 1070 896 1132 λίθον
916 1065 953 1132 ἐν
973 1079 1059 1132 τοῖσι
1081 1069 1207 1152 ἔργοισι
1222 1063 1382 1152 δωρέοιτο.

261 1169 298 1236 ἐκ
311 1167 440 1238 τούτων
459 1167 496 1236 δὲ
510 1173 578 1236 τοῖν
592 1174 702 1238 λίθων
716 1173 846 1254 ἔφασαν
860 1163 922 1253 τήν
936 1173 1110 1255 πυραμίδα
1123 1169 1383 1254 οἰκοδομηθῆναι

260 1269 323 1360 τήν
341 1273 378 1340 ἐν
395 1273 484 1363 μέσῳ
499 1277 567 1340 τῶν
580 1277 684 1358 τριῶν
698 1273 887 1358 ἑστηκυῖαν,
905 1275 1075 1358 ἔμπροσθε
1091 1275 1148 1358 τής
1162 1269 1307 1359 μεγάλης
1321 1293 1380 1336 πν-

260 1379 415 1464 ραμίδος,
428 1380 485 1463 τῆς
499 1376 567 1443 ἐστι
581 1373 618 1443 τό
633 1381 743 1445 κῶλον
758 1377 898 1444 ἕκαστον
913 1368 1064 1442 ὅλουκαὶ
1077 1369 1213 1462 ἡμίσεος
1228 1375 1381 1460 πλέθρον.

259 1549 365 1608 tempus
392 1543 573 1594 consumsisae
600 1544 627 1594 in
655 1544 800 1596 caedendis
851 1541 933 1592 tibus.
968 1541 1062 1592 Malim
1082 1541 1268 1606 interpretari:
1294 1539 1318 1588 ιἰι
1333 1538 1383 1598 ipro

259 1613 394 1678 lapidibus
413 1629 446 1664 ex
463 1612 629 1678 lapicidinis,
648 1615 729 1680 inque
746 1615 800 1664 illis
850 1627 941 1674 opere,
966 1613 1034 1676 quod
1050 1611 1156 1661 scilicet
1172 1609 1285 1674 parabat
1301 1608 1382 1666 nuirao,

260 1683 424 1734 advehendis
442 1687 470 1734 et
483 1682 510 1732 in
530 1683 606 1734 fossa
623 1686 800 1736 subterranea
848 1683 1003 1746 pyramidum
1022 1683 1243 1732 restruendarum.
1279 1678 1382 1741 Stcgero

259 1753 435 1804 conficienda.
455 1745 486 1804 τὸ
498 1743 554 1804 ὑπὸ
567 1751 621 1818 γῆν
639 1745 748 1820 ὄρυγμα
761 1771 801 1804 re·
851 1749 948 1816 (praei.
961 1751 996 1800 ad
1008 1751 1109 1802 Herod.
1121 1766 1185 1816 pag.
1196 1747 1261 1814 XII)
1275 1748 1302 1796 in
1318 1759 1382 1795 rnen·

259 1825 317 1874 sero
336 1823 371 1874 ad
382 1816 416 1873 τὰ
432 1813 489 1873 ὑπὸ
503 1820 558 1887 γῆν
572 1817 712 1889 οἰκήματα
730 1840 799 1890 quae
851 1826 904 1870 tem
924 1822 1012 1872 venit:
1036 1809 1110 1878 ὅκως
1132 1810 1170 1870 ἂν
1187 1812 1260 1884 αὐτῇ
1284 1811 1331 1894 ispo
1346 1810 1381 1862 λί-

259 1894 386 1945 dicuntnr
405 1911 465 1959 cap.
485 1893 548 1957 let,
567 1893 614 1944 ubi
631 1896 687 1946 vid.
706 1900 784 1946 nott.¹
850 1891 909 1940 θον
938 1879 979 1940 dv
1006 1893 1080 1940 τοῖσι
1108 1885 1215 1955 ἔργοισι
1243 1885 1380 1964 δωρεοιτο,
1431 1905 1436 1918 ·

850 1961 933 2024 „dass
952 1975 980 2011 er
1003 1961 1044 2010 ihr
1063 1965 1133 2010 etwa
1155 1962 1236 2012 einen
1254 1956 1328 2008 Stein
1343 1953 1382 2002 sur

293 2159 320 2226 ἐς
335 2166 419 2220 τοῦτο
437 2163 468 2219 δὲ
482 2159 796 2234 ἐλθείνψκακότητος]
848 2163 904 2220 ἐπὶ
932 2172 1006 2220 τοῖσι
1033 2166 1138 2250 ἔργοισι
1164 2151 1215 2232 (dd
1239 2181 1316 2242 oppra
1338 2176 1380 2238 ιη’

258 2238 337 2289 Cani.
358 2240 395 2302 11,
412 2240 460 2290 let
479 2240 539 2292 init.
555 2239 621 2304 ibiq.
635 2243 735 2290 not.-
754 2239 797 2290 Ad
847 2241 979 2306 atterenda)
996 2237 1140 2305 δωρεοιτο.
1159 2267 1194 2277 -
1212 2238 1254 2289 Ad
1269 2243 1380 2289 οαοιςῦῑν

256 2310 341 2358 verba
352 2308 504 2358 κατίσαντα
515 2299 561 2359 ἐπ’
575 2301 730 2373 οἰκήματος
741 2309 795 2358 rid.
848 2311 919 2360 coni.
937 2310 989 2372 111,
1010 2312 1042 2360 ts
1061 2309 1153 2375 ibique
1168 2315 1240 2362 nott.

257 2393 339 2442 supra
357 2383 444 2428 notet.
464 2380 499 2428 ad
519 2381 557 2438 ΙΙ,
578 2378 636 2430 121.
657 2381 682 2442 5.
702 2380 727 2429 5.
882 2371 934 2444 τήν
962 2370 992 2428 ἐν
1013 2373 1088 2447 μέσῳ
1116 2377 1173 2428 τῶν
1200 2375 1286 2446 τριῶν
1311 2363 1380 2432 έστη-
1430 2413 1437 2430 ,

291 2439 469 2512 πρήσσεσθαι
488 2439 639 2513 ἀργύριον.
665 2441 796 2498 ὁκόσον
848 2451 944 2511 κυῖαν,
971 2443 1117 2514 ἔμπροσθε
1135 2440 1379 2514 τήςμεγάληεπυ·

255 2509 298 2581 δή
316 2515 365 2582 τι]
390 2518 408 2566 i.
428 2533 451 2568 e.
471 2521 574 2583 recipere
597 2518 654 2568 inde
673 2520 796 2596 pecupiqe
847 2515 976 2584 ραμίδος]
991 2521 1108 2570 Parvum
1120 2519 1295 2584 pyramidem,
1307 2518 1396 2578 qutffl'

254 2603 368 2636 amotarum
386 2593 630 2652 qumrrurameunque.
667 2587 708 2638 Ad
733 2602 797 2636 οιιο-
847 2589 919 2652 regis
936 2587 993 2639 filia
1016 2587 1177 2639 aedificasse
1200 2591 1297 2646 fertur,
1324 2594 1379 2630 cen-

256 2670 307 2706 σον
325 2648 362 2721 δή
373 2671 398 2705 τι
414 2659 507 2708 confer
525 2657 626 2710 similes
644 2655 795 2708 locutiones
846 2663 903 2707 tum
917 2659 1114 2724 qninquaginta
1129 2658 1213 2724 pedes
1229 2657 1310 2708 latam
1323 2663 1379 2715 qut·

254 2727 277 2790 1,
301 2728 357 2780 160.
376 2725 433 2778 199.
847 2743 1009 2792 queremus,
1032 2729 1124 2794 Zoege
1147 2727 1165 2779 1.
1183 2728 1201 2780 l.
1225 2745 1251 2794 p.
1271 2723 1320 2776 389
1337 2731 1379 2783 1³¹⁰

290 2789 323 2846 ori
348 2791 401 2862 γὰρ
433 2789 469 2861 δή
495 2789 602 2846 τοῦτο’
629 2811 659 2861 γε
686 2791 793 2861 ἔλεγον]
847 2813 880 2847 ea
896 2797 991 2861 habet,
1014 2813 1093 2864 qnam
1113 2799 1184 2848 inter
1201 2798 1339 2865 sphingem
1356 2789 1379 2836 ¹³²

255 2858 339 2918 τοῦτό
356 2881 398 2932 γε,
417 2869 436 2918 i.
455 2883 479 2918 c.
499 2882 643 2929 summam,
663 2881 743 2932 quarn
762 2883 794 2918 ex
845 2868 989 2918 maximam
1018 2868 1184 2933 pyramidem
1209 2860 1379 2921 observarunt

255 2937 306 2988 hoc
326 2943 441 3004 quaestu
458 2937 615 3002 acquisierit
631 2936 688 2986 filia
705 2953 737 2986 ex
748 2953 795 3001 pa-
846 2937 964 2988 Norden.
989 2945 1016 2988 ct
1039 2938 1174 2990 Pococke.
1218 2935 1296 2989 eous.
1317 2924 1377 3008 ibid·

254 3008 305 3058 trie
322 3013 476 3073 praecepto.
505 3001 600 3070 ἔλεγον
617 3007 652 3058 ad
670 3008 795 3058 sacerdo-
845 3022 909 3072 pag.
938 3008 997 3058 411.
1021 3009 1081 3060 412.
1124 3009 1254 3060 Dubitari
1284 3001 1377 3065 neumis

254 3083 296 3128 tes
318 3083 435 3142 spectat,
468 3093 522 3128 non
546 3077 581 3127 ad
609 3077 793 3142 interpretem,
845 3077 960 3127 indicari
978 3077 1021 3128 hic
1039 3093 1098 3128 earn
1115 3077 1296 3144 pyramidem,
1315 3079 1378 3134 qute

253 3163 307 3212 quo
321 3148 348 3196 in
362 3147 476 3212 legenda
493 3153 520 3198 et
538 3147 741 3210 interpretanda
756 3147 794 3196 in·
844 3145 933 3196 adhuc
959 3147 1095 3198 invenitur
1118 3147 1207 3198 media
1233 3149 1302 3198 inter
1327 3145 1377 3188 tre!

253 3217 400 3282 scriptione
417 3232 482 3268 usus
500 3220 559 3268 erat
576 3217 685 3270 Noster.
703 3247 737 3257 -
760 3215 792 3266 Iu
843 3216 960 3266 minores
977 3217 1143 3281 pyramides,
1166 3233 1238 3283 quae
1255 3213 1377 3266 orientem

252 3301 328 3352 seqq.
348 3286 383 3336 ad
400 3288 511 3338 verbum
528 3277 630 3336 ἐσιέναι
647 3287 740 3337 confer
757 3286 792 3337 ad
843 3300 939 3336 versus
957 3301 973 3336 a
989 3287 1105 3336 maxima
1117 3287 1234 3352 Cheopis
1246 3273 1377 3352 pyramide
1436 3323 1439 3331 .

252 3355 290 3418 11,
308 3358 342 3408 64
359 3357 471 3408 monita.
843 3354 959 3421 indeque
977 3361 1039 3406 ante
1055 3357 1125 3408 hanc
1144 3359 1239 3422 ipsam,
1258 3354 1333 3420 plane
1350 3347 1378 3394 ut

287 3413 360 3482 ὅκως
371 3413 490 3492 άναῦτή
510 3421 559 3475 ἕνα
576 3423 664 3474 λίθον
674 3415 705 3474 ἐν
720 3425 792 3474 τοῖσι
842 3423 973 3476 historiae
996 3431 1072 3490 pater
1093 3427 1203 3491 scribit,
1229 3422 1378 3478 exstructae

250 3489 355 3560 ἔργοισι
374 3492 519 3562 δωρέοιτο]
539 3495 619 3544 Hunc
637 3493 740 3556 locum,
764 3494 791 3543 in
843 3493 930 3546 adhuc
949 3501 1093 3560 supersunt
1105 3501 1253 3562 temporum
1269 3494 1378 3566 decursu

251 3581 304 3632 qno
316 3565 400 3616 verba
411 3556 440 3613 ἐν
450 3567 523 3614 τοῖσι
537 3557 641 3628 ἔργοισι
653 3565 791 3628 negotium
842 3567 869 3615 et
887 3565 1061 3616 barbarorum
1078 3567 1201 3618 manibus
1220 3563 1298 3616 valde
1313 3556 1377 3609 attr-

250 3637 392 3687 iaceasnnt
404 3635 469 3684 viris
481 3633 578 3696 doctis,
590 3633 742 3698 Schweigh.
751 3633 791 3684 ita
842 3639 903 3684 ctae
915 3651 1001 3700 neque
1014 3643 1069 3686 tam
1079 3636 1148 3688 bene
1164 3641 1289 3686 servatae
1301 3638 1376 3706 σαεξ]

250 3705 381 3756 reddidit:
392 3709 441 3766 „ut
449 3719 531 3754 unum
541 3701 657 3766 lapidem
668 3703 791 3766 adopus
841 3709 897 3754 tres
914 3705 978 3754 iliae
995 3706 1123 3770 maiores,
1149 3706 1245 3771 quibus
1266 3703 1316 3753 irae
1333 3710 1376 3746 mt-

247 3775 434 3838 factendum
453 3774 599 3824 idoneam
616 3773 669 3822 sibi
688 3773 790 3822 conier-
840 3789 920 3824 nores
938 3778 994 3824 tree
1011 3773 1091 3840 longe
1108 3775 1206 3826 cedunt
1224 3771 1311 3840 operis
1322 3779 1375 3816 arn·

249 3846 319 3895 ret.“
340 3843 536 3895 Valckenarius
547 3841 669 3892 voculam
685 3833 715 3890 ἐν
728 3841 790 3892 eiici
840 3843 899 3892 bitu
924 3849 951 3894 et
972 3843 1161 3909 pulcritudine.
1202 3845 1308 3896 Primus
1335 3847 1375 3886 ιθ·

248 3915 321 3978 vult,
346 3919 377 3964 nt
399 3915 472 3962 τοῖσι
492 3905 597 3976 ἔργοισι
616 3912 723 3962 dicatur
740 3926 788 3975 pro
840 3917 932 3962 curate
950 3915 1108 3980 perquisivit
1120 3916 1193 3979 Vyse
1205 3907 1375 3980 (Operationt

248 3979 289 4040 εἰς
316 3975 351 4032 τὰ
377 3979 452 4048 ἔργα.
489 3981 627 4032 Werierns
658 3981 685 4030 in
714 3981 787 4032 Actt.
839 3987 891 4032 etc.
909 3981 946 4032 11.
961 3997 987 4046 p.
1006 3983 1019 4034 1
1039 3999 1113 4049 seqq.
1133 3984 1167 4034 oo
1185 3983 1289 4050 seqq),
1307 3972 1374 4028 unde

248 4052 323 4116 phili.
343 4053 466 4104 Menace.
485 4051 508 4114 1,
527 4053 552 4102 2.
571 4066 634 4116 pag.
649 4049 710 4102 2117.
729 4056 787 4100 not.
839 4051 932 4102 retulit
954 4051 1042 4101 Raoul
1060 4052 1192 4104 itochette
1215 4055 1242 4103 in
1263 4037 1373 4102 Journal

249 4122 282 4172 14
305 4122 444 4172 Herodoto
468 4121 623 4172 restitutum
647 4118 707 4170 vult
731 4113 787 4170 ἐπί
839 4120 865 4172 d.
876 4121 939 4171 Sar.
959 4121 1033 4172 1844.
1050 4138 1076 4186 p.
1088 4122 1139 4173 269
1155 4137 1228 4188 seqq.
1257 4123 1293 4172 Et
1303 4110 1372 4166 conf·

246 4193 319 4240 τοῖσι
343 4185 462 4254 ἔργοισι,
489 4191 508 4241 i.
534 4205 557 4240 e.
584 4191 621 4238 ιιιί
640 4191 788 4253 pprmm'des
838 4205 943 4255 quoque
961 4191 1110 4242 Prokasch:
1134 4191 1331 4252 Erinnerungg·
1350 4179 1371 4229 l·

247 4261 426 4310 exstruendas.
452 4261 570 4320 Quorum
586 4266 710 4308 neutrum
723 4259 787 4308 mihi
837 4261 918 4324 p.88,
938 4249 1370 4326 Lepsiuscuronolog.1.p.30²·

224 4363 226 4370 .
245 4327 387 4392 probatur,
405 4326 482 4378 libris
493 4329 639 4394 praecipue
648 4329 787 4394 retragen·
836 4329 992 4380 Mansuram
1003 4329 1164 4396 pyramidis,
1177 4345 1257 4396 quem
1271 4324 1317 4380 150
1329 4333 1372 4388 pc-
