3088 4944
635 297 762 360 0L10.
784 299 810 360 Ι.
834 306 894 363 171.
1270 297 1332 361 333

199 481 278 542 teve
297 476 336 541 ἓν
358 469 602 562 βουλευτήριον
618 469 734 553 Ἴωνας
762 475 940 562 ἐκτῆσθαι,
962 498 1001 542 το
1022 471 1060 542 δὲ
1083 471 1171 542 εἶναι
1189 475 1227 542 ἐν
1246 475 1333 568 Τέῳ·

206 573 299 644 Τέων
317 572 383 664 γὰρ
400 576 503 664 μέσον
520 574 607 644 εἶναι
618 573 754 664 Ἰωνίης.
791 574 849 657 τὰς
867 576 905 645 δὲ
922 574 1025 657 ἄλλας
1043 576 1160 658 πόλιας
1183 579 1333 666 οἰκεομέ-

200 705 261 758 νας
283 677 390 766 μηδὲν
413 682 513 748 ἕσσον
535 686 749 768 νομίζεσθαι,
781 679 929 770 κατάπερ
949 687 979 748 εί
1001 685 1100 770 δῆμοι
1123 681 1203 752 εἶεν.
1244 679 1334 751 οὕτω

200 781 264 870 μὲν
278 781 320 871 δή
338 803 399 870 σφι
417 782 554 871 γνώμας
567 783 701 852 τοιάσδε
720 779 936 866 ἀπεδέξαντο.

276 881 443 976 ’Ἅρπαγος
468 886 507 956 dt
535 885 846 978 καταστρεψάμενος
878 884 1009 974 Ἰωνίην
1050 889 1197 957 ἐποιέετο
1234 901 1400 978 cepo-171

199 994 299 1076 τηΐην
318 992 373 1059 ἐπὶ
391 995 507 1080 Κᾶρας
530 992 587 1059 καί
606 998 781 1073 Καυνίους
805 992 861 1060 καί
890 995 1055 1075 Λυκίους,
1083 986 1150 1078 ἅμα
1173 987 1335 1078 ἀγόμενος

199 1093 256 1162 καὶ
266 1089 387 1174 Ἴωνας
408 1096 465 1162 καί
481 1094 636 1176 Αἰολέας.
672 1096 751 1165 Εἰσί
774 1092 963 1164 ditericus
984 1097 1095 1183 Κᾶρες
1115 1093 1178 1182 μὲν
1192 1091 1336 1183 ἀπιγμέ-

200 1292 324 1358 oquidem
351 1295 391 1345 sic
419 1297 598 1362 interpretor:
632 1299 746 1362 reliquae
795 1295 913 1346 videtur.
955 1293 996 1345 Ac
1023 1293 1181 1346 Semiticam
1210 1294 1340 1360 originem

198 1379 259 1414 uero
275 1363 365 1428 arbee,
385 1382 450 1430 quoe
469 1364 519 1432 (ab
532 1365 659 1430 Ionibus)
674 1366 746 1417 babi-
795 1369 933 1416 testantur
944 1364 1079 1414 voeabula
1090 1364 1224 1430 quaedam
1234 1365 1340 1428 Carica,

200 1433 746 1504 mutar,baesitSchweighaenserustLe·
796 1434 890 1502 qualia
912 1433 1025 1500 collegit
1047 1434 1202 1501 Joblonsky
1220 1433 1339 1501 Opusoo.

200 1504 254 1554 xic.
265 1503 367 1554 Herod.
379 1505 418 1558 ΙΙ.
429 1522 456 1572 p.
470 1505 531 1574 138)
542 1507 659 1558 addens:
679 1523 746 1572 „po-
796 1505 829 1556 Τ.
848 1505 901 1559 III.
918 1519 946 1570 p.
965 1503 1013 1566 943
1032 1519 1120 1570 neque
1137 1505 1190 1557 huc
1207 1520 1262 1556 non
1281 1519 1342 1570 per-

201 1578 294 1636 „teras
312 1575 395 1624 etIam
413 1577 548 1642 suspicari
573 1570 623 1635 τὰς
640 1568 745 1627 ἄλλοθι
795 1575 866 1625 tinet
880 1576 1024 1637 Homerus,
1040 1575 1179 1640 quicares
1192 1575 1260 1626 diris
1272 1573 1340 1642 βαρ-

201 1635 321 1707 ,μιόίιας
338 1640 504 1711 οίκεομένας
521 1651 568 1697 aut
580 1642 744 1712 οίιιημένας,
796 1637 986 1712 βαροφοὶνους
1008 1643 1052 1696 111.
1069 1645 1109 1708 11,
1127 1645 1193 1710 867,
1217 1646 1265 1696 ubi
1282 1645 1339 1696 vid.

201 1714 352 1779 „scriptum
376 1717 542 1781 oportuisse,
570 1722 617 1767 aut
640 1709 690 1774 τὰς
714 1708 745 1766 ἐν
794 1717 971 1780 interpretee;
994 1719 1025 1765 tu
1048 1715 1104 1766 vid.
1124 1715 1246 1782 inprimis
1266 1715 1341 1766 Stra-

202 1774 330 1852 „rjrrsc‘qqr
344 1779 528 1850 οίκημένας.“
548 1787 668 1849 Quorum
680 1801 745 1837 non·
795 1784 893 1835 bonam
917 1784 951 1835 de
969 1783 1049 1834 huius
1072 1786 1147 1835 vocis
1163 1785 1191 1835 vi
1208 1785 1341 1835 dieseren·

201 1857 272 1904 trum
289 1853 391 1920 placet;
417 1857 490 1908 conf.
515 1857 598 1908 etiam
618 1860 691 1910 nott.
709 1856 745 1907 ad
796 1859 851 1904 tem
868 1853 943 1906 XIV.
968 1855 1064 1918 1).be
1085 1854 1148 1907 Cas.
1188 1853 1272 1906 Plura
1294 1853 1340 1904 da·

201 1922 225 1988 1,
244 1924 288 1978 27.
795 1924 864 1975 bunt
886 1923 991 1974 Hoeck.
1016 1923 1098 1974 Creta
1118 1924 1158 1974 11.
1180 1940 1207 1990 p.
1227 1925 1244 1975 θ
1262 1939 1339 1990 seqq.

795 1993 847 2044 290
865 2007 940 2059 seqq.
960 1991 1110 2044 Bertbeau:
1128 1995 1183 2044 Zur
1199 1993 1298 2046 Gesch.
1312 1995 1339 2046 d.

795 2063 914 2115 Israelit.
932 2079 959 2128 p.
980 2063 1029 2114 192
1047 2077 1124 2130 seqq.
1140 2064 1261 2116 Movere:
1288 2065 1341 2114 Die

796 2133 927 2184 Phoenic.
947 2132 972 2185 1.
987 2148 1015 2198 p.
1037 2133 1069 2184 17
1088 2148 1174 2200 seqq„
1192 2135 1239 2200 qui
1256 2133 1340 2185 Cares

797 2219 831 2254 ex
860 2201 1019 2255 Palaestina
1049 2205 1149 2268 repetit
1177 2209 1342 2271 gentemque

797 2274 856 2325 sive
884 2273 1060 2325 Phoenicium
1084 2273 1143 2324 sive
1170 2273 1341 2325 Oanaitieam

796 2343 905 2410 proprie
932 2343 1018 2394 fuisse
1042 2344 1149 2394 statuit.
1194 2345 1303 2410 Leleges
1324 2359 1341 2393 a

797 2413 912 2464 Caribus
923 2429 979 2464 non
989 2413 1112 2464 diversos
1128 2418 1177 2464 aut
1190 2418 1264 2464 certe
1281 2427 1342 2464 oum

372 2096 439 2148 Cas.
458 2097 580 2152 CLXXI.

236 2187 294 2264 ἅμα
307 2189 445 2266 ἀγόμενος
455 2197 503 2251 καὶ
511 2191 612 2260 Ἰιονας
623 2196 671 2251 καὶ
681 2195 746 2250 Λίο-

202 2267 278 2336 itus]
302 2271 362 2322 Hoc
386 2270 576 2336 explicandum
600 2287 632 2322 ex
650 2273 746 2323 Persa-

201 2355 262 2390 rum
272 2355 353 2404 more,
373 2356 426 2406 quo
437 2342 556 2393 victores
567 2342 669 2394 victam
683 2357 746 2409 gen-

202 2415 257 2460 tem
282 2425 337 2460 una
358 2425 451 2461 secum
474 2412 617 2476 ducerent,
648 2412 746 2478 copiis-

203 2495 256 2546 que
273 2480 331 2530 suin
355 2482 482 2532 continue
503 2481 579 2533 illam
604 2481 744 2533 adderent.

204 2550 247 2601 Cf.
265 2551 382 2602 Haeren.
401 2551 486 2602 Ideen
502 2552 525 2615 Ι,
545 2553 558 2603 l
576 2567 640 2618 pag.
658 2552 719 2603 513.

183 2677 186 2680 ,
239 2615 293 2670 sici
317 2613 348 2670 rt
372 2613 482 2670 τούτων
499 2619 592 2686 Κᾶρες
611 2614 664 2686 μὲν
680 2613 745 2671 cins-

202 2687 301 2755 γμέυοι
329 2680 358 2748 ἐς
387 2682 440 2754 τὴν
463 2682 585 2756 ἤπειρον
608 2707 634 2741 κ.
658 2707 682 2741 τ.
707 2688 743 2756 L]

204 2761 300 2820 Cares,
320 2760 366 2826 qni
389 2759 511 2812 Graecae
535 2761 627 2826 stirpis
649 2760 746 2812 volunt

204 2845 279 2893 esse,
297 2829 423 2896 primitus
441 2845 455 2880 e
474 2831 590 2883 Graecia
606 2832 668 2897 ipsa
686 2845 746 2897 pro-

204 2899 292 2950 iectos
310 2899 414 2966 Aegaei
436 2901 519 2951 maris
539 2901 643 2952 insulae
668 2915 746 2952 occu-

204 2985 286 3035 passe
302 2969 384 3036 vulgo
400 2975 527 3034 nonant,
545 2971 707 3035 eosdemque
719 2973 747 3019 et

204 3043 358 3092 mercatore
381 3044 409 3090 et
432 3039 584 3091 latrociniis
604 3039 747 3089 maritimis

796 2484 831 2532 iis
840 2483 881 2533 ita
888 2484 1036 2548 permixtos
1048 2497 1116 2548 ease,
1127 2488 1158 2533 ut
1170 2499 1219 2547 pro
1231 2499 1287 2534 uua
1297 2497 1342 2533 ea-

797 2554 911 2618 demque
922 2558 1004 2620 gente
1014 2553 1110 2604 merito
1122 2553 1216 2604 baberi
1226 2554 1341 2620 possint,

796 2629 904 2689 praeter
919 2622 1088 2675 Herodotum
1106 2623 1221 2686 Strabo,
1239 2625 1343 2674 Pansa-

797 2695 872 2756 nias,
896 2692 944 2743 alii
969 2697 1106 2744 asserunt.
1142 2694 1185 2744 'I'u
1207 2693 1265 2743 vid.
1283 2693 1342 2758 pln-

797 2764 871 2814 ribus
893 2762 962 2813 haec
986 2766 1164 2826 exponentem
1182 2760 1272 2816 Raoul
1289 2764 1342 2813 Bo·

798 2833 900 2885 cbctte:
922 2832 1045 2882 Histoire
1068 2831 1100 2881 de
1124 2829 1268 2882 l'dtablias.
1293 2832 1341 2882 dee

798 2902 885 2953 colon.
902 2901 1000 2965 Greoq.
1015 2901 1038 2950 1.
1051 2915 1114 2965 pag.
1129 2899 1181 2950 378
1195 2913 1270 2965 seqq.
1290 2900 1342 2952 384

797 2985 887 3090 ιο,
904 2969 1247 3104 tartaraco
1277 2983 1342 3104 u

891 3073 898 3088 Ι
978 3075 985 3089 ι
1107 3075 1114 3089 1
1251 3075 1272 3102 ι,
1380 3063 1385 3076 ⁸

204 3108 313 3159 inclitos
347 3109 434 3160 fuisse
473 3109 587 3160 addunt.
640 3109 747 3160 Primos

204 3179 299 3244 iugum
322 3177 374 3228 illis
396 3179 557 3244 imposuisse
582 3179 682 3230 dicitur
698 3178 749 3228 Mi-

204 3263 270 3311 nos,
294 3249 341 3313 qui
357 3248 459 3314 primns
478 3249 642 3302 Graecorum
659 3249 749 3299 elcese

205 3318 350 3383 plurimum
371 3317 473 3382 valuit,
503 3318 647 3370 nonnullos
677 3317 749 3368 subi-

206 3387 295 3454 gendo
306 3387 419 3453 suisque
431 3387 606 3438 Cretensibus
621 3387 750 3439 adiicien-

207 3459 255 3520 do,
275 3456 358 3520 alios,
379 3458 425 3522 qui
443 3458 536 3523 iugum
555 3457 625 3509 terre
636 3457 748 3520 nollent,

206 3526 354 3589 eiicieudo‚
373 3527 414 3577 ita
430 3532 462 3577 nt
479 3527 576 3578 insulis
594 3527 695 3578 relictis
713 3526 749 3578 ad
800 3541 885 3592 nuper
902 3524 1043 3576 contendit
1058 3524 1160 3576 Soldan
1177 3524 1262 3588 (Mus.
1275 3524 1344 3575 Rhe·

206 3597 330 3662 proxima
352 3597 435 3647 Asiae
456 3595 539 3647 litora
566 3611 627 3648 sese
648 3597 750 3661 recipe·
800 3612 863 3648 nan.
882 3596 936 3659 111,
956 3596 979 3645 I.
999 3609 1027 3660 p.
1045 3594 1080 3646 89
1098 3609 1174 3659 seqq.
1196 3595 1246 3644 114
1263 3594 1343 3660 seq),

207 3671 268 3716 rent
292 3666 384 3730 ibique
405 3665 483 3716 sedes
510 3665 633 3731 figerent.
670 3665 750 3716 Unde
800 3667 847 3732 qni
863 3669 1007 3730 utramque
1025 3669 1133 3729 gentem
1149 3667 1245 3714 contra
1262 3662 1344 3714 diser-

207 3741 271 3786 sunt
289 3749 382 3785 rursus
400 3733 471 3799 pulsi
484 3736 569 3786 multo
587 3739 651 3801 post
668 3735 749 3786 adse·
800 3741 858 3786 tum
880 3733 1016 3786 Herodoti
1043 3748 1075 3784 ao
1098 3731 1240 3784 Strabonis
1268 3733 1344 3783 teeti-

207 3804 345 3855 nientibns
358 3819 374 3854 e
385 3805 500 3856 Graecia
509 3805 632 3870 Ionibus,
648 3804 681 3855 de
693 3804 751 3870 qui·
801 3805 921 3856 monium
939 3804 980 3854 ita
997 3801 1130 3868 distingui
1147 3800 1221 3865 vult,
1247 3806 1278 3852 nt
1294 3802 1344 3853 Ca-

206 3873 257 3924 bus
280 3873 399 3924 vidimus
422 3874 591 3938 ad1,142.
632 3875 669 3925 At
686 3889 750 3924 vero
802 3874 893 3926 resad
906 3874 989 3923 Asiae
1002 3871 1115 3936 populos
1129 3871 1284 3936 pertineant
1301 3887 1344 3922 ae-

207 3941 263 3993 alia
299 3944 323 3993 ai
352 3943 618 4008 obcumspiciamua,
651 3943 751 3994 Garum
802 3959 855 4009 que
866 3958 899 3993 ac
909 3942 980 4007 Lydi
992 3945 1020 3991 et
1031 3941 1112 4006 Mysi,
1126 3939 1239 4006 Leleges
1254 3941 1344 4006 prisco

208 4026 274 4078 gene
296 4013 449 4078 primitivas
471 4013 549 4063 sedes
570 4013 599 4062 in
616 4013 684 4062 Asia
704 4013 751 4063 ba-
803 4027 872 4064 aevo
901 4011 1045 4062 Graeciam
1080 4010 1217 4061 tenuerint
1245 4011 1343 4075 ipsam,

208 4081 301 4132 buiese
317 4082 437 4146 videtur,
456 4082 601 4134 Semiticae
613 4082 692 4148 stirpi
707 4097 751 4132 ao·
801 4082 873 4132 unde
895 4080 1011 4146 profecti
1033 4085 1060 4129 et
1083 4077 1186 4130 insulae
1210 4082 1238 4130 et
1256 4080 1344 4146 ipsam

209 4151 355 4213 censendaq
376 4167 409 4202 ex
418 4152 485 4201 Asia
494 4166 640 4217 progressa
650 4151 678 4202 in
691 4167 751 4216 pro·
801 4151 886 4201 Asiae
909 4163 984 4199 oram
1002 4149 1151 4214 proximam
1173 4151 1344 4214 occuparint.

208 4220 280 4272 xime
290 4222 360 4272 sitas
373 4220 477 4271 insulas
487 4219 595 4271 Cretam
607 4221 751 4285 praecipue
803 4219 882 4281 Quod
900 4217 1008 4283 quidem
1025 4219 1067 4268 vir
1084 4219 1257 4270 doctissimus
1278 4217 1345 4268 mibi

208 4291 296 4340 tenuit
313 4290 405 4355 ibique
424 4306 484 4341 cum
502 4291 563 4340 aliis
580 4289 660 4340 huius
677 4290 751 4338 insu-
801 4287 873 4338 haud
882 4287 1106 4353 peruasithend
1115 4287 1257 4350 nescienti,
1264 4301 1346 4352 qnam

206 4357 252 4409 lae
274 4359 372 4411 ineolis
394 4359 591 4426 quodammodo
616 4358 751 4410 ooalrdese
800 4358 1030 4424 unumquemque
1049 4357 1157 4410 diversa
1174 4356 1209 4408 de
1225 4355 1278 4408 hac
1294 4357 1345 4406 Le-

799 3124 860 3160 com
868 3108 1009 3158 Herodoto
1020 3107 1101 3174 plane
1114 3110 1259 3173 consentit,
1279 3108 1341 3161 coll.

798 3177 878 3230 XIII.
903 3193 930 3243 p.
948 3177 1000 3230 909
1025 3193 1047 3230 s.
1070 3193 1133 3245 pag.
1161 3179 1343 3232 eliceam

799 3248 863 3300 VII.
892 3263 920 3313 p.
944 3245 994 3299 eet
1018 3247 1080 3299 Cas.
1122 3250 1184 3300 Hoc
1207 3249 1291 3316 igitur
1318 3249 1343 3300 si

799 3333 907 3380 vorum,
932 3315 1046 3382 Leleges
1071 3321 1099 3369 et
1118 3319 1172 3383 ipsi
1196 3319 1231 3369 ad
1248 3319 1343 3370 Asiam

800 3393 884 3454 atque
905 3387 941 3437 ad
959 3386 1115 3438 Semitioam
1132 3389 1243 3452 stirpem
1260 3389 1343 3452 perti-

799 3458 916 3520 nebunt,
951 3471 1038 3520 noque
1067 3457 1103 3506 ad
1127 3457 1284 3519 Graeciam,
1312 3461 1343 3507 ut
