3032 4916
536 241 783 302 EUTERPE.
806 242 848 300 11.
875 248 933 303 132.
1240 237 1302 300 729

165 414 436 506 οὐνομαζόμενοτ
455 413 541 484 θεὸν
554 411 613 486 ὑπ’
635 417 716 504 ἐμοῦ
731 416 786 484 ἐπὶ
806 411 946 509 τοιούτῳ
960 414 1146 506 πρήγματι,
1166 412 1240 482 τότε
1255 404 1304 484 dv
1346 486 1349 492 ,

167 618 269 668 biliosa
281 617 453 668 itineratione
470 618 542 670 filine
554 617 621 669 nihil
638 618 712 669 eliud
763 620 834 669 inter
859 633 961 668 cornua
982 616 1083 668 locato.
1117 616 1198 680 (Sunt
1220 616 1304 666 verbs

166 693 319 752 spectasse,
351 704 431 752 qnam
459 689 603 752 apotheosin
629 705 713 754 quun-
762 689 823 754 ipsa
833 687 970 740 Gallorum
983 685 1063 736 hacc:
1083 685 1122 748 „il
1136 686 1220 748 suffit,
1235 702 1304 752 pour

166 759 241 819 dam,
276 757 335 806 sive
363 759 472 810 divinos
498 759 615 810 honores
643 758 712 823 proli
762 759 833 808 ainsi
856 757 928 820 dire,
953 757 986 807 de
1002 755 1087 820 Jetter
1105 756 1143 806 les
1164 771 1235 822 yeux
1258 771 1305 806 sur

166 843 232 878 suae
251 827 454 891 impertiendos.
489 830 614 894 Arguunt
629 829 711 880 etiarn
762 829 788 878 ln
798 829 930 894 peinture,
949 827 1015 877 dont
1025 842 1093 877 nous
1104 826 1223 892 parione,
1237 842 1304 891 pour

165 897 293 946 lucernae
305 897 378 960 apud
391 898 518 948 buculam
533 915 667 950 accensae
685 903 712 948 et
763 903 896 948 s'ussurer
919 897 952 946 de
974 913 1023 946 son
1049 894 1165 947 identite'
1187 913 1254 946 aven
1278 895 1304 946 le

166 966 380 1017 sullimentornm
393 968 593 1019 combustorum
610 971 711 1033 impen·
762 968 844 1020 coffre
872 965 1007 1032 sdprrlcral
1033 966 1120 1016 decrit
1146 981 1197 1031 par
1219 967 1305 1017 Hero-

167 1037 249 1087 diurn.
287 1038 346 1100 Ego
365 1043 457 1088 tumen
482 1039 571 1088 malim
588 1040 710 1100 fertones
762 1040 835 1090 dots.
872 1036 1023 1088 L’attitnde
1039 1037 1073 1086 de
1091 1035 1118 1086 la
1136 1037 1258 1102 geuisse,
1277 1035 1305 1088 la

166 1109 286 1156 solentuln
303 1109 431 1171 copitar-e,
450 1109 521 1158 unde
540 1109 606 1158 lrncc
624 1111 710 1159 onmis
762 1109 899 1174 draperie,
924 1106 990 1156 dont
1008 1121 1058 1156 son
1079 1121 1158 1170 corpe
1177 1111 1219 1156 est
1242 1122 1304 1156 eou-

167 1175 301 1240 Myceriui
312 1175 428 1227 historia
441 1183 573 1229 exornata
592 1181 637 1242 sii,
656 1195 710 1230 non
761 1183 836 1241 vert,
854 1177 880 1227 le
899 1177 993 1242 disque
1012 1173 1078 1240 pose
1095 1181 1171 1226 entre
1189 1175 1228 1226 les
1247 1191 1305 1226 cor·

168 1245 248 1296 aliter
267 1261 347 1310 quarn
362 1249 461 1298 Minois
481 1249 595 1299 historia
614 1254 642 1300 et
660 1251 711 1300 Pa·
761 1265 820 1312 nes,
839 1251 900 1298 tout
912 1247 980 1296 dans
993 1251 1070 1296 notre
1082 1246 1174 1296 dessin
1189 1249 1231 1296 est
1242 1261 1305 1296 con-

167 1315 285 1380 sipha'es.
323 1318 380 1368 Hoc
401 1326 476 1380 poeto
494 1317 623 1382 Myros-inl
640 1321 710 1381 sillae
762 1321 849 1368 t'orrne
880 1333 916 1368 au
944 1313 1014 1366 re'eit
1046 1317 1079 1366 de
1107 1313 1303 1378 l'historien.“)

166 1393 293 1436 mrmtuosn
314 1391 445 1451 sepultura
466 1389 552 1451 efficta
575 1391 609 1439 sit
632 1405 646 1438 e
669 1407 710 1440 re·
761 1389 838 1439 Haec
862 1388 908 1452 qui
925 1385 1037 1451 legerit,
1060 1386 1084 1435 is
1105 1390 1182 1435 extra
1199 1385 1305 1434 dubita·

165 1456 211 1506 bus
229 1458 347 1520 scenicis,
372 1467 487 1509 autumno
507 1462 599 1526 perspi
620 1461 709 1520 solitis,
761 1459 845 1510 tionis
863 1457 950 1508 aleam
974 1457 1028 1506 iarn
1046 1457 1163 1520 positum
1186 1455 1305 1520 suspice-

166 1527 267 1591 qmnulo
280 1518 332 1589 τὴν
346 1519 490 1592 Ὀσίριδος
506 1524 657 1590 addetum
670 1525 711 1585 εἰς
761 1534 820 1590 tur,
845 1528 926 1577 etiam
945 1531 1008 1590 post
1033 1525 1136 1575 obitum
1153 1526 1181 1574 iu
1199 1524 1304 1574 buculis

165 1588 218 1659 τὴν
242 1590 345 1658 σορὸν,
368 1597 423 1648 i.e.
437 1596 559 1649 osiridem
576 1602 601 1648 in
624 1615 710 1648 arrum
762 1597 931 1663 sepeliendos
943 1611 972 1645 se
985 1610 1095 1644 curasse
1109 1597 1305 1659 Aegyptiorum

166 1667 284 1714 inclutum
301 1666 479 1718 celebrabant:
497 1669 647 1732 Pasiphaes
662 1685 710 1718 au·
762 1669 866 1734 aliquot
883 1681 960 1732 reges
975 1665 1078 1714 aliosve
1092 1681 1227 1730 proceres.
1256 1667 1305 1715 lle·

168 1739 222 1783 tenr
237 1735 376 1798 flagitiosa
391 1737 484 1786 sabula
498 1745 585 1788 ortum
602 1739 710 1789 duxerit
762 1740 808 1804 gia
826 1738 896 1788 eninr
914 1735 1067 1786 conditoria
1084 1735 1162 1784 nohis
1178 1735 1304 1784 exhibue-

167 1819 200 1853 ex
218 1805 292 1853 verni
312 1807 440 1886 temporis
455 1805 637 1868 solemnitate,
656 1824 710 1873 qua
761 1811 824 1857 runt
847 1807 921 1856 illam
940 1805 1093 1855 arculam.“
1129 1805 1206 1854 Haec
1224 1804 1305 1854 Cren-

166 1875 194 1922 in
218 1872 326 1938 templis
351 1891 404 1938 την
429 1867 570 1938 Ὀσίριδος
594 1873 711 1944 ἔμβασιν
762 1893 855 1940 serus,
878 1875 972 1941 Apidis
996 1875 1058 1924 dein
1080 1876 1241 1924 mentionem
1266 1877 1305 1925 ia-

166 1937 207 1999 τίς
231 1934 283 2006 τὴν
311 1938 432 2008 σελήνην
453 1951 512 1995 arte
538 1949 646 1996 scenica
670 1963 710 1997 re·

166 2014 409 2078 praesentabant.“
441 2015 582 2065 Hactenus
596 2017 710 2066 (irenae-

166 2097 226 2145 rus,
257 2083 417 2147 quibuscum
449 2085 553 2146 confer,
586 2102 656 2151 quae
681 2087 709 2134 in

167 2153 314 2217 Symbolic.
334 2155 372 2205 11.
387 2171 450 2220 pag.
465 2155 515 2204 enit
528 2170 604 2221 seqq.
617 2157 710 2220 legun·

168 2227 220 2272 tur.
258 2225 310 2286 Qui
337 2225 407 2274 idern
427 2241 442 2274 e
461 2227 641 2275 monumentis
659 2227 709 2276 Ae·

166 2292 268 2356 gyptiis
292 2294 401 2344 fabulae
426 2295 610 2345 testimonium
630 2311 711 2361 qnae·

166 2377 227 2412 rens
251 2362 321 2413 hunc
339 2365 366 2414 in
389 2365 496 2415 modum
514 2365 617 2430 pergit:
644 2365 710 2428 „Di-

166 2433 244 2481 vinos
263 2439 352 2484 antem
366 2434 482 2485 honores
496 2451 598 2486 vaccae
614 2437 710 2500 imper-

166 2503 231 2552 titos
250 2503 408 2570 reliquaque
425 2506 524 2566 ornnis,
544 2521 613 2572 qnae
625 2507 710 2556 Hero-

166 2573 261 2623 doteus
288 2573 364 2625 locus
390 2575 423 2625 de
450 2577 582 2641 Mycerini
611 2575 711 2626 bucula

166 2659 245 2692 sacra
267 2643 362 2707 habet,
391 2646 425 2696 ad
444 2646 581 2696 oculorum
601 2661 709 2697 sensum

166 2714 277 2776 exponit
295 2715 405 2780 egregia
423 2717 499 2776 icon,
525 2733 606 2781 quarn
623 2718 711 2767 Vene-

166 2783 212 2830 tiie
231 2787 381 2833 exstantem
401 2800 434 2834 ex
451 2785 557 2835 l‘ricaei
576 2801 710 2836 commen-

166 2852 236 2899 tario
259 2853 294 2901 nd
311 2853 454 2916 Apuleium
472 2855 628 2911 Herodoteo
649 2855 709 2905 loco

166 2921 267 2984 primus
287 2921 387 2971 adiecit
404 2923 461 2973 Iac.
482 2923 650 2984 Gronovius,
670 2939 710 2973 re-

166 2989 365 3055 petendamque
391 2992 499 3042 curavit
523 2993 552 3041 in
578 3007 628 3042 sna
655 2993 711 3042 edi-

166 3059 241 3106 tione
260 3059 437 3125 wesseling„
455 3075 527 3110 nune
545 3077 609 3111 vero
628 3077 711 3124 aegre

167 3127 353 3178 desideramus
378 3131 405 3178 iu
433 3129 552 3180 editione
576 3130 711 3196 Schweig-

165 3197 300 3247 haeuseri.
337 3199 426 3262 Magis
450 3205 541 3250 erstem
563 3200 643 3250 debet
660 3217 710 3251 nos

166 3267 308 3318 advertus
326 3268 406 3328 illud,
427 3270 498 3334 quod
516 3285 601 3334 nuper
619 3270 710 3320 admo·

166 3337 229 3386 dum
256 3337 291 3387 ad
315 3337 499 3388 Herodoteaur
526 3341 710 3390 narrationem

166 3405 325 3456 firmandam
342 3407 583 3475 explicandumque
598 3425 630 3460 ex
642 3411 710 3461 The-

165 3477 252 3527 baicis
276 3476 426 3543 hypogaeis
450 3485 579 3529 eruerunt
598 3485 710 3546 arteque

166 3546 283 3612 pictoria
300 3546 396 3597 lineari
414 3547 618 3600 describendum
635 3567 712 3601 cura·

165 3621 264 3666 verunt
278 3615 352 3668 docti
367 3619 584 3682 peregrinaturus
594 3621 712 3672 Franco-

165 3686 241 3752 galli.
278 3686 324 3738 Illi
343 3689 413 3737 eninr
437 3688 577 3753 inopere:
603 3692 712 3742 Descri-

165 3758 243 3822 ptieu
267 3757 300 3807 de
317 3757 439 3823 l'Egypt.
458 3759 570 3824 Antiqq.
596 3760 651 3811 vol.
671 3762 709 3812 11.

166 3843 191 3891 p.
213 3827 263 3877 toti
282 3826 383 3877 Thebis
406 3828 540 3892 reperisse
562 3845 591 3880 se
610 3834 711 3880 testan-

166 3901 210 3946 tur
232 3896 260 3945 in
279 3902 396 3962 angusto
421 3897 544 3948 conclavi
566 3899 653 3964 quinti
671 3915 711 3950 se·

165 3965 252 4030 pulcri
270 3981 364 4030 regum
382 3983 474 4017 arcam
491 3967 617 4030 feralem,
641 3985 711 4034 quae

167 4035 291 4085 omuibus
315 4036 343 4086 in
362 4037 443 4087 rebus
462 4037 639 4102 descriptioni
657 4041 711 4088 Ηο-

164 4105 295 4154 rodoteae
319 4121 515 4172 usquequaque
538 4113 709 4173 congruerat.

166 4175 202 4223 Et
214 4175 288 4224 sistit
307 4175 401 4225 tabula
412 4175 521 4226 adiecta
531 4177 657 4227 buculam
669 4178 711 4226 in-

165 4243 358 4308 geniculatam,
369 4245 498 4307 velatam,
512 4245 646 4312 quomodo
658 4247 710 4297 He-

165 4311 277 4362 rodotus
294 4313 425 4365 describit
448 4329 508 4366 cum
531 4315 607 4366 disco
626 4315 710 4368 solari

761 1948 850 2008 ciens,
869 1961 946 2011 quem
965 1945 1046 1994 etiarn
1060 1944 1244 2010 sarcophagus
1257 1945 1304 1994 hn-

761 2017 839 2067 culae
858 2016 1053 2078 lorrnamprae
1076 2031 1106 2065 se
1128 2015 1216 2064 serens
1235 2014 1305 2064 desi-

761 2101 862 2151 gnasse
877 2085 1007 2149 potuerit.
1028 2085 1107 2146 „Hoc
1125 2085 1149 2133 si
1167 2085 1304 2144 statuasst‘

761 2156 850 2220 pergit
873 2155 1022 2204 Creunerus
1047 2169 1074 2217 p.
1104 2155 1166 2216 130,
1195 2156 1304 2219 „possis

761 2241 820 2276 earu
845 2241 900 2274 reru
928 2225 968 2273 ita
990 2223 1139 2288 explicare,
1167 2231 1197 2274 ut
1226 2233 1304 2290 reges

761 2295 912 2360 Aegyptios
925 2295 1001 2344 dicas
1014 2299 1198 2359 postmortem
1212 2310 1305 2345 secum

761 2366 890 2415 habuisse
919 2365 1037 2414 bovinae
1064 2363 1167 2414 formae
1198 2365 1304 2429 cistam,

761 2451 814 2500 quo
832 2439 923 2485 essent
942 2435 1023 2485 etiam
1040 2433 1092 2484 hoc
1109 2439 1190 2499 pacto
1203 2425 1304 2498 ὁμότα-

761 2521 813 2568 φοι
829 2497 984 2568 Ὀσίριδος,
1012 2509 1107 2570 utpote
1126 2505 1204 2556 cuius
1223 2506 1305 2555 simu-

760 2577 864 2627 lacrum
888 2575 954 2639 Apis
979 2575 1082 2625 esset.“
1124 2574 1166 2625 Ad
1192 2575 1305 2640 Apidem

761 2661 867 2712 quoque
890 2645 1008 2708 pertinet
1028 2644 1095 2694 solis
1118 2645 1211 2695 discus
1234 2645 1305 2694 inter

762 2729 864 2766 cornua
886 2713 965 2764 bovis
987 2713 1108 2774 locatus;
1133 2714 1161 2762 id
1188 2714 1258 2780 qnod
1277 2715 1305 2762 in

761 2784 834 2835 haud
864 2783 959 2847 paucis
991 2783 1092 2833 tabulis
1128 2783 1306 2847 iconibnsqne

762 2855 909 2904 etiamnum
923 2853 1039 2902 servetis
1053 2853 1146 2902 videre
1157 2851 1235 2910 licet,
1249 2851 1304 2900 vid.

761 2923 925 2974 Creuzerum
943 2938 971 2986 p.
990 2922 1048 2974 137.
1068 2927 1125 2970 not.
1147 2919 1205 2970 113.
1238 2921 1305 2970 lude

761 2993 893 3056 Mycerini
913 2990 996 3041 filiam
1020 2995 1152 3040 mortuam
1170 2990 1248 3039 boris
1266 2991 1305 3038 iu-

761 3062 873 3112 voluero
886 3061 1023 3111 conditam
1041 3066 1067 3110 et
1082 3060 1167 3109 sacris
1180 3058 1305 3109 solemni-

761 3132 812 3181 bus
830 3129 930 3180 cultam
948 3129 983 3179 sd
995 3129 1115 3180 lunarem
1131 3129 1207 3179 deant
1222 3130 1306 3180 refert

760 3199 978 3264 Furtwaeugler:
998 3200 1049 3250 Die
1067 3199 1131 3251 Ides
1149 3199 1196 3249 des
1213 3200 1304 3250 'Pedes

762 3275 815 3320 etc.
843 3269 981 3334 (Frihurg.
1009 3269 1096 3334 1855.)
1121 3285 1148 3335 p.
1168 3269 1218 3321 338
1236 3285 1305 3335 seq,

762 3341 809 3406 qui
827 3339 882 3389 alia
900 3354 1006 3404 quoque
1028 3341 1055 3390 in
1073 3341 1143 3390 hanc
1160 3355 1216 3390 rem
1235 3345 1306 3392 attu-

760 3411 802 3461 lit.
839 3409 881 3460 Ad
900 3425 980 3459 sacra
996 3409 1112 3460 Osiridis
1130 3410 1305 3475 pertinuisse,

762 3495 831 3546 quae
856 3479 889 3529 de
908 3480 1041 3545 Mycerini
1063 3479 1119 3531 lilia
1141 3485 1248 3530 mortus
1271 3481 1305 3530 ab

762 3551 903 3602 Herodoto
929 3555 1089 3611 narrantur,
1120 3549 1217 3600 statuit
1241 3565 1307 3614 quo-

762 3637 814 3686 qne
833 3619 996 3669 Wilhineon.
1022 3621 1150 3670 Manuers
1171 3625 1224 3670 ete.
1249 3635 1304 3670 sec.

762 3707 816 3741 ser.
835 3690 858 3740 Ι.
882 3707 907 3754 p.
927 3691 978 3742 312
998 3705 1070 3754 seq.;
1094 3691 1190 3740 bovem
1215 3693 1305 3739 autern

761 3775 816 3810 non
831 3759 866 3809 sd
879 3760 988 3822 Isidem,
1008 3760 1056 3810 sed
1071 3760 1106 3810 ad
1121 3759 1199 3809 deam
1209 3760 1305 3822 Athor,
1345 3769 1350 3780 ·

762 3845 832 3896 quae
861 3830 956 3879 inferis
985 3830 1153 3893 praesideat,
1191 3829 1305 3879 relatam

762 3899 834 3950 vult:
863 3899 909 3947 rix
930 3903 1019 3960 recte,
1043 3900 1096 3949 uisi
1121 3898 1221 3948 Isidem
1245 3915 1305 3950 curn

763 3968 813 4020 dea
826 3967 913 4018 Athor
931 3968 1061 4018 conlundi
1073 3969 1226 4030 existimes,
1245 3985 1305 4019 cunr

763 4037 795 4088 de
812 4037 888 4088 Iside
907 4037 952 4088 hic
970 4037 1089 4088 dubitari
1114 4043 1245 4104 nequeat,
1269 4039 1306 4090 ad

762 4123 842 4172 quam
865 4108 953 4172 ipsam
973 4105 1107 4158 Osiridem
1130 4113 1305 4173 quaerentem

762 4181 871 4241 spectat
888 4178 938 4228 bos
956 4179 1101 4241 quotannis
1120 4178 1148 4226 in
1163 4178 1251 4230 lucem
1263 4184 1310 4230 so-'

761 4246 886 4296 lemuiter
912 4247 1058 4311 products:
1087 4248 1160 4299 conf.
1188 4251 1305 4314 Lepsins

762 4314 943 4382 chronologis
965 4321 1019 4367 etc.
1038 4317 1061 4368 1.
1084 4331 1147 4383 pag.
1167 4318 1219 4372 309
1237 4335 1305 4388 seq,
