3008 4924
252 262 313 328 796
684 259 954 326 HERODOTI

251 438 406 512 δυύδεκα
419 437 589 528 μυριάδες.
610 435 729 519 Νεκῶς
743 441 805 528 μέν
819 466 886 509 νυν
897 434 1021 528 μεταξύ
1034 433 1190 527 ὀρύσσων
1204 435 1385 522 ἐπαύσατο,
1484 437 1486 450 ’

250 551 415 634 μαντῃΐου
436 545 599 631 ἐμποδίου
626 546 811 633 γενομένου
838 547 988 628 τοιοῦδε,
1015 546 1061 635 τῷ
1089 539 1250 635 βαρβάρῳ
1278 539 1386 612 αὐτὸν

251 633 525 738 προεργάζεσθαι.
554 647 746 738 βαρβάρους
765 649 802 718 δὲ
823 646 949 727 πάντας
971 650 1005 714 ol
1025 643 1206 732 Αἰγύπτιοι
1227 649 1387 716 καλέουσι

185 750 330 834 159τούς
345 749 389 842 μὴ
408 757 504 840 σφίσι
528 747 771 840 ὁμογλώσσους.
803 750 1024 840 Παυσάμενος
1045 749 1083 818 δὲ
1105 753 1162 838 τῆς
1183 747 1348 839 διώρυχος
1369 745 1387 820 ὁ

251 854 371 936 Νεκῶς
398 853 556 944 ἐτράπετο
575 853 657 947 πρὸς
677 864 870 944 στρατῃΐας·
893 856 949 924 καὶ
968 852 1118 944 τριήρεες
1135 857 1174 922 αλ
1188 853 1251 942 μὲν
1272 855 1327 924 ἐπὶ
1345 859 1387 944 τῇ

252 967 372 1052 βορῃΐῃ
387 959 541 1050 θαλάσσῃ
558 959 781 1051 ἐποιήθησαν,
806 964 844 1030 αλ
860 956 892 1029 δ’
910 963 947 1029 ἐν
967 963 1013 1051 τῷ
1029 954 1173 1052 Ἀραβίῃ
1196 957 1310 1052 κόλπῳ
1330 961 1387 1028 ἐπὶ

251 1071 292 1157 τῃ
302 1061 450 1156 Ἐρυθρῇ
464 1062 633 1154 θαλάσσῃ,
655 1069 723 1133 τῶν
743 1070 790 1133 ἐτι
806 1068 842 1133 ol
857 1059 951 1133 ὁλκοὶ
973 1063 1134 1150 ἐπίδηλοι.
1168 1064 1224 1130 καὶ
1244 1061 1390 1152 ταύτῃσί

252 1197 287 1238 τε
306 1171 422 1259 ἐχρᾶτο
438 1169 474 1235 ἐν
487 1173 533 1261 τῷ
552 1169 678 1254 δέοντι,
699 1169 755 1236 καὶ
770 1167 912 1258 Σύροισι
934 1169 1014 1255 πεζῇ
1029 1159 1046 1233 ὁ
1062 1162 1181 1246 Νεκῶς
1200 1163 1387 1254 συμβολῶν

252 1339 296 1404 psi
309 1353 357 1404 pro
366 1334 500 1404 βασιλῆος
514 1336 633 1400 itemque
643 1327 792 1400 Nseo'slprc
843 1352 904 1388 eum
912 1350 990 1386 nsum
999 1334 1145 1400 adaptatae
1152 1334 1268 1399 indeque
1281 1333 1388 1400 triplici

253 1406 359 1471 Νεκῶ),
384 1423 444 1457 cum
467 1406 604 1470 genitivus
629 1406 665 1454 sit
683 1407 792 1457 Atticae
842 1421 976 1458 remorum
989 1405 1082 1455 ordine
1093 1405 1250 1467 instructas,
1265 1403 1388 1456 sCorin-

253 1477 396 1538 secundae,
417 1491 486 1541 quse
504 1475 614 1538 dicitur,
635 1475 793 1526 declinatio·
844 1477 907 1526 thiis
923 1475 984 1525 illas
999 1475 1107 1540 quidem
1122 1473 1247 1524 inventas
1267 1479 1295 1524 et
1314 1475 1387 1526 inter

252 1549 308 1608 nis;
332 1547 386 1598 vid.
406 1545 521 1596 Bredov.
544 1559 607 1610 pag.
628 1544 688 1597 249.
707 1577 743 1586 -
760 1546 792 1596 ln
844 1547 962 1598 Graecos
977 1545 1017 1594 ita
1032 1545 1159 1606 usitatas,
1175 1541 1259 1594 utvel
1273 1561 1290 1594 n
1302 1545 1388 1596 Grae-

252 1633 326 1682 seqq.
346 1617 382 1667 ad
398 1607 502 1680 μεταξύ
517 1606 648 1676 ὀρύσσων
659 1615 731 1666 cont.
744 1616 791 1678 IV,
844 1617 882 1667 cis
897 1615 951 1665 tale
963 1615 1072 1665 naviam
1088 1628 1173 1679 genus
1185 1613 1219 1664 ad
1233 1615 1387 1680 Aegyptios

253 1688 303 1738 155
321 1691 348 1736 et
363 1701 432 1752 quae
449 1685 484 1735 sd
503 1684 615 1734 similem
628 1689 792 1736 structuram
841 1685 995 1736 traductum
1006 1683 1092 1734 videri
1102 1689 1193 1748 queat.
1207 1685 1294 1735 -Ad
1304 1681 1387 1736 disci

251 1756 402 1822 particulae
428 1746 531 1804 αύτίκα
556 1771 616 1806 cum
646 1757 790 1820 participio
842 1753 1234 1816 eonsul.not.ad11,154fin.
1261 1755 1294 1804 In
1307 1773 1385 1822 seqq.

251 1828 403 1878 monuimus
420 1824 455 1875 ed
473 1825 495 1888 Ι,
515 1825 558 1874 79.
577 1825 615 1888 11,
637 1825 695 1876 lto.
842 1816 941 1890 ἐχρᾶτο
958 1824 1046 1874 valet:
1064 1825 1101 1874 uti
1114 1823 1225 1886 solebat,
1243 1831 1273 1874 ut
1289 1826 1387 1892 irnper-

286 1892 426 1962 μαντῃΐου
454 1885 593 1959 ἐμποδίου
624 1888 788 1959 γενομένου]
842 1895 908 1946 teeti
930 1893 1059 1959 temporis
1083 1893 1126 1942 vis
1149 1899 1296 1958 appareat,
1323 1913 1386 1946 cum

251 1967 403 2018 Intermissi
420 1965 524 2016 canalis
543 1980 602 2014 earn
613 1966 732 2029 produnt
744 1964 792 2014 alii
842 1969 990 2029 sequantur
1000 1963 1094 2014 eoristi
1104 1952 1223 2028 ἐνίκησε,
1241 1957 1305 2030 εἷλε,
1322 1958 1386 2015 άυέ-

252 2053 376 2100 csusam,
395 2036 467 2100 quod
486 2035 613 2100 Aegyptii
632 2035 791 2086 observave-
842 2033 925 2098 θῃκε.
948 2035 1063 2084 Locutio
1076 2025 1155 2094 ἐντῷ
1166 2027 1258 2082 δέοντι
1273 2033 1387 2098 (quando

251 2107 318 2170 rint,
339 2105 448 2157 Arabici
466 2107 650 2170 sinusequem
668 2105 791 2155 altiorem
841 2119 904 2169 opus
923 2111 993 2165 eret,
1021 2109 1160 2166 opporttno
1185 2105 1306 2172 ternpore)
1330 2123 1386 2156 non

252 2192 407 2242 essequam
426 2174 582 2240 planitiem,
607 2191 694 2239 equa
712 2191 792 2225 cana·
842 2173 954 2224 multum
978 2171 1095 2223 discedit
1113 2170 1287 2226 elocutione
1307 2167 1334 2232 l,-
1353 2168 1386 2224 τὸ

250 2247 285 2298 lis
303 2248 329 2295 in
346 2261 419 2296 mare
433 2243 605 2294 deducendus
623 2249 690 2294 erat.
728 2244 790 2294 Vid.
842 2238 923 2305 δέον,
944 2245 977 2294 δε
995 2258 1049 2308 qua
1066 2241 1121 2291 vid.
1141 2243 1175 2293 sd
1194 2244 1217 2306 Ι,
1237 2245 1280 2297 32.

251 2316 392 2366 Aristotel.
403 2317 517 2365 Meteor.
535 2313 557 2377 I,
572 2313 603 2363 ll
619 2313 681 2365 coll.
698 2315 790 2366 Strsb.
877 2309 924 2362 καλ
942 2304 1110 2375 Σύροισι-
1123 2301 1153 2360 ἐν
1166 2307 1310 2380 Μαχδύλῳ
1329 2303 1387 2364 ἐντ’-

250 2386 340 2436 XVII.
359 2401 422 2450 pag.
441 2385 493 2434 804
510 2399 532 2433 s.
549 2398 611 2448 pag.
624 2383 701 2436 1158.
720 2385 791 2435 Plin.
841 2381 919 2450 κησε]
938 2383 1018 2448 Syros
1030 2382 1058 2432 λι.
1076 2382 1095 2433 l.
1113 2381 1206 2434 latiori
1220 2399 1311 2447 sensu,
1330 2399 1385 2450 quo

251 2455 287 2505 H.
306 2456 339 2504 N.
358 2455 406 2515 VI,
426 2455 468 2504 29.
505 2453 632 2516 Accedit,
657 2455 742 2520 quod,
762 2456 792 2504 nt
843 2452 922 2503 simul
946 2453 1064 2517 Assyrii,
1092 2452 1253 2518 Babylonii,
1278 2455 1384 2517 Iudaei,

251 2523 373 2575 nonnulli
392 2527 461 2574 teste
477 2523 566 2573 Plinio
591 2523 718 2585 tradunt,
741 2525 793 2575 Ae·
843 2523 890 2574 alii
908 2520 1184 2587 comprehendantur,
1209 2525 1385 2589 accipiendos

251 2595 338 2660 gyptii
348 2594 489 2655 timebant,
499 2593 621 2643 nemaris
635 2609 706 2660 equs
718 2593 792 2645 salsa
842 2608 901 2644 esse
912 2593 957 2642 vix
971 2607 1078 2642 monere
1089 2594 1199 2645 attinet.
1234 2595 1304 2646 Sunt
1319 2611 1385 2644 vero

251 2681 283 2714 ex
296 2664 412 2714 Arabico
424 2665 484 2713 sinu
499 2664 526 2714 iu
539 2663 660 2714 canalem
674 2665 791 2714 demisse
841 2678 936 2714 sacrae
958 2662 1069 2723 literae,
1098 2679 1112 2714 e
1138 2664 1236 2728 quibus
1260 2665 1386 2714 nonnihil

251 2733 354 2784 dulcem
376 2733 431 2784 Nili
455 2749 566 2800 aquam,
592 2749 662 2798 qnae
683 2733 741 2784 sola
761 2733 792 2783 il·
840 2732 1257 2796 illustraripoteritHerodotue:
1276 2735 1315 2784 IV
1326 2734 1385 2798 (11)

238 2804 302 2855 'lius
321 2804 439 2870 regionis
458 2804 561 2854 incolae
585 2803 712 2865 nutriret,
734 2821 791 2855 cor·
841 2805 928 2868 Regg.
949 2801 1055 2860 XXlll,
1070 2801 1104 2852 es
1121 2818 1196 2868 seqq.
1217 2803 1245 2853 11
1255 2802 1384 2854 chronio.

251 2879 395 2940 rumperet.
431 2875 473 2924 Tu
497 2874 552 2924 vid.
573 2873 637 2923 Meu
659 2879 707 2924 ert.
733 2873 750 2924 l.
771 2873 789 2924 l.
841 2873 950 2934 XXXV,
969 2871 1002 2921 ’10
1024 2885 1099 2938 seqq.
1123 2873 1247 2936 XXXVI,
1272 2873 1384 2940 3seqq.

250 2961 314 3011 pag.
334 2945 394 2996 506.
413 2944 474 2995 511.
509 2945 596 2993 Veras
616 2889 713 3062 &aa
731 2943 791 2993 dili·
842 2942 910 2993 Inde
924 2942 994 2992 enirn
1009 2941 1199 3008 intelligimus,
1219 2944 1385 3009 Aegyptium

251 3021 345 3081 genter
370 3013 495 3078 exposuit
519 3013 558 3063 Le
576 3011 645 3063 Pdre
674 3029 723 3064 oco
747 3029 791 3064 su·
841 3027 932 3078 regem
958 3010 1155 3076 expeditionem
1185 3018 1280 3062 contre
1301 3015 1386 3079 Assy-

251 3100 299 3150 pra
322 3083 434 3134 laudato
458 3099 519 3148 pag.
548 3083 582 3132 68
606 3097 681 3148 seqq.
705 3084 791 3133 —In
841 3082 897 3132 rios
915 3081 1068 3132 instituisse
1086 3081 1251 3148 Euphratem
1276 3099 1385 3136 versus.

251 3170 327 3219 seqq.
340 3169 400 3204 cum
414 3153 501 3204 (laist.
518 3153 645 3218 rescripsi
657 3143 695 3217 μὴ
711 3151 792 3216 σφίσι
842 3153 902 3213 Quo
921 3165 981 3200 eum
1004 3151 1057 3201 iter
1080 3167 1128 3216 per
1151 3153 1313 3203 Iudaeorum
1331 3161 1386 3204 ter-

250 3239 298 3289 pro
316 3223 429 3289 vulgate
446 3213 485 3286 μή
504 3234 565 3286 σφι.
841 3237 898 3270 ram
909 3219 1029 3282 duceret,
1043 3222 1140 3284 losias,
1153 3222 1315 3273 ludaeorum
1326 3240 1384 3286 rex,

842 3291 985 3356 Aegyptiis
1010 3292 1155 3342 transitum
1178 3307 1321 3344 recusasse
1345 3295 1385 3343 vi-

431 3341 497 3392 Cff·
517 3341 612 3392 CLIX·
842 3359 933 3420 detur,
960 3375 976 3409 ο
999 3361 1098 3425 quibus
1126 3367 1216 3411 temen
1239 3363 1329 3413 vietus
1349 3363 1385 3414 ad

285 3417 331 3476 ἐπὶ
354 3425 389 3492 τῇ
411 3423 515 3494 βορηΐῃ
539 3419 680 3494 θαλάσσῃ]
707 3430 791 3479 Recte
841 3429 969 3494 Megiddo
988 3445 1072 3496 prope
1096 3439 1213 3482 montem
1231 3431 1384 3483 Carmelum

249 3496 404 3562 intelligunt
421 3501 535 3548 triremes
552 3503 577 3548 iu
596 3501 791 3562 septentrionale
841 3499 952 3548 vnlnere
971 3506 1083 3565 accepto
1104 3502 1162 3567 ipse
1180 3501 1257 3553 obiit.
1295 3503 1327 3553 In
1340 3519 1385 3552 cu·

251 3576 276 3618 et
298 3571 411 3618 australe
436 3583 505 3617 mare
528 3568 669 3618 nrittendaa.
711 3567 789 3618 Cous.
842 3569 884 3618 ius
903 3568 992 3618 locum
1015 3569 1132 3622 Ioacbas
1155 3570 1226 3621 tilius
1248 3588 1264 3621 a
1283 3571 1385 3637 populo

250 3637 287 3699 ΙΙ,
307 3637 356 3688 16⁵2
376 3627 421 3686 ἐπὶ
446 3633 588 3703 βασιληΐῃ.
623 3638 665 3688 De
687 3637 791 3687 boreali
842 3639 1008 3689 constitutus
1042 3655 1088 3690 rex
1123 3641 1209 3690 tribus
1246 3643 1385 3692 mensibus

250 3707 359 3758 marist
377 3705 457 3757 rubro
478 3707 533 3756 vid.
554 3711 610 3757 not.
629 3705 663 3756 ad
682 3707 719 3770 11,
741 3707 790 3758 158
841 3707 1035 3774 praeterlapsis
1053 3711 1087 3760 ab
1108 3711 1302 3776 Aegyptiorum
1321 3727 1386 3778 rege

251 3782 278 3827 et
296 3776 329 3826 de
346 3777 418 3843 regis
438 3775 528 3826 studio
552 3775 699 3842 navigandi
717 3777 790 3827 conl.
841 3779 869 3827 iu
887 3779 1039 3843 Aegyptum
1053 3779 1186 3830 abductus
1205 3787 1246 3830 est
1261 3797 1387 3847 regnum·

249 3847 297 3906 IV,
316 3847 358 3896 te.
397 3845 680 3896 ObservatLetronue
696 3843 789 3908 (Mem.
842 3848 1111 3912 queiretriIoiakim
1131 3849 1270 3901 traditum.
1307 3853 1385 3914 Quae

250 3915 283 3966 de
301 3905 506 3966 lucauxvn.
520 3930 582 3980 pag.
600 3913 653 3980 19),
666 3916 790 3966 consulto
841 3917 882 3966 its
898 3919 1003 3982 peregit
1015 3919 1103 3980 Nece,
1122 3919 1316 3984 Aegyptiorum
1327 3937 1385 3980 rex,

249 3985 336 4035 videri
359 3986 393 4035 ab
411 3985 551 4035 Herodoto
573 3983 617 4035 hic
641 3985 694 4035 dici
717 3987 790 4036 trire·
842 3991 872 4037 nt
883 4002 988 4037 omnem
1001 3988 1140 4038 Iudaicam
1153 3993 1261 4052 terrem,
1274 3991 1386 4042 neHie-

245 4069 313 4116 mes,
332 4070 419 4119 neque
436 4053 595 4119 simpliciter
611 4070 700 4116 nones,
726 4071 791 4121 qus·
842 4055 984 4119 rosolymis
1003 4058 1111 4122 quidem
1130 4061 1263 4123 exeeptis,
1287 4061 1314 4109 in
1334 4077 1387 4111 sua

248 4122 288 4172 les
308 4123 366 4174 scil.
389 4139 436 4188 per
456 4123 608 4190 Aegyptum
626 4125 744 4176 usitatas
762 4125 790 4174 in
842 4130 978 4192 potestate
1006 4125 1080 4177 illum
1104 4127 1232 4178 habuisse
1263 4129 1387 4180 dubitari

250 4192 317 4254 ipsis
335 4193 530 4258 Aegyptiorum
545 4195 725 4245 monumentis
745 4195 791 4244 ad·
842 4201 968 4260 nequest.
1007 4197 1083 4258 Quod
1103 4199 1172 4248 enirn
1182 4198 1387 4264 Hierosolymo-

248 4260 301 4309 huc
318 4276 427 4311 cernere
445 4261 516 4325 lieet,
536 4277 732 4315 unoremornm
749 4280 791 4314 or·
842 4281 901 4316 rum
919 4267 1025 4326 urbem,
1043 4268 1258 4332 cuiuscxpressa
1274 4269 1385 4332 quidem

248 4329 312 4380 dine
325 4329 484 4394 instructas,
500 4333 548 4382 sed
562 4349 647 4384 naves
662 4333 697 4384 ad
713 4333 790 4398 belli·
843 4335 863 4388 l.
880 4333 900 4386 l.
925 4335 1000 4386 nulla
1023 4335 1071 4386 liat
1095 4337 1209 4400 mentio,
1234 4353 1251 4387 a
1272 4338 1386 4390 Necoue
