3058 4928
203 209 286 284 ἰιι
657 221 924 286 unuonom

179 403 219 464 52
228 409 340 470 λωτιιι.
369 394 497 466 ”nevos
511 394 549 465 di
564 394 672 466 πάντα
686 394 849 486 πρότερον
862 399 897 466 οἱ
906 397 1074 484 Πελασγοὶ
1092 405 1203 466 θεοῖσι
1218 396 1357 486 ἐπευχό-

224 531 337 593 μενοι,
360 497 404 582 ὦς
422 495 488 586 ἐγώ
505 502 542 570 ἐν
556 498 712 590 Δωδώνῃ
732 499 808 572 οἶδα
828 497 988 581 ἀνιούσας·
1011 501 1208 588 ἐπωνυμίην
1222 501 1259 572 δὲ
1277 498 1355 570 οὐδ’

225 604 353 694 οὕνομα
367 607 540 675 ἐποιεῦντο
554 600 671 674 οὐδενὶ
686 600 815 674 αὐτῶν·
831 600 872 673 οὐ
887 600 950 694 γὰρ
964 599 1152 693 ἀκηκόεσάν
1165 631 1225 674 uo).
1252 601 1356 688 θεοδς

226 711 264 781 δὲ
279 706 558 798 προσουνόμασάν
571 728 677 796 σφεας
690 705 756 778 ἀπὸ
773 712 834 778 τοῦ
851 705 1023 794 τοιούτου,
1045 704 1096 778 ὅτι
1111 704 1222 802 κόσμῳ
1237 712 1356 790 θέντες

224 811 265 884 τὰ
279 812 386 883 πάντα
406 809 582 900 πρήγματα
600 812 655 880 καὶ
670 810 776 893 πάσας
793 809 897 901 νομὰς
915 809 1015 900 εἶχον.
1055 817 1186 880 ἔπειτεν
1201 811 1256 898 δὲ,
1276 811 1354 902 χρό-

224 945 287 990 νον
305 920 432 988 πολλοῦ
454 913 704 1002 διεξελθόντος,
728 915 897 986 ἐπύθοντο
917 917 953 985 ἐκ
974 919 1032 1004 τῆς
1046 914 1221 1002 Αἰγύπτου
1237 911 1354 986 ἀπικό-

224 1087 355 1151 cougruat
371 1081 610 1146 antecedentibus,
634 1075 699 1162 ipdv
720 1072 766 1130 lo'-
817 1082 989 1148 simplicioris
1019 1096 1067 1147 per
1096 1082 1237 1134 Graeciam
1266 1083 1357 1136 cultus

223 1169 275 1220 γον
286 1153 423 1220 explicant
433 1145 521 1217 καθὰ,
530 1153 547 1204 i.
556 1168 581 1204 e.
591 1149 765 1213 ταταταῦτα,
817 1152 889 1203 conl.
911 1152 1063 1218 Guiguiaut
1085 1152 1104 1203 l.
1124 1153 1144 1204 l.
1164 1155 1198 1204 T.
1221 1155 1260 1206 11.
1279 1154 1310 1205 Ρ.
1330 1155 1355 1204 1.

224 1213 253 1274 oi.
289 1223 423 1289 Equidem
446 1223 669 1286 adstructam,
696 1235 766 1286 quae
816 1237 879 1288 pag.
898 1221 958 1273 289.
995 1219 1102 1273 Emdrie
1124 1223 1227 1274 David:
1253 1225 1358 1288 Iupiter

224 1293 394 1354 adsensum,
412 1293 557 1356 utiaiunt‚
576 1292 764 1352 instituuntur,
816 1292 850 1342 T.
869 1291 891 1342 Ι.
911 1307 938 1356 p.
959 1291 1086 1342 CXXXII
1104 1307 1179 1358 seqq.
1199 1299 1226 1343 et
1243 1295 1358 1344 Baeum-

224 1364 325 1416 referre
339 1363 431 1414 malim
449 1353 491 1412 roi.
528 1362 586 1414 Nec
599 1361 707 1412 Latinis
725 1365 766 1410 ta·
817 1360 881 1423 lein,
903 1361 948 1427 qni
963 1359 1359 1414 Herodoteumlocumtract'c·

223 1433 261 1484 lia
277 1433 397 1484 insolita.
434 1431 510 1482 Conl.
528 1432 607 1483 Corte
623 1431 658 1482 ad
677 1431 765 1482 Cicer.
817 1431 858 1480 vit
870 1431 910 1480 in:
923 1430 1356 1485 Zeitscbrilti.Altertbumswiss.

222 1505 292 1570 Epp.
311 1502 347 1553 ad
364 1502 463 1553 divers.
482 1502 516 1564 V,
537 1502 577 1552 14.
816 1499 892 1578 1839.
912 1515 975 1578 pag.
1001 1500 1068 1552 noo
1092 1517 1169 1584 seqq.
1194 1503 1262 1582 ileu
1280 1519 1356 1569 seqq.

849 1585 892 1620 οτι
904 1583 1000 1638 τοσμφ
1015 1567 1116 1628 θέντες
1132 1587 1167 1622 τα
1181 1588 1275 1622 ποντα
1285 1569 1358 1639 ποή-

414 1673 480 1724 0...
500 1673 565 1724 εν·
814 1637 1358 1772 u.“:5.u;·..².l.¹.·.5.:uutuu

249 1765 361 1826 Ἐθνον
382 1770 413 1827 di
432 1769 557 1842 πάντα]
581 1765 683 1838 πάντα,
701 1773 719 1825 i.
739 1790 763 1824 e.
815 1780 876 1830 Erit
904 1779 988 1844 igitur
1013 1779 1123 1830 deornm
1148 1797 1245 1832 nomen
1269 1779 1358 1848 (deal)

223 1847 345 1914 quaslibet
361 1864 404 1899 res
421 1855 447 1898 et
458 1846 553 1898 toruae
572 1859 694 1910 equoque
710 1845 766 1894 ani·
817 1849 1016 1900 derivanduma
1027 1849 1224 1914 νοτοοθείναι,
1234 1851 1358 1915 τιθέναι,

223 1919 338 1967 mutium
353 1933 455 1982 ponere,
474 1917 521 1968 ubi
538 1915 621 1980 vulgo
640 1913 766 1980 supplent
814 1935 923 1983 ponere.
940 1922 1074 1982 collocare,
1095 1921 1211 1987 indeque
1222 1925 1357 1982 ordinum

223 1979 258 2036 τὰ
275 1978 401 2052 θύσιμα,
427 1987 498 2052 quod
522 1985 643 2035 additum
665 1985 767 2034 inveni·
817 1993 847 2039 ut
863 1983 1041 2052 dseisiutii,
1056 1991 1102 2054 qui
1118 1992 1244 2042 omniein
1259 1993 1358 2044 mundo

225 2072 283 2108 mus
306 2055 329 2118 I,
354 2058 397 2120 50,
415 2057 461 2106 ubi
485 2056 542 2106 vid.
560 2060 641 2117 nott,
659 2058 690 2104 ut
712 2069 766 2104 non
817 2058 968 2109 ordinarint
996 2064 1023 2109 et
1049 2061 1248 2112 constituerint.
1291 2062 1359 2114 Inde

226 2140 337 2176 neeesse
349 2127 394 2188 eit,
410 2141 470 2176 cnm
483 2125 596 2178 Godolr.
608 2125 765 2174 Hermanno
817 2128 941 2178 Clemens
966 2128 1165 2182 Alexandrinus
1193 2132 1256 2182 libri
1278 2133 1358 2198 primi

225 2195 355 2260 (Opuscc.
376 2195 441 2247 VII.
467 2211 530 2261 pag.
557 2194 630 2259 275.)
648 2193 766 2243 scribere
817 2199 948 2248 Stromat.
972 2198 1000 2248 in
1023 2197 1075 2248 fine
1099 2199 1177 2250 deum
1197 2194 1293 2266 (θεὸν)
1317 2202 1358 2251 di-

223 2257 352 2329 πὰντων,
376 2265 429 2315 nisi
453 2267 561 2315 omnino
585 2261 664 2313 melis
681 2263 766 2311 Hero·
818 2271 891 2317 ctum
909 2281 969 2318 esse
991 2268 1030 2317 eit
1045 2260 1123 2330 παρὰ
1140 2261 1193 2333 τὴν
1209 2264 1293 2320 θέσιν
1311 2267 1359 2320 uui

223 2333 281 2384 doti
294 2335 377 2385 verba
395 2335 434 2386 sic
449 2335 586 2400 accipere,
606 2337 635 2382 ut
649 2335 765 2392 statuas,
816 2328 899 2396 τάξιν
916 2331 963 2384 καὶ
981 2329 1034 2400 τὴν
1051 2330 1248 2402 διακόσμησιν.
1285 2341 1357 2392 Hine

222 2403 355 2470 Pelasgos
375 2404 465 2456 omniu
484 2399 618 2454 sacrificia
633 2401 672 2450 ita
690 2415 766 2464 pere·
816 2420 896 2470 porro
915 2395 984 2460 oric
999 2405 1145 2456 Eustathi0
1159 2407 1186 2456 in
1202 2409 1311 2458 Homer,
1347 2445 1353 2458 ,

224 2475 313 2539 gisse‚
336 2479 367 2524 ut
389 2473 424 2523 ad
449 2473 513 2522 deos
536 2469 574 2534 (in
597 2469 763 2534 universum)
818 2473 885 2523 1148
903 2489 926 2524 s.
947 2473 1023 2536 1202,
1038 2473 1055 2524 8
1072 2479 1113 2524 est
1131 2466 1145 2524 ὁ
1161 2468 1254 2526 πάντα
1265 2425 1357 2535 eadric

223 2559 317 2609 preces
331 2543 489 2604 tunderent,
508 2557 567 2590 cum
579 2538 698 2589 noudum
711 2539 764 2588 sin·
814 2537 863 2591 eui
879 2539 980 2591 ποιῶν.
1016 2541 1078 2594 Alia
1095 2543 1171 2595 dabit
1189 2545 1314 2596 Creuuer.
1327 2548 1356 2596 in

223 2613 279 2679 guli
297 2612 340 2661 dii·
353 2616 380 2661 et
395 2611 498 2660 viribus
516 2613 543 2660 et
560 2608 711 2659 nominibus
724 2623 764 2658 es·
815 2611 936 2677 Symbol.
954 2611 1002 2662 IV.
1022 2628 1083 2678 pag.
1101 2614 1152 2666 632
1175 2631 1232 2682 seq.
1251 2615 1313 2666 coll.
1333 2617 1356 2668 l.

223 2688 284 2732 sent
302 2680 412 2732 discreti
435 2685 462 2729 et
487 2678 620 2730 distincti.
667 2677 764 2728 Decla-
813 2697 840 2747 p.
856 2680 898 2732 16.
923 2683 975 2732 Est
988 2683 1057 2733 enim
1070 2689 1178 2748 praeter
1188 2685 1256 2736 alios
1265 2685 1355 2748 Plato,

222 2755 265 2803 rat
282 2750 353 2800 enim
371 2749 415 2799 hic
433 2748 510 2800 loeus
522 2747 670 2813 simplicem
688 2747 763 2797 illam
814 2751 906 2816 quiin
930 2749 1042 2816 Cratylo
1060 2769 1088 2818 p.
1106 2754 1157 2806 397
1180 2754 1200 2805 C
1223 2755 1248 2806 D
1267 2747 1357 2812 θεοὺς

221 2820 361 2886 magisque
374 2835 467 2885 puram
481 2818 544 2870 deos
563 2817 669 2868 colendi
687 2816 763 2883 (pan-
814 2819 932 2872 derivari
949 2820 1007 2871 vult
1025 2837 1042 2872 a
1060 2823 1142 2874 verbo
1154 2822 1244 2888 θέειν,
1265 2831 1296 2876 ut
1308 2826 1354 2888 dii,

222 2891 340 2956 theismi)
360 2890 500 2953 rationem,
520 2887 625 2954 qualem
642 2887 762 2953 Pelasgi,
814 2891 860 2956 qui
879 2890 1062 2956 antiquissimi
1080 2893 1169 2956 luere,
1188 2893 1249 2956 Sol,
1268 2896 1354 2958 Luna,

223 2962 242 3013 i.
262 2979 285 3012 e.
307 2960 486 3028 antiquissimi
498 2959 629 3012 Graeciae
647 2957 762 3022 incolae,
814 2963 913 3022 Terra,
936 2960 1027 3011 sidera
1049 2965 1076 3012 et
1099 2963 1203 3014 eoelum
1231 2980 1248 3014 a
1271 2971 1353 3024 motu,

223 3029 353 3081 babuisse
377 3033 512 3092 feruntur,
541 3027 638 3092 solem,
662 3027 762 3090 lunam,
814 3047 867 3096 quo
893 3029 983 3082 sidera
1010 3031 1078 3084 haec
1104 3032 1226 3084 celeriter
1254 3034 1355 3085 moveri

224 3105 338 3164 terram,
357 3101 455 3162 sidera,
472 3099 576 3150 coelum
586 3097 707 3150 colentes
721 3113 765 3148 ea·
815 3101 1031 3166 conspiciuntur,
1055 3102 1106 3153 hoe
1130 3103 1284 3168 acceperint
1308 3120 1354 3154 no-

225 3170 382 3235 quaomnia
401 3170 534 3220 communi
559 3166 638 3220 θεῶν
655 3169 764 3220 nomine
815 3186 884 3220 meu.
918 3169 994 3222 Alius
1013 3186 1084 3222 nunc
1107 3173 1203 3224 tacebo
1227 3173 1355 3239 etymolo-

223 3239 494 3302 comprehendentes,
513 3243 543 3289 ut
560 3238 640 3289 Plato
658 3252 765 3303 quoque
815 3241 883 3306 gius,
902 3237 954 3290 hoc
966 3256 1047 3290 uuum
1057 3240 1173 3304 addens,
1192 3243 1279 3292 videri
1290 3259 1355 3308 quo·

224 3308 323 3358 asserit
348 3308 376 3356 in
399 3307 500 3372 Cratyl.
526 3324 554 3373 p.
578 3307 628 3360 397
646 3308 682 3360 D.
701 3305 763 3358 coll.
815 3326 867 3374 que
884 3309 936 3360 hoc
951 3325 1048 3360 nomeu
1065 3317 1210 3377 cognatum
1228 3313 1354 3364 euteius-

221 3377 347 3442 Epinom.
365 3393 428 3442 pag.
443 3377 494 3428 082
513 3377 548 3428 Ι).
584 3378 673 3442 Atque
697 3376 764 3427 haec
815 3379 875 3430 dem
901 3377 957 3430 iere
981 3380 1073 3444 stirpis
1096 3385 1177 3446 atque
1198 3383 1355 3433 Latinorum

223 3447 452 3515 ratio-primum
466 3447 543 3512 quasi
554 3447 691 3512 periodum
700 3462 765 3511 pan·
816 3450 886 3510 deus,
906 3449 963 3512 oie,
978 3450 1141 3502 Graecorum
1152 3442 1234 3514 Δεὺς,
1254 3443 1355 3514 Σδεδς,

223 3516 331 3566 thcismi
348 3515 484 3582 appellare
503 3516 567 3566 licet
583 3547 619 3556 -
635 3521 764 3580 quantum
816 3509 965 3575 nndestc
977 3523 1182 3584 poetesortum3
1193 3519 1356 3588 quibusom-

223 3586 296 3638 absit
315 3586 349 3636 eb
368 3587 542 3636 ornatissima
569 3585 616 3634 illa
639 3589 679 3634 tot
703 3585 765 3634 deo·
816 3587 894 3637 nibus
915 3587 1028 3654 aliisque
1045 3589 1159 3640 aliarum
1182 3591 1303 3655 gentium
1322 3591 1357 3638 si-

223 3671 281 3706 rum
297 3655 490 3720 compositione
504 3653 707 3716 lautissimeque
725 3654 764 3702 la·
816 3657 923 3708 milibus
948 3659 1102 3708 nominibus
1125 3660 1170 3708 vix
1195 3659 1270 3710 aliud
1292 3659 1356 3726 quid

222 3725 346 3774 bularum
363 3725 396 3774 de
420 3725 472 3774 diis
495 3725 633 3782 ubertate,
657 3720 764 3784 qualem
806 3726 878 3794 ¹olim
887 3725 1057 3791 designatum
1071 3729 1156 3780 luisse
1173 3729 1288 3792 videtur,
1303 3729 1356 3778 nisi

223 3799 333 3858 postera
344 3799 436 3843 aetate
452 3793 611 3852 invenimus,
631 3791 762 3840 neminem
813 3797 877 3844 coeli
892 3810 914 3843 s.
930 3799 1048 3862 supremi
1067 3798 1186 3849 numinis
1204 3799 1293 3860 uotio;
1317 3799 1354 3848 cf.

224 3861 295 3928 sugit
322 3863 463 3928 ipsumque
483 3859 614 3910 Herodoti
645 3859 762 3909 animum
813 3863 973 3914 Beeumlein
991 3863 1010 3915 l.
1029 3865 1048 3918 l.
1067 3883 1093 3932 p.
1115 3866 1191 3920 1199.

223 3932 374 3982 advertisse
387 3931 502 3992 videtur,
516 3929 563 3994 qui
574 3927 643 3978 hauc
655 3928 688 3978 ob
699 3945 762 3978 eau-
848 3925 1014 3982 ἔπειτεν
1040 3929 1085 3998 δὲ,
1114 3929 1220 4001 χρόνον
1248 3934 1355 3986 πολλοῦ

224 4017 295 4063 eam,
315 4001 435 4051 utlidem
453 3998 600 4059 inveniret,
619 3998 761 4050 heudscio
812 3991 1010 4060 διεξελθόντος
1034 4020 1059 4052 ιι.
1086 4021 1109 4054 τ.
1129 4003 1164 4072 L]
1189 4005 1268 4070 Quod
1291 4006 1355 4056 olim

225 4085 260 4120 uu
278 4069 424 4120 addiderit:
449 4059 487 4125 ὡς
505 4057 556 4133 lyei
580 4059 610 4117 ἐν
634 4061 760 4134 Δωδώνῃ
811 4069 953 4134 legebatur
971 4061 1078 4122 ἐπείτε
1096 4069 1141 4138 δὲ,
1168 4091 1216 4139 pro
1235 4069 1353 4138 ἔπειτεν,

226 4131 292 4188 οἶδα
311 4130 446 4194 ductione:
472 4153 532 4188 eum
551 4137 690 4188 Dodonam
715 4154 762 4187 an·
813 4137 900 4187 denuo
923 4143 1014 4190 tuetur
1038 4143 1203 4196 Benedictus
1228 4145 1257 4194 in
1280 4145 1353 4195 Actt.

224 4209 403 4273 tiquiasimem
416 4223 553 4258 sacrorum
570 4207 660 4258 eedem
677 4207 762 4257 luisse
811 4205 902 4272 philol.
923 4208 999 4273 Lips.
1024 4209 1085 4262 Vol.
1110 4213 1150 4264 11.
1175 4230 1200 4280 p.
1227 4212 1290 4276 287,
1316 4215 1356 4263 ita

224 4283 339 4330 constet.
374 4276 515 4330 Caeterum
534 4275 566 4328 de
579 4277 621 4328 his
639 4275 762 4341 vestigiis
812 4281 842 4328 ut
859 4275 985 4344 periodus
1008 4279 1042 4330 ab
1062 4281 1113 4332 hac
1131 4281 1266 4348 particule
1290 4283 1355 4334 iuci-
