3020 4930
450 341 518 400 sn
541 340 794 403 aaronem
816 341 857 418 11,
880 351 941 404 102.
1199 338 1260 402 aar

129 523 186 567 tum
208 513 339 568 differant
365 531 423 568 curn
450 515 582 568 neminem
608 515 712 584 fugiat,
742 515 810 567 certi
831 515 897 586 quid
920 515 953 568 de
977 513 1020 566 bis
1047 514 1099 566 iam
1127 515 1260 567 constitui

129 617 213 670 posse
228 616 340 669 sperare
356 599 402 652 rix
416 599 516 652 licebit.
542 599 597 653 Res
607 603 783 667 aSesostn'de,
799 601 818 652 i.
828 618 852 652 e.
863 602 966 666 Romae,
983 605 1077 668 gestas
1092 599 1259 669 bellicasque

131 685 319 754 expeditiones
341 703 374 737 ax
391 685 517 756 Aegypto
538 685 566 737 in
591 684 658 737 alias
679 693 769 738 terras
784 685 866 738 Asiae
889 684 970 753 longe
985 684 1094 756 lateque
1116 699 1206 755 usque
1225 685 1260 738 ad

130 770 234 822 Indiam
249 777 323 822 terra
338 770 459 840 marique
478 777 623 840 susceptas
642 776 670 822 et
684 772 718 822 ab
735 770 877 823 Herodoto
893 770 922 822 in
938 770 1097 822 universum
1112 771 1257 837 indicatas,

130 854 258 923 pluribus
272 853 600 924 persequiturDiodorus
615 855 634 906 Ι.
651 855 679 922 1.,
696 873 767 926 quae
781 855 843 925 ipsa
858 855 944 909 iucem
960 871 1034 907 nuuc
1048 856 1186 926 accipiunt
1200 855 1258 906 val-

130 940 220 1010 deque
241 940 394 1008 probantur
414 939 464 1009 iis,
491 957 561 1009 quae
583 939 611 992 in
631 941 813 993 monumentis
827 940 968 993 Thebanis
990 957 1021 992 ac
1039 941 1209 1010 potissimum
1229 939 1257 991 in

129 1025 180 1090 iis,
197 1042 268 1095 quae
285 1025 318 1076 ab
334 1024 385 1076 hoc
399 1043 463 1093 rege
478 1033 617 1077 exstructa
633 1033 713 1094 suut,
730 1025 818 1078 adhuc
833 1031 1001 1094 cernuntur,
1016 1024 1044 1076 iu
1060 1026 1162 1096 quibus
1178 1041 1258 1096 prae-

130 1117 174 1161 ter
190 1109 244 1162 alia
261 1108 391 1180 plurimas
410 1127 456 1161 res
471 1111 505 1162 ab
521 1110 570 1162 hoc
585 1128 649 1178 rege
664 1119 758 1178 gestas
781 1111 814 1162 ad
837 1110 976 1163 oculorum
993 1127 1103 1163 sensum
1117 1109 1259 1162 traductas

129 1195 303 1265 imagineque
317 1199 539 1263 repraesentatas
555 1195 753 1264 conspicimus:
777 1195 850 1266 quod
867 1213 946 1266 quam
962 1196 1073 1248 maxime
1088 1195 1140 1248 iam
1161 1195 1259 1246 adver-

129 1287 202 1331 terat
217 1279 312 1332 Gallos
334 1279 429 1331 doctos
452 1279 604 1350 (Descript.
623 1280 655 1332 de
671 1280 809 1351 l'Egypte,
826 1280 919 1351 Antiq.
936 1279 995 1332 Vol.
1009 1281 1046 1332 ΙΙ.
1063 1279 1174 1332 Thebes
1191 1298 1217 1348 p.
1226 1283 1261 1338 60

129 1365 237 1435 seqq),
259 1364 307 1434 qui
328 1363 442 1416 adhaec
461 1363 625 1416 illustranda
646 1371 708 1436 apte
723 1365 839 1418 Diodori
858 1364 945 1418 iocum
966 1364 1135 1417 attuleruut:
1157 1364 1259 1434 quibus

127 1449 189 1501 add.
205 1449 329 1502 Heeren:
346 1449 430 1501 Ideen
445 1449 480 1516 H,
496 1451 522 1505 2.
540 1452 723 1520 psliseqq,
739 1449 844 1502 Ritter=
859 1450 1011 1502 Erdkunde
1027 1451 1049 1501 Ι.
1067 1468 1093 1520 p.
1111 1453 1162 1509 742
1180 1467 1258 1518 seqq.

128 1533 255 1587 Omnium
277 1551 343 1586 vero
366 1533 569 1587 accuratissime
585 1535 699 1604 quaein
716 1541 811 1588 vetere
827 1533 983 1587 Thebarum
1007 1535 1075 1587 urbe
1091 1535 1178 1586 adbuc
1194 1551 1259 1585 con·

129 1619 286 1688 spiciuntur
303 1625 475 1672 monumenta
490 1619 524 1672 sd
541 1619 612 1672 hunc
627 1637 717 1688 regern
731 1619 898 1690 spectantia,
922 1620 1061 1682 recensuit
1080 1619 1191 1688 singula
1205 1618 1259 1670 Rc-

129 1703 220 1756 seilini
235 1703 253 1756 l.
264 1703 282 1755 Ι.
299 1703 350 1756 111.
366 1703 432 1761 Po.
450 1709 520 1774 p.62
532 1723 610 1775 seqq.
625 1701 670 1772 *);
689 1705 717 1757 in
734 1706 836 1776 quibus
851 1711 1088 1774 repraesentatum
1102 1704 1259 1757 invenimus

131 1790 203 1841 bunc
223 1805 313 1857 regem
329 1789 460 1842 victorem
474 1806 557 1842 curru
574 1789 731 1859 triumphali
752 1790 910 1843 redeuntem
932 1790 965 1842 ab
981 1789 1200 1860 expeditionibus
1216 1804 1260 1840 ca·

129 1874 277 1944 ptivosque
295 1891 386 1928 secum
403 1875 553 1928 trahentem
569 1874 640 1947 (rid.
657 1875 736 1927 etiam
744 1873 902 1927 Willrinsou
918 1875 1049 1927 Manners
1064 1879 1116 1926 etc.
1135 1873 1157 1926 Ι.
1173 1891 1201 1943 p.
1211 1875 1261 1931 106

129 1959 230 2026 —107)
245 1965 294 2010 aut
306 1965 475 2028 pugnantem
489 1976 549 2012 cum
564 1959 689 2012 hostibus
705 1977 809 2030 eosque
825 1967 1059 2030 prosternentem:
1074 1965 1157 2030 atque
1170 1957 1260 2028 ipsius

129 2045 203 2111 regis
227 2061 323 2096 nomen
345 2059 404 2096 cum
425 2045 586 2116 plerumque
612 2045 732 2098 additum
754 2045 793 2097 sit
814 2045 888 2097 notis
910 2043 1123 2114 hieroglyphicis
1144 2044 1260 2113 ipsaque

130 2137 162 2182 ut
176 2129 286 2182 ridetur
300 2128 414 2199 amplior
434 2147 525 2182 rerum
543 2131 577 2182 ab
595 2130 688 2182 eodem
703 2135 844 2198 gestarum
865 2129 987 2182 narratio
1011 2129 1106 2181 iisdem
1122 2128 1196 2180 notis
1213 2125 1260 2177 de-

131 2213 234 2266 clarata
249 2221 395 2284 sequatur,
412 2215 533 2268 dubitari
551 2233 618 2268 sane
635 2215 748 2284 nequit,
776 2215 810 2267 ad
828 2214 1012 2267 Sasostridem
1028 2213 1093 2266 haec
1108 2229 1170 2263 esse
1187 2211 1260 2262 reie-

131 2297 226 2352 renda.
256 2299 324 2351 Inde
344 2299 515 2367 singularum
536 2318 625 2353 rerum
649 2299 838 2353 asesostride
854 2308 1027 2369 peractarum
1043 2298 1106 2349 inde
1128 2313 1144 2347 a
1162 2296 1260 2346 iuven·

131 2383 201 2435 tutis
213 2384 301 2452 annis,
314 2391 391 2454 patre
402 2385 490 2437 adhuc
501 2386 621 2452 vivente,
636 2384 733 2438 seriam
744 2385 887 2454 quandam,
901 2383 1005 2454 qualem
1017 2383 1078 2452 ipsa
1089 2383 1261 2432 monumenta
1316 2401 1320 2412 .

132 2468 274 2537 exhibent,
304 2471 411 2538 profert
431 2470 548 2523 ducibus
571 2470 640 2539 ipsis
665 2469 845 2522 monumentis
865 2469 978 2521 Osburn
995 2467 1013 2519 l.
1031 2467 1049 2518 l.
1071 2485 1098 2536 p.
1113 2469 1165 2525 436
1181 2479 1259 2532 seqq.

130 2553 187 2617 Qui
207 2553 276 2607 idem
297 2571 324 2623 p.
341 2559 393 2614 444
406 2573 485 2625 seqq.
513 2555 662 2623 Herodoti,
685 2572 713 2624 p.
728 2557 780 2613 447
802 2573 880 2625 seqq.
913 2552 1028 2606 Diodori
1043 2551 1077 2603 de
1092 2548 1260 2602 Sesostridis

128 2638 351 2709 expeditionibus
365 2639 549 2692 narrationem
563 2639 673 2704 retulit,
693 2639 804 2692 alteram
819 2657 851 2692 ex
871 2637 956 2691 altera
973 2636 1115 2690 deductam
1138 2651 1200 2686 esse
1215 2649 1258 2685 ra·

128 2733 176 2778 tus
191 2728 233 2794 (p.
249 2723 330 2790 449):
352 2724 446 2792 itaut,
468 2741 539 2794 quae
554 2724 693 2776 Diodorus
713 2724 852 2793 prodidit,
875 2729 903 2775 et
923 2721 1081 2773 accuratius
1096 2717 1210 2772 definita
1233 2721 1261 2768 et

130 2815 212 2861 aucta
228 2814 256 2860 et
275 2807 435 2876 amplificata
451 2827 514 2862 esse
532 2813 651 2876 statuat,
674 2807 803 2860 adhibitis
820 2807 869 2872 iis,
892 2822 962 2875 quae
978 2805 1011 2856 ab
1027 2801 1181 2856 Alexandro
1199 2799 1259 2850 Ma-

132 2911 187 2962 gno
209 2899 289 2961 gesta
302 2910 352 2960 per
368 2893 489 2946 Graecos
507 2893 586 2946 vaide
606 2899 758 2962 propagata
781 2890 901 2943 fuerint:
923 2889 951 2940 in
971 2887 1137 2940 Herodotais
1163 2901 1259 2936 memo-

131 2979 199 3030 riam
214 2976 350 3046 quandam
367 2977 451 3031 latere
466 2978 526 3031 sive
536 2978 681 3044 cambysis
697 2978 757 3029 sire
771 2975 881 3040 Xerxis,
898 2991 1001 3025 omnem
1017 2979 1152 3022 terrarum
1169 2969 1260 3020 orbem

131 3061 299 3132 permeantis
315 3067 397 3132 atque
412 3063 440 3115 in
456 3063 610 3132 Aegyptum
624 3060 776 3126 redeuntis,
794 3057 875 3110 armis
892 3063 919 3108 et
935 3063 1033 3108 ornatu
1049 3053 1164 3106 alterum
1180 3050 1260 3122 quasi

131 3145 274 3200 Sesostrin
293 3147 453 3200 referentis:
478 3147 504 3198 in
527 3147 577 3212 iis,
600 3162 670 3215 quae
685 3145 801 3196 Tacitus
818 3141 924 3210 prodit,
948 3141 981 3192 ab
994 3137 1129 3192 Herodoti
1151 3143 1179 3190 et
1194 3135 1259 3188 Dio-

132 3231 194 3285 dori
209 3231 365 3284 narratione
376 3249 429 3284 non
442 3231 581 3284 admodum
595 3229 698 3299 aliena,
719 3227 869 3296 significari
884 3223 1076 3296 quodammodo
1091 3221 1151 3274 vult
1162 3221 1260 3274 Iulium

133 3315 279 3369 Caesarem
294 3333 316 3367 s.
329 3315 483 3384 Augustum
498 3333 520 3367 s.
534 3314 691 3366 Antonium.
719 3315 798 3376 Quae
814 3311 902 3364 omnia
918 3327 996 3380 quarn
1012 3316 1110 3362 temera
1126 3307 1182 3360 sint
1197 3323 1261 3376 pro-

132 3400 274 3466 nuntiata,
303 3417 380 3452 nemo
403 3417 457 3452 non
482 3399 570 3452 videt:
599 3399 771 3451 sacerdotum
792 3414 838 3450 res
852 3395 1018 3448 Sesostridis
1041 3391 1261 3464 amplificantium

131 3485 254 3539 fraudem
276 3501 306 3537 ac
324 3485 415 3537 dolam
431 3484 458 3536 in
479 3484 520 3536 bis
538 3500 648 3558 quaque
667 3484 797 3536 odoratur
815 3481 858 3534 vir
879 3480 991 3547 doctus,
1021 3479 1069 3548 qui
1084 3477 1159 3545 regis
1175 3481 1261 3528 totum

132 3571 224 3623 orbem
247 3577 379 3623 terrarum
402 3568 567 3640 permeantis
589 3575 617 3620 et
636 3568 663 3620 in
687 3567 848 3620 servitutem
868 3565 1019 3633 redigentis
1042 3581 1076 3616 ne
1098 3561 1177 3614 aliam
1200 3558 1260 3628 qui-

130 3655 191 3709 dem
210 3653 346 3708 notionem
359 3654 408 3706 iila
425 3661 515 3707 aetate
531 3653 598 3705 oriri
612 3671 696 3723 posse
712 3651 883 3722 pronuntiat,
901 3649 969 3702 adeo
986 3657 1025 3716 ut,
1045 3663 1115 3718 quae
1130 3646 1163 3697 ad
1179 3645 1260 3694 Seso-

130 3739 244 3793 stridem
269 3741 427 3792 reserantur
451 3757 495 3792 res
522 3743 617 3806 gestae
639 3743 666 3790 et
689 3737 801 3791 bellicae
822 3734 1027 3805 expeditiones,
1056 3749 1104 3785 eae
1125 3729 1158 3782 ad
1180 3743 1260 3780 unam

128 3824 292 3894 Aegyptiam
311 3831 413 3876 terram
429 3823 588 3877 referendae
606 3823 663 3875 sint
678 3839 785 3876 omnes:
808 3837 863 3891 quo
885 3820 977 3872 eodem
1000 3816 1088 3870 omnia
1106 3831 1138 3866 ea
1149 3825 1260 3882 quoque

128 3915 257 3979 spectare
273 3915 353 3978 putat
368 3912 410 3979 (p.
430 3913 483 3968 460
496 3925 574 3978 seqq.
590 3911 642 3967 469
657 3907 764 3977 seqq),
781 3904 894 3975 quaein
910 3903 979 3974 ipsis
996 3899 1193 3970 Aegyptiorum
1206 3909 1261 3945 mo-

129 3994 269 4048 sumentis
284 3993 464 4060 exhibentur,
486 3993 567 4059 longe
583 3990 672 4045 aliena
691 3991 736 4044 illa
752 3991 861 4060 quidem
875 3989 908 4040 ab
924 3989 973 4054 iis,
995 4001 1065 4055 quae
1087 3979 1212 4035 fabulosa
1227 3977 1261 4028 da

128 4079 215 4130 rebus
231 4078 265 4128 ab
281 4078 332 4130 boc
343 4095 409 4145 rege
423 4078 512 4146 gestis
526 4077 668 4129 memoriae
681 4075 852 4146 prodiderint
866 4079 974 4125 veteres
990 4068 1149 4138 scriptores.
1173 4061 1261 4132 Equi-

129 4161 191 4216 dem
212 4167 244 4214 at
257 4162 363 4216 minime
387 4179 447 4216 sum
467 4162 594 4230 nescius,
620 4161 787 4216 iamdudum
808 4165 888 4210 antea
906 4153 1046 4210 exstitisse
1063 4151 1138 4204 viros
1155 4149 1261 4216 doctos,

199 4361 227 4428 ¹²)
245 4362 381 4428 Imagines
400 4360 518 4426 regiain
536 4357 593 4408 tab.
605 4359 654 4410 VI.
668 4359 718 4412 XV
735 4355 872 4408 exhibitas
893 4353 964 4404 idem
983 4349 1116 4404 Roselliui
1130 4346 1262 4401 describit

127 4433 203 4484 Mon.
222 4431 316 4484 storic.
332 4431 371 4482 11.
390 4447 417 4496 p.
431 4428 483 4482 490
501 4443 558 4493 seq.
992 4505 1055 4567 55*
