3008 4924
529 252 777 314 EUTERPE.
799 251 842 310 II.
869 257 928 313 les.
1236 242 1297 304 735

164 424 247 516 νεὴν
260 425 323 516 μὲν
335 423 401 494 ἀπὸ
416 431 579 514 Θρηΐκης,
599 423 704 512 δούλη
718 424 756 493 δὲ
768 413 812 512 ἦν
822 420 990 512 Ἰάδμονος
1004 426 1066 490 τοῦ
1075 413 1298 506 Ἡφαιστοπό-

165 541 251 616 λιος,
271 527 396 620 ἀνδρὸς
409 536 559 618 Σαμίου,
586 528 774 607 σύνδουλος
793 526 831 596 δὲ
851 523 1011 596 Αἰσώπου
1031 527 1092 594 τοῦ
1108 523 1299 608 λογοποιοῦ.

166 715 219 766 que
237 699 316 748 initio
337 698 436 764 capitis
454 697 481 746 in
494 697 599 747 verbis:
619 711 709 760 πυρα·
761 694 821 744 dem
851 691 978 744 vocabuli
1012 690 1094 756 attigi
1124 689 1159 740 ad
1191 686 1301 738 Ctesias

165 765 235 833 pide
252 762 284 817 dl
302 763 351 817 sal
370 756 455 824 οὗτος
469 758 663 816 ἀπελίπετο
682 769 710 815 et
760 763 885 829 irngmm.
900 779 965 828 pag.
988 762 1032 814 83.
1051 791 1086 800 -
1102 761 1145 810 De
1166 759 1227 824 ipso
1246 757 1300 806 Ae-

165 840 205 900 11,
226 839 289 890 135:
306 831 453 902 μνημήιον
470 865 505 874 -
523 829 710 886 saeuiend—
759 849 820 896 sopo
848 833 989 898 disputare
1022 836 1050 882 et
1075 830 1185 896 longum
1214 833 1242 878 et
1265 825 1300 876 ab

167 907 264 965 οθαι,
283 907 321 970 11,
341 907 400 958 138.
423 907 472 960 IV.
490 907 525 957 80
543 911 596 958 etc.

199 966 236 1042 ἦν
244 969 393 1040 Ἰάδμονος
401 966 708 1040 τοῦἭφαιοιοπόλιος]
760 973 807 1038 qui
825 973 928 1035 omnis,
947 986 1017 1036 quae
1035 971 1148 1036 antiquo
1167 973 1195 1018 et
1209 981 1301 1017 recen-

166 1047 198 1098 Iu
222 1045 458 1109 Hephaestopolidis
485 1046 572 1110 patris
600 1045 710 1094 nomine
760 1043 830 1092 tiore
848 1047 969 1108 tempore
992 1039 1101 1106 prolata
1125 1044 1204 1100 sunt,
1228 1036 1300 1086 exhi·

166 1117 222 1166 noli
247 1115 372 1178 haerere,
397 1130 457 1166 cum
482 1115 537 1165 alia
560 1113 661 1164 similia
677 1113 704 1164 h.
758 1111 819 1162 buit
843 1112 872 1162 iu
890 1111 962 1162 Bibl.
984 1113 1082 1162 Graec.
1105 1110 1129 1158 1.
1153 1123 1216 1173 pag.
1239 1106 1300 1168 618,

166 1185 185 1236 l.
207 1185 316 1236 noniins
339 1185 434 1236 afferat
449 1183 583 1236 Wesselin
605 1184 656 1244 ins,
678 1188 709 1233 ut
759 1182 855 1248 quibus
880 1197 953 1232 nnuc
979 1179 1085 1231 accedit
1110 1179 1177 1230 Vita
1200 1175 1301 1239 Aesopi

166 1248 311 1318 Σώπολις,
327 1246 506 1320 Ἀμφίπολις,
523 1201 707 1316 hirchhelle,
759 1252 793 1302 ab
824 1253 925 1314 Autop.
954 1251 1160 1301 woutermanno
1186 1248 1301 1312 primum

161 1317 346 1389 Ἀγησίπολις,
359 1322 639 1389 Κοατηοι’πολιςο1ο.,
650 1323 708 1388 qui·
759 1321 834 1372 edita
849 1321 995 1385 Brnnsvig.
1008 1321 1083 1382 1845,
1102 1319 1232 1368 disseruit
1243 1315 1301 1380 plu-

165 1395 215 1446 bus
241 1393 499 1458 Hephaestopolidis
521 1409 619 1460 nomen
639 1393 707 1444 satis
758 1391 847 1454 ribus,
871 1407 941 1456 qnae
958 1390 994 1440 ad
1012 1391 1147 1455 Aesopum
1166 1389 1301 1451 spectant,

166 1463 340 1524 defraudatum
366 1463 438 1529 quod
458 1463 482 1513 si
499 1479 548 1529 pro
566 1463 641 1514 urbis
661 1478 708 1512 uo·
759 1461 885 1512 Grsuert.
909 1461 937 1510 in
963 1459 1155 1510 dissertatione
1179 1455 1301 1516 laudate,

166 1535 237 1584 mine
255 1533 409 1584 habendum
427 1538 513 1595 essct,
533 1533 614 1582 aliter
628 1532 709 1597 plene
761 1546 793 1581 sc
811 1530 951 1596 sigillatim
971 1530 1078 1580 deeius
1097 1529 1201 1594 petria,
1221 1539 1301 1591 quam

166 1603 339 1654 scribendum
359 1603 466 1653 inisset.
503 1603 587 1652 Plura
602 1603 709 1652 Wcssc-
759 1601 916 1651 Herodotus
933 1605 1020 1663 tacet,
1039 1615 1102 1666 pag.
1115 1601 1149 1650 81
1162 1613 1248 1663 seqq,
1268 1595 1301 1643 de

164 1673 232 1738 ling.
252 1673 324 1722 adh.
343 1671 371 1733 l.,
390 1673 459 1722 bene
475 1671 591 1722 laudans
610 1671 710 1736 Cuperi
760 1677 894 1736 tempore,
913 1685 966 1735 qno
980 1669 1101 1720 floruerit
1111 1683 1175 1734 pag.
1188 1665 1301 1727 31-34,

167 1743 326 1793 Observatt.
346 1743 393 1804 IV,
413 1744 439 1792 4.
456 1757 520 1808 pag.
539 1759 573 1791 m.
586 1741 637 1792 395
649 1757 707 1806 seq.
760 1741 833 1790 circa
855 1739 1107 1805 quinquagesimam
1132 1738 1187 1788 iere
1210 1735 1301 1800 Olym-

166 1840 200 1850 —
221 1814 306 1874 Quem
327 1811 482 1862 Herodotus
501 1811 642 1860 ladmonem
660 1827 709 1876 ep·
759 1809 883 1874 piadem3
902 1809 974 1858 unde
987 1815 1122 1860 mortuum
1141 1821 1201 1857 esse
1218 1808 1301 1856 Aeso·

166 1882 266 1947 pellat,
294 1881 407 1931 eundem
434 1879 592 1932 Heraclides
616 1881 709 1930 Ponti·
758 1878 1301 1946 pumOlympindequinquagesimaquar·

168 1967 216 2002 cus
240 1951 316 2016 (pag.
343 1952 371 2001 11
393 1951 436 2002 ed.
460 1949 579 2016 Koeler.)
608 1945 709 2015 aliique
760 1954 790 1998 ta
807 1949 854 1998 alii
877 1949 949 1998 haud
977 1949 1046 1999 male
1064 1955 1184 2000 statuere
1208 1945 1300 1995 viden-

168 2023 313 2086 scriptores
332 2020 455 2070 Idmonerr
473 2025 586 2082 vocant,
609 2020 710 2084 Aesopi
758 2023 812 2069 tur.
849 2019 891 2068 Tu
913 2018 967 2068 vid.
992 2020 1161 2084 potissimum
1179 2015 1300 2068 schulsa.

168 2091 319 2152 dominum,
348 2091 395 2155 qui
424 2091 575 2155 Aesopum,
605 2090 709 2155 origine
759 2089 777 2139 l.
796 2088 814 2138 l.
832 2104 897 2153 pag.
912 2087 946 2138 38
962 2088 1021 2140 οοΙΙ.
1034 2091 1076 2150 24,
1095 2089 1154 2154 qui,
1178 2103 1238 2137 cuni
1251 2086 1301 2135 Ae-

760 903 811 952 hoc
830 902 889 953 loco
908 903 1036 962 alienum
1054 907 1116 966 post
1134 897 1299 956 Fabricium,
1370 929 1374 936 -

168 2161 315 2221 Thracem,
339 2175 420 2210 menn
443 2159 556 2210 miserit.
593 2159 650 2210 Nec
669 2163 709 2209 ta-

168 2245 228 2280 men
257 2230 284 2279 in
308 2231 448 2280 Herodoto
479 2229 624 2295 quidquam
653 2245 709 2278 mu·

76 2347 78 2352 .
167 2300 279 2350 tandum
288 2315 348 2350 esse
359 2305 432 2350 recte
441 2305 532 2350 monet
541 2299 612 2349 idem
624 2299 708 2350 Grau·

168 2375 217 2420 ort.
243 2367 262 2420 l.
293 2369 310 2419 l.
336 2385 399 2434 pag.
422 2369 465 2421 dt).
496 2369 527 2420 dl
558 2369 620 2420 coll.
644 2384 707 2436 pag.

169 2441 227 2502 1:³2,
246 2455 306 2490 cum
326 2432 447 2502 Ἰάδμων
465 2439 561 2489 Ionica
577 2438 622 2489 vel
638 2442 708 2490 Aeo·

165 2509 218 2560 lica
239 2510 360 2560 eiusdem
378 2509 495 2560 nominis
513 2509 601 2560 forms
619 2509 709 2559 videa-

165 2587 223 2643 tur,
247 2579 321 2645 quod
343 2579 454 2644 reliquis
475 2579 653 2644 scriptoribus
673 2579 710 2630 sit

156 2639 263 2714 Ἴδμων
276 2649 305 2713 (i.
321 2665 346 2714 q.
365 2641 463 2712 σοφὸς,
480 2653 591 2713 sopiens,
605 2649 708 2712 aciens).

167 2719 245 2769 Ocni.
255 2717 491 2769 etiamSchulta.l.
500 2719 518 2768 l.
530 2721 598 2783 p.24
605 2723 632 2768 et
638 2717 709 2768 Wel·

166 2789 245 2838 cher:
261 2789 358 2838 Kleine
373 2787 484 2838 Schriit.
499 2788 538 2840 ΙΙ.
549 2803 576 2852 p.
588 2789 640 2839 280
652 2803 710 2852 seq.

203 2849 361 2912 σύνδουλος
384 2849 415 2904 δὲ
434 2849 569 2905 Αἰσώπου
593 2854 645 2904 τοῦ
665 2855 710 2904 lo·

166 2922 302 2990 γοποιοῦ]
320 2927 363 2974 De
381 2929 520 2974 structura
543 2927 620 2976 vocis
644 2916 710 2974 orir-

759 2173 842 2223 sopus
870 2163 934 2208 ante
959 2157 1149 2224 Olympiadem
1170 2157 1302 2224 quinqua-

759 2229 890 2293 gesimam
915 2229 1061 2278 secundam
1079 2227 1154 2279 Sami
1172 2225 1301 2276 fueritin

759 2298 903 2360 servitute,
929 2298 964 2348 ed
987 2298 1056 2349 hanc
1079 2298 1191 2350 eandem
1210 2297 1301 2360 Olym-

760 2368 866 2434 piadem
885 2373 912 2417 et
928 2369 1064 2434 Aesopum
1078 2375 1106 2418 et
1117 2366 1302 2432 Rhodopidem

760 2438 853 2490 refert.
891 2439 968 2500 Quae
986 2455 1050 2490 vero
1068 2438 1231 2490 Plutarchus
1250 2436 1300 2486 vit.

760 2508 854 2560 Solon.
873 2507 915 2570 28,
941 2507 1042 2574 aliique
1063 2514 1177 2568 narrant
1200 2507 1234 2557 de
1252 2508 1303 2556 Ae-

760 2594 827 2644 sopo
846 2578 918 2643 apud
931 2578 1059 2629 Croesum
1077 2582 1261 2630 commorante
1271 2591 1302 2626 eo

760 2649 896 2714 tempere,
920 2664 973 2712 quo
997 2647 1080 2698 Solon
1105 2649 1204 2699 Sardes
1230 2646 1302 2697 udie-

761 2719 797 2766 rit
820 2733 880 2768 cum
904 2718 1011 2782 Aesopo
1040 2725 1067 2767 et
1090 2719 1149 2782 ipso
1172 2717 1302 2767 confabu-

760 2785 836 2851 lans,
854 2793 886 2836 ea
904 2785 978 2837 haud
995 2801 1060 2838 vera
1073 2787 1157 2837 hahet
1175 2787 1300 2837 Grauert.

760 2856 779 2906 l.
798 2855 817 2906 l.
841 2871 903 2921 pag.
925 2858 1037 2918 ‹tt-52,
1065 2857 1127 2921 qui,
1147 2871 1207 2904 cum
1227 2853 1302 2903 Solo·

760 2940 820 2974 nem
846 2925 917 2990 apud
934 2926 1063 2975 Croesum
1088 2939 1207 2989 uuquam
1230 2937 1301 2972 com-

167 2992 271 3051 dootoc
290 3009 350 3044 cum
363 2995 484 3058 genitivo
496 2996 601 3044 monuit
610 2993 709 3044 Matth.
760 3001 894 3044 moratum
911 3009 972 3044 esee
983 2998 1075 3060 negat,
1090 2995 1225 3058 Aesopum
1236 3007 1301 3058 quo·

167 3065 214 3115 Gr.
228 3064 274 3114 Gr.
287 3079 351 3128 pag.
371 3063 423 3114 740
439 3079 513 3128 seq,
531 3079 646 3129 namque
661 3079 711 3113 una
760 3078 813 3128 qne
835 3065 936 3115 ibidem
959 3075 1020 3114 cum
1048 3063 1148 3113 Solone
1173 3062 1302 3113 confabu-

166 3149 219 3183 cum
238 3132 341 3195 Aeropo
355 3131 430 3182 illam
448 3133 586 3184 ladmonis
605 3148 710 3184 servam
759 3132 811 3182 lari
833 3149 887 3184 non
910 3133 1032 3198 potuisse
1057 3133 1205 3183 contendit.
1248 3131 1302 3183 Sed

166 3204 252 3254 luisse
283 3203 383 3254 Noster
414 3201 544 3253 declaret.
574 3233 608 3242 -
630 3202 710 3267 λογο-
762 3203 795 3252 de
819 3202 861 3252 his
884 3203 952 3253 satis
976 3203 1107 3252 monitum
1131 3209 1173 3253 est
1190 3203 1226 3253 ad
1248 3204 1301 3252 He·

165 3265 253 3322 ποιὸν
283 3287 343 3322 eum
366 3271 523 3323 Herodotus
545 3278 641 3335 vocat,
669 3275 712 3338 qui
761 3271 849 3322 rodot.
873 3273 895 3332 1,
924 3271 967 3323 30.
1004 3273 1061 3323 Nec
1084 3274 1170 3340 magis
1192 3274 1302 3334 attinet,

166 3341 287 3408 quidquid
303 3349 424 3402 enarrat,
447 3343 544 3403 refert,
572 3358 653 3394 sensu
672 3343 710 3392 la·
761 3342 816 3392 alia
838 3343 882 3392 hic
905 3349 1027 3407 repetere
1051 3342 1084 3393 de
1108 3345 1215 3409 Aesopo
1241 3359 1302 3408 pro·

166 3413 243 3472 tiori;
275 3410 347 3462 unde
369 3416 397 3460 et
419 3411 579 3462 historiarum
601 3416 709 3475 scripto-
759 3411 832 3475 late,
858 3427 942 3477 quem·
961 3411 1068 3478 Olymp.
1094 3414 1157 3463 LII.
1182 3429 1205 3463 s.
1231 3427 1302 3463 anno

166 3497 218 3533 rem
244 3485 272 3531 et
298 3481 443 3544 salutm-raa
471 3491 631 3533 narratorem
654 3497 708 3532 vox
759 3485 810 3534 572
829 3497 858 3532 re
876 3497 941 3532 vero
958 3483 1081 3533 floruisse
1104 3487 1178 3533 recte
1195 3497 1302 3548 quoque

166 3551 279 3602 indicat.
315 3551 395 3601 Coni.
421 3551 461 3613 11,
485 3551 544 3604 143.
570 3553 603 3615 V,
628 3552 662 3604 311
680 3558 709 3602 et
759 3553 851 3617 posuit
869 3552 996 3603 Fischer:
1016 3553 1122 3603 Griech.
1142 3553 1253 3602 Zeittai.
1274 3567 1300 3616 p.

167 3623 308 3672 Cretense:
340 3621 392 3670 Die
422 3620 519 3673 histor.
547 3623 638 3673 Kuust
662 3622 708 3672 der
763 3622 821 3684 leo,
842 3623 959 3688 itemque
978 3622 1177 3672 ClintonFast.
1193 3621 1301 3672 Hellen.

167 3691 275 3742 Griech.
287 3705 350 3756 pag.
367 3691 446 3740 lits.
463 3707 526 3758 pag.
541 3692 590 3744 leo
602 3691 644 3742 ed.
655 3707 709 3743 sec.
761 3691 783 3742 Ι.
803 3707 866 3757 pag.
887 3693 939 3744 ²13
958 3691 1019 3742 coll.
1036 3691 1097 3742 net).
1135 3693 1243 3742 Etenim
1260 3690 1303 3739 vel

167 3761 221 3812 Sed
233 3766 306 3811 recte
322 3761 421 3822 iacere,
440 3753 652 3826 quilopoaosdv
667 3777 710 3812 ac-
761 3760 796 3810 ad
816 3761 883 3812 hsec
909 3767 983 3812 recte
1007 3761 1198 3815 constituenda
1222 3775 1303 3826 qnam

101 3885 103 3890 ,
166 3832 271 3896 cipiant
286 3831 432 3894 fabularum
445 3832 607 3894 scriptorem,
627 3836 710 3896 negat
760 3831 875 3881 maxime
892 3831 967 3881 valet
992 3832 1036 3881 hic
1063 3829 1141 3882 locus
1158 3831 1302 3893 Herodoti,

167 3901 292 3952 Grauert.
312 3899 374 3950 1οοο
393 3899 413 3952 l.
434 3915 498 3966 pag.
517 3902 561 3966 41,
580 3915 641 3951 enm
659 3900 710 3952 hac
761 3901 945 3966 antiquissimi
963 3901 997 3951 de
1015 3902 1122 3966 Aesopo
1145 3902 1239 3962 testis,
1263 3905 1303 3950 at·

167 3985 235 4020 voce
253 3974 289 4034 is,
313 3972 356 4035 qui
375 3969 481 4033 fmulos
505 3973 709 4032 commorarer,
760 3985 813 4034 qne
838 3971 970 4035 Diogenis
990 3971 1083 4020 Laert.
1107 3970 1130 4020 I.
1153 3969 1178 4032 §-
1198 3971 1240 4021 69.
1260 3971 1302 4032 7¹2,

166 4039 344 4105 significetur,
361 4055 416 4090 non
431 4041 710 4106 itemqnisariprerite
761 4039 862 4089 Saldae
887 4056 910 4090 s.
932 4056 958 4089 r.
983 4037 1124 4096 Αἴσωπος.
1161 4040 1241 4090 Unde
1264 4055 1304 4090 re·

166 4109 283 4159 utadeo
301 4108 406 4159 Plinius
424 4110 459 4160 H.
479 4111 513 4161 N.
531 4109 655 4172 XXXVI,
677 4110 709 4159 12
760 4123 825 4158 vern
856 4110 995 4160 exstitisse
1024 4109 1174 4174 Aesopum,
1207 4110 1303 4158 merito

168 4184 296 4228 accurate
317 4185 351 4244 et
365 4179 490 4229 consulto
507 4181 644 4244 Aesopum
662 4193 709 4242 ap·
759 4193 845 4242 nuper
866 4179 1004 4242 professus
1022 4183 1064 4228 est
1082 4178 1246 4229 Edelestand
1266 4178 1303 4230 du

166 4247 275 4311 petierit
290 4249 434 4310 fabularum
449 4249 630 4312 praeruptior,
654 4263 708 4297 riou
759 4247 847 4298 Meril.
869 4249 980 4298 Pocsies
1002 4246 1118 4299 inddites
1142 4249 1178 4298 du
1205 4263 1302 4313 moyen

165 4319 320 4379 scriptorem.
334 4317 409 4367 Alias
417 4317 708 4382 significationeseius-
759 4318 811 4384 ttge
822 4331 885 4383 pag.
894 4317 928 4368 bt
937 4331 1005 4382 seq„
1016 4317 1064 4368 sed
1075 4318 1226 4369 tabularum
1238 4317 1302 4369 seri-
