3096 4930
569 269 818 334 EUTERPE.
841 271 884 332 11.
907 281 933 334 6.

185 871 211 920 p.
235 851 296 903 799.
333 853 428 902 Sinum
449 851 621 902 Plinthiuetem
645 851 726 902 hodie

185 923 331 974 Arabicum
344 923 433 972 sinum
446 922 499 972 dici
511 921 726 972 scribitDanvil-

185 995 238 1043 lius
256 991 288 1058 tl.
307 992 324 1042 l.
344 1008 371 1056 p.
390 991 447 1054 63).
483 991 562 1041 Cani.
589 992 725 1042 Menuert.

186 1065 284 1128 Geogr.
299 1063 325 1112 d.
339 1063 386 1113 Gr.
398 1078 425 1112 u.
440 1063 534 1112 Roem.
550 1063 584 1123 X,
604 1064 628 1111 2.
643 1078 670 1126 p.
682 1064 725 1112 ’.)Ι.

219 1131 339 1182 Serdonis
356 1133 445 1194 lacus,
464 1131 497 1181 de
514 1147 567 1197 qno
584 1132 655 1180 inira
673 1132 726 1194 ΙΙΙ,

185 1203 211 1264 5,
229 1203 382 1268 Aegyptum
403 1203 474 1250 inter
497 1207 579 1266 atque
596 1201 728 1251 Palaesti-

186 1288 248 1322 nam
260 1279 302 1322 cst
314 1272 383 1321 situs
398 1271 433 1322 ab
448 1272 553 1320 oriente
568 1271 642 1320 Casii
652 1287 727 1321 mon-

185 1343 234 1404 tis,
263 1342 297 1391 ab
324 1342 464 1392 occidente
486 1356 570 1405 prope
592 1341 727 1391 Rhinoco-

185 1380 271 1462 lnrhm
295 1410 376 1476 (quae
403 1409 484 1460 hodie
502 1410 655 1475 appellatur
678 1411 725 1459 El-

187 1483 275 1531 Amaci
269 1481 297 1546 ι).
332 1483 467 1546 Perquem
482 1485 627 1545 angustum
641 1481 726 1530 fuisse

184 1551 273 1601 lacurn
297 1557 393 1602 auctor
414 1555 456 1600 est
474 1550 609 1600 Diodorus
634 1551 655 1612 Ι,
681 1550 725 1612 30,

186 1622 234 1670 sed
256 1622 340 1671 mirae
361 1621 556 1685 profunditatis
576 1627 602 1670 et
625 1588 725 1670 dircen-

185 1697 273 1740 torum
295 1691 379 1740 fermo
406 1690 555 1740 studiorum
579 1689 725 1755 longitudi-

185 1763 240 1820 nis3
265 1760 319 1810 alia
342 1761 413 1810 idem
436 1760 532 1809 scribit
555 1759 588 1809 de
612 1761 727 1810 exitiosa

185 1831 297 1896 palude,
315 1832 359 1880 oui
376 1835 522 1894 perpetuus
540 1831 626 1879 austri
644 1831 725 1879 flatus

185 1915 311 1966 magnum
329 1901 436 1965 ingerat
454 1914 552 1949 arenae
571 1901 635 1948 vim.
672 1899 726 1950 Pli-

184 1971 246 2020 nius
266 1969 312 2032 (ΙΙ.
332 1971 367 2020 N.
379 1970 412 2030 V,
432 1968 475 2033 13)
492 1969 586 2031 [5,006
598 1983 725 2033 passuum

185 2040 327 2090 circuitum
341 2039 473 2104 quosdam
485 2039 525 2087 illi
535 2040 654 2088 tribuere
666 2055 727 2088 nar·

185 2115 241 2170 rat3
261 2109 309 2160 sed
327 2125 399 2159 nunc
416 2108 549 2158 modicam
569 2125 629 2158 esee
652 2109 726 2172 palu·

185 2145 255 2230 deni.
292 2181 329 2228 Et
347 2180 393 2245 qui
411 2183 480 2228 teste
499 2178 632 2228 Strabone
649 2179 724 2228 XVI.

184 2265 210 2314 p.
238 2249 305 2300 1102
328 2250 350 2298 B
374 2265 437 2314 pag.
462 2248 634 2299 760Acum
653 2249 725 2298 mari

184 2325 290 2370 tanturn
300 2335 347 2384 per
357 2313 481 2383 ἔκρηγμα
494 2319 656 2368 coniunctus
666 2323 724 2367 erat

183 2389 273 2451 lacus,
304 2393 398 2438 nostra
422 2393 514 2438 aetate
542 2389 617 2438 sinus
642 2389 724 2436 maris

183 2462 274 2525 potius
298 2473 378 2524 quam
402 2457 478 2508 lacus
501 2459 551 2507 erit
574 2458 723 2520 vocandus,

183 2531 227 2580 oui
254 2544 351 2578 nomeu
377 2528 489 2578 Sebaket
517 2528 636 2578 Barduli.
661 2527 723 2577 Vid.

183 2598 382 2651 Schliehthorst
405 2598 424 2647 l.
450 2598 467 2646 l.
492 2613 554 2662 pag.
581 2598 624 2648 50.
643 2599 725 2646 Hart-

181 2685 271 2720 msnn.
291 2669 308 2719 l.
328 2668 347 2719 l.
367 2683 431 2733 pag.
448 2667 498 2718 867
518 2666 579 2717 οοΙΙι
598 2669 725 2717 Mannert

181 2740 199 2790 l.
213 2741 232 2789 l.
246 2740 281 2800 X,
295 2739 320 2789 l.
340 2753 402 2802 pag.
417 2737 477 2799 497,
494 2739 539 2802 qui
553 2737 642 2786 lacum
653 2753 724 2786 nunc

182 2823 292 2875 prorsus
312 2809 492 2870 exsiccatum,
512 2823 544 2856 ex
563 2808 649 2856 muria
667 2813 725 2856 tan-

182 2887 240 2929 tum
259 2883 286 2928 et
305 2877 463 2942 salsilagine
486 2893 533 2942 per
557 2877 725 2940 superficiem

184 2964 280 3014 sparsa
294 2948 423 3012 cognosci
439 2963 519 3011 posse
531 2947 636 2996 scribit.
663 2947 725 2996 Alia

94 3027 97 3033 '
184 3019 261 3068 dabit
279 3018 427 3066 Creuuerus
447 3018 475 3064 in
494 3018 656 3066 Commentt.
671 3017 725 3065 He-

184 3088 242 3138 rod.
257 3102 284 3150 p.
300 3087 359 3136 286.
397 3087 466 3135 Nam
484 3087 566 3136 istum
577 3087 666 3136 lacum
679 3085 726 3134 ho-

185 3157 302 3207 minibus
314 3171 398 3220 aeque
408 3160 490 3220 atque
501 3157 662 3206 animalibus
672 3155 726 3204 exi-

181 3229 284 3277 tiosum
302 3231 330 3274 et
348 3226 471 3274 insanum
483 3226 623 3291 Typhonis
636 3224 726 3290 (quem

185 3297 304 3348 omnium
316 3294 447 3345 malorum
460 3302 598 3359 parentem
607 3297 725 3346 habuere

185 3365 323 3432 Aegyptii)
347 3366 548 3429 receptaculum
573 3367 636 3417 inde
660 3366 727 3416 lere-

184 3439 260 3488 hant.
301 3436 354 3498 Qui
384 3435 443 3498 ipso
467 3437 495 3484 iu
520 3436 596 3487 lacus
619 3436 727 3485 nomine

184 3508 240 3558 tale
260 3505 324 3570 quid
354 3505 443 3554 inesse
466 3521 538 3556 nunu
562 3507 727 3566 existimant,

183 3578 317 3643 siquidem
340 3573 462 3626 Serdonis
483 3576 560 3626 lacus
583 3577 728 3641 Aegyptio-

184 3664 242 3699 rum
268 3661 390 3696 sermone
417 3645 521 3696 vrrleat:
560 3648 604 3711 qui
629 3649 729 3710 spargit

181 3721 312 3781 foetorem.
337 3716 381 3765 Ita
390 3720 463 3765 certe
473 3715 613 3765 iablonsk.
625 3715 727 3779 Opusc.

185 3789 208 3838 I.
224 3803 250 3852 p.
262 3785 386 3839 3030011.
400 3785 475 3846 aot,
490 3787 622 3850 probante
631 3785 727 3835 Cham-

185 3855 727 3922 poltl’ugypt.rous1.P1mr.11.p.

185 3927 245 3978 304.
259 3925 336 3975 Alius
355 3926 397 3974 vir
410 3924 507 3975 doctus
520 3925 606 3990 (ocus.
617 3929 644 3974 te
664 3925 727 3973 Wa-

185 4001 227 4046 ter
242 3995 277 4045 ad
295 3995 436 4045 iablonek.
452 3994 471 4046 l.
484 3995 541 4060 l.')
533 4011 561 4044 rn
575 4010 648 4046 voco.
654 3993 726 4058 Σερ-

186 4057 245 4132 βών
262 4066 404 4114 οοοαΙΙσαιΙΙ
421 4069 448 4114 et
467 4065 627 4130 demerpendi
639 4065 726 4114 notio-

184 4135 563 4286 pepapuppsippaltimv
527 4200 724 4268 capuensium]

185 4274 203 4322 Ι.
222 4289 247 4322 e.
266 4275 342 4324 aris.
359 4277 434 4324 iaxta
459 4289 528 4338 quem
550 4271 660 4337 (lacum)
679 4273 726 4322 Ga-

184 4347 238 4398 ar'ua
247 4357 315 4393 mons
324 4347 476 4410 porripilur.
494 4343 657 4396 Letronnius
670 4341 688 4392 l.
706 4341 724 4396 l.

1256 269 1318 330 439

142 459 192 514 106
202 470 266 512 teor
283 441 410 512 κόλπον
423 445 518 532 μέχρι
530 449 746 532 Σερβωνίδος
762 452 879 534 λίμνης
887 383 991 534 ‚hrup’
1006 439 1050 534 ἣν
1063 442 1100 514 τὸ
1113 444 1242 514 Κάσιον
1257 433 1317 513 οὗ·

184 575 241 634 ρος
254 553 372 616 τείνει·
391 546 512 634 ταύτης
534 537 582 616 ὦν
599 544 665 616 iimo
686 553 721 616 οΙ
739 549 896 636 ἑξήκοντα
917 557 1046 636 σχοῖνοί
1063 555 1136 617 εἰσι.
1166 544 1239 617 ὅσοι
1255 547 1317 636 μὲν

184 648 248 740 γὰρ
262 657 447 737 γεωπεῖναί
458 655 522 718 εἰσι
536 648 745 741 ἀνθρώπων,
759 649 915 742 ὀργυιῇσι
929 651 1153 743 μεμετρήκασι
1171 649 1233 740 τὴν
1250 651 1314 739 χοὶ-

776 868 802 916 p.
823 851 874 902 156
890 849 972 902 reddi
990 853 1062 903 vult:
1087 851 1168 918 „pres
1193 854 1230 904 du
1253 853 1316 918 quel

779 921 843 988 (lac)
861 921 886 970 le
904 928 979 972 mont
998 923 1231 974 Casiuss'avauce
1249 923 1317 973 daus

776 992 804 1042 la
826 993 913 1041 mer.“
949 993 1018 1042 Nam
1038 994 1185 1044 τείνεινΙι.
1209 993 1226 1043 l.
1246 994 1317 1043 idem

778 1077 838 1112 esso
867 1066 949 1125 atque
978 1061 1082 1111 τεινειν
1112 1053 1139 1119 ἐς
1169 1055 1318 1112 θάλασσαν

778 1132 947 1210 eundemque
963 1131 1022 1181 vult
1035 1132 1134 1182 habere
1151 1148 1260 1183 sensum
1279 1138 1319 1182 at-

778 1218 830 1267 que
849 1193 1008 1250 ἀναπείσειν
1029 1203 1063 1252 do
1078 1205 1262 1267 promontorio
1290 1204 1318 1252 iu

777 1287 852 1321 mare
869 1275 1051 1336 procurrente
1089 1273 1164 1335 Quae
1181 1273 1245 1322 mihi
1264 1289 1319 1322 ma·

777 1343 819 1407 gis
845 1343 969 1404 quaesita
993 1357 1072 1406 quam
1095 1358 1160 1392 vora
1181 1343 1317 1392 videntur.

777 1415 831 1463 Pro
847 1407 917 1476 ὄρος
935 1417 1049 1462 recenti.
1064 1411 1125 1462 edd.
1145 1412 1208 1462 inde
1220 1412 1317 1462 aBelr-

776 1483 843 1532 kero
860 1487 1016 1531 constanter
1038 1482 1067 1530 in
1089 1481 1140 1532 hoc
1160 1481 1228 1532 libro
1252 1483 1318 1532 aori·

777 1555 889 1616 pserunt
907 1539 1009 1614 οὖρος,
1029 1552 1162 1616 probante
1180 1552 1316 1602 Bredovio

777 1639 839 1687 pag.
862 1621 919 1671 lli-l.
954 1622 996 1670 De
1013 1622 1072 1685 ipso
1091 1623 1164 1672 θοιίο
1183 1627 1282 1685 monte,
1301 1637 1318 1671 a

777 1708 829 1757 quo
846 1689 909 1740 iudo
920 1705 1007 1755 nsque
1025 1691 1060 1740 ad
1071 1693 1215 1742 Arabicum
1229 1693 1317 1741 sinum

777 1761 850 1812 mille
863 1761 1012 1810 stadiorum
1028 1763 1080 1810 iter
1097 1777 1157 1810 esse
1167 1763 1267 1812 Noster
1277 1777 1318 1810 re-

777 1833 830 1881 lert
849 1832 886 1894 ΙΙ,
906 1832 962 1894 158,
982 1830 1125 1896 primarius
1135 1837 1225 1881 exstat
1243 1831 1317 1881 Stra-

777 1902 855 1952 bonis
872 1901 949 1951 locus
966 1901 1039 1951 XVI.
1059 1917 1085 1965 p.
1106 1901 1156 1952 758
1171 1917 1228 1966 seq.
1248 1919 1270 1950 s.
1289 1917 1316 1965 p.

778 1972 884 2022 11000.
898 1971 962 2021 1102
973 2001 1008 2010 -
1025 1971 1099 2033 1103,
1113 1971 1185 2020 undo
1195 1977 1318 2020 trecenta

777 2042 866 2091 stadia
879 2056 896 2090 a
906 2041 1013 2091 Pelusio
1026 2041 1098 2090 illum
1113 2045 1244 2090 remotum
1257 2057 1316 2090 esse

776 2112 910 2173 novimus,
923 2111 966 2160 vel
977 2111 1068 2174 potius
1079 2115 1201 2160 trecenta
1209 2111 1316 2176 viginti,

776 2186 807 2230 ut
825 2197 858 2230 ex
876 2181 1006 2230 Antonin.
1028 2181 1124 2231 Itiner.
1143 2180 1315 2246 intelligitur.

775 2251 928 2316 Aggeribus
951 2265 1093 2300 arenarum
1115 2250 1229 2300 similem
1254 2265 1317 2299 enu-

776 2321 835 2370 dem
859 2325 952 2370 narrat
973 2320 1087 2382 Strabo,
1112 2321 1140 2370 in
1166 2336 1238 2369 mare
1257 2335 1317 2384 pro-

775 2395 940 2452 currentem,
965 2406 1097 2454 aquarum
1120 2391 1236 2455 denique
1261 2391 1317 2438 iuo-

775 2476 844 2526 pom.
880 2459 941 2509 lllio
964 2461 1086 2525 Pompeii
1108 2461 1203 2525 Magni
1227 2460 1317 2509 iacere

775 2545 872 2595 corpus
886 2535 913 2579 ot
926 2531 1002 2579 Iovis
1017 2531 1091 2580 Casii
1105 2545 1165 2580 esso
1176 2530 1314 2594 templum.

776 2602 854 2650 Nunc
873 2599 958 2649 monti
980 2615 1077 2650 nomen
1097 2600 1131 2648 ΕΙ
1149 2600 1205 2650 Kar
1224 2617 1245 2650 s.
1261 2601 1317 2650 Ilua

776 2671 911 2732 Kaaoron,
935 2674 962 2718 et
986 2686 1070 2735 prope
1097 2675 1215 2721 montem
1239 2672 1316 2721 locus

775 2741 856 2790 Ketia
868 2755 890 2789 s.
905 2739 1006 2802 Katieh,
1026 2741 1140 2790 docente
1152 2743 1315 2792 Hartmanu.

774 2810 794 2861 l.
818 2809 837 2859 l.
857 2825 920 2874 pag.
942 2810 1002 2860 866.
1038 2809 1100 2859 Alia
1118 2810 1317 2860 Sohlichthorst

774 2879 793 2931 l.
811 2879 829 2929 l.
849 2895 912 2943 pag.
930 2879 963 2928 76
982 2894 1037 2942 seq.
1058 2879 1118 2928 coll.
1138 2879 1250 2929 Reunel.
1263 2879 1282 2930 l.
1296 2880 1316 2930 l.

775 2966 801 3014 p.
821 2947 882 2998 581.
907 2948 1053 3012 Forbiger:
1079 2949 1189 2998 Handh.
1214 2948 1240 2997 d.
1267 2949 1315 2997 alt.

765 3020 875 3083 ,Geogn
886 3018 924 3067 Il.
944 3034 971 3082 p.
986 3019 1046 3068 768.
1084 3019 1228 3067 Caeterum
1241 3018 1317 3068 hicce

776 3103 853 3138 mous
870 3088 954 3151 probe
971 3087 1178 3152 distinguendus
1196 3093 1316 3138 amoute

777 3159 865 3213 casio,
891 3157 982 3220 quiin
1001 3157 1079 3222 Syria
1104 3161 1144 3206 est
1163 3173 1246 3222 prope
1264 3160 1316 3206 An-

776 3226 914 3278 tiochiam.
950 3227 1011 3276 Vid.
1036 3228 1163 3278 Strabon.
1189 3228 1304 3292 XVLp

777 3299 828 3347 742
847 3300 874 3345 et
893 3293 943 3346 750
961 3313 1018 3361 seq.
1054 3295 1133 3350 Conl
1152 3299 1279 3347 Mannert
1296 3299 1314 3347 l

775 3368 794 3418 i.
813 3367 847 3428 X,
868 3366 890 3414 l.
910 3381 935 3430 p.
954 3366 1005 3416 aaa
1021 3371 1048 3415 et
1065 3367 1234 3432 Forhigerl.
1253 3367 1271 3416 l.
1288 3385 1316 3431 p.

777 3435 889 3488 638.-
916 3435 949 3484 In
970 3452 1051 3518 seqq
1076 3437 1180 3486 verbis.
1212 3429 1316 3499 ταύτης

778 3523 819 3557 ων
836 3495 894 3554 ἄπο
920 3498 950 3554 οΙ
965 3496 1002 3566 ἕξ.
1022 3520 1063 3571 op.
1086 3503 1139 3557 εἰσι
1156 3508 1250 3558 Cobet.
1270 3525 1315 3559 vo-

777 3576 866 3628 culam
884 3568 914 3624 oi
928 3575 990 3624 elici
1006 3577 1074 3626 vult.

813 3644 1005 3710 γεωπεῖναι
1032 3641 1097 3710 εἰσι]
1129 3645 1256 3694 Timaeus
1290 3645 1318 3694 in

777 3716 870 3766 Lexic.
881 3715 990 3766 Platon.
1000 3717 1159 3794 γεωπεῖναι·
1173 3707 1202 3762 οΙ
1214 3707 1319 3778 μικρὰν

778 3781 826 3834 aul
846 3776 957 3846 λυπρὰν
975 3783 1029 3850 γῆν
1045 3778 1171 3848 ἔχοντες,
1195 3799 1265 3848 quae
1283 3786 1318 3834 ad

778 3854 880 3904 Herod.
896 3854 934 3914 ΙΙ,
952 3855 1103 3916 daivill,
1124 3853 1319 3917 illpertinere

778 3926 848 3974 bene
870 3925 988 3987 monuit,
1018 3924 1078 3974 aliis
1101 3939 1208 3989 qnoque
1232 3939 1319 3988 gram

777 3995 884 4044 maticis
902 3994 1034 4056 laudatis,
1058 3993 1200 4044 Ruhnken.
1227 4010 1254 4058 p.
1274 3995 1317 4045 68.

775 4095 811 4104 -
828 4064 866 4112 Ut
856 4065 923 4113 titur
946 4064 973 4113 h.
997 4064 1056 4113 loeo
1079 4063 1196 4113 Iomard.
1221 4065 1317 4114 Descr.

777 4134 810 4182 rle
832 4132 954 4198 lEgypt.
975 4135 1087 4199 Antiqq.
1111 4135 1125 4182 I
1147 4133 1178 4199 (3
1199 4133 1317 4199 livrais.)

776 4219 839 4268 pag.
859 4202 919 4265 688,
940 4219 971 4252 ex
990 4219 1042 4268 qno
1063 4203 1236 4253 manifestum
1260 4203 1317 4264 fiat,

776 4273 894 4322 stadium
909 4274 1072 4337 quadratum
1091 4271 1213 4338 (carrd)
1206 4289 1234 4321 ru
1247 4288 1318 4322 men-

776 4344 845 4392 suris
865 4357 992 4410 agrorum
1010 4343 1081 4410 apud
1095 4343 1246 4411 Aegyptios
1264 4342 1317 4395 uei
