3096 4930
576 301 701 364 0L10.
723 305 748 363 Ι.
771 313 832 366 tot.
855 313 917 366 205.
1256 303 1315 364 tlt

183 474 462 564 στρατεύσασθαι.
499 476 607 546 πολλά
626 505 662 546 τε
681 478 745 569 γάρ
758 509 817 568 μιν
835 483 891 551 καὶ
911 479 1039 570 μεγάλοι
1056 478 1097 552 τὰ
1119 477 1318 570 ἐπαείροντα

184 579 240 647 καὶ
254 575 480 667 ἐποτρύνοντα
494 569 547 668 ἦν.
586 587 720 670 πρῶτον
738 583 800 672 μὲν
815 581 836 674 ἡ
856 587 1001 672 γένεσις,
1015 583 1052 656 τὸ
1067 589 1199 655 δοκέειν
1215 588 1318 655 πλέον

183 711 215 751 τι
236 680 322 751 εἶναι
342 679 546 771 ἀνθρώπου,
573 685 714 773 δεύτεροι
737 687 774 756 db
796 680 968 778 ἡεύὗυχίη
987 685 1105 779 quaeri
1125 686 1203 769 τούς
1217 691 1316 760 πολέ-

182 788 457 910 μοοςῗγενομένη·
483 782 544 876 dury
557 784 621 877 γὰρ
635 788 767 858 ἰθύσειε
781 791 1023 880 στρατεύεσθαι
1038 799 1167 882 Κῦρος,
1188 791 1314 884 ἀμήχα-

185 917 245 960 νον
282 885 575 961 νὲκεῑνοτόἕθνο
607 898 663 961 δια
693 921 714 962 ν
748 897 770 962 ἐ
809 949 816 962 .

253 919 316 1062 'div
337 993 374 1062 δὲ
394 997 455 1062 τοῦ
477 919 600 1085 ἆνδρόςς
620 922 852 1080 ἆιιζθέξιόιιῖτος
871 995 957 1087 γυνὴ
977 1002 1045 1067 τῶν
1064 991 1383 1083 Μοσσιιγὲτέωνῖθῧ

182 1103 357 1186 βασίλεια,
383 1095 527 1186 Τόμυρίς
548 1105 582 1169 οἱ
605 1091 648 1188 ἦν
669 1098 807 1191 οὕνομα.
856 1100 982 1191 ταύτην
1002 1103 1142 1188 πέμπων
1161 1096 1179 1168 ὁ
1204 1106 1316 1191 Κῦρος

183 1300 339 1364 recipiente.
375 1300 470 1364 Neque
485 1315 552 1352 sane
567 1301 616 1352 tali
635 1317 723 1354 emen·
774 1319 868 1370 φοινε,
894 1294 932 1362 ὥς
953 1293 1041 1362 αὐτὸς
1065 1294 1118 1367 μὲν
1142 1293 1316 1368 τελευτήσειν

183 1370 293 1420 datione
312 1385 379 1450 opus
397 1384 457 1419 esse
474 1370 590 1422 videtur.
773 1367 864 1424 ariensi
886 1364 973 1441 ταύτῃ
993 1371 1088 1438 μέλλοι
1112 1388 1138 1422 ιι.
1158 1388 1180 1422 τ.
1199 1372 1223 1420 i.
1251 1373 1315 1423 Vid.

218 1437 420 1503 accrescebat
439 1437 547 1504 Κῦρος]
560 1434 723 1504 στρατεύειν
773 1447 884 1510 Ditgea:
903 1445 945 1494 De
963 1443 1014 1495 fati
1032 1442 1106 1510 apud
1118 1442 1250 1494 Herodot.
1269 1459 1316 1494 no·

182 1525 252 1560 unns
288 1509 371 1573 liber,
408 1509 479 1574 quod
512 1525 566 1560 non
598 1511 724 1577 displicet
774 1516 849 1566 tione
867 1531 893 1580 p.
911 1513 937 1566 8.
1288 1533 1295 1544 ·

183 1579 447 1645 Schweighaeusero,
464 1582 633 1644 comparanti
645 1583 667 1643 Ι,
679 1584 721 1632 77.

182 1649 230 1711 vl,
248 1650 274 1700 7.
311 1649 416 1710 Quibus
437 1649 554 1701 Brcdov.
578 1667 605 1716 p.
625 1653 659 1704 24
676 1651 724 1702 ad-

183 1719 223 1768 dit
240 1718 361 1780 vl,108.
381 1719 430 1780 lx,
446 1717 489 1780 811,
507 1721 628 1770 activum
647 1737 723 1785 prae·
1006 1775 1014 1796 ι

182 1787 321 1839 ferendum
339 1787 533 1852 viderimus,
552 1789 606 1840 nisi
622 1792 682 1855 quis
695 1791 722 1840 id
810 1783 936 1854 Τόμυρίς
954 1783 983 1839 οἱ
999 1803 1036 1853 ην
1054 1779 1176 1851 οὕνομα]
1197 1788 1229 1836 in
1247 1803 1315 1839 voce

180 1861 259 1924 putet
276 1858 544 1923 interpretamentum
562 1875 623 1912 esse
634 1875 667 1910 ex
680 1860 722 1911 bis
776 1851 901 1923 Τόμυρις
923 1859 1067 1909 scribenda
1084 1856 1233 1908 Herodotei
1252 1858 1315 1908 libri

181 1927 248 1994 ipsis
266 1927 334 1978 locis
351 1928 471 1978 ductum.
507 1929 605 1994 Itaque
623 1931 722 1980 retinui
773 1929 958 1990 consentiant,
980 1943 1142 1994 quamquam
1161 1925 1226 1976 alibi
1243 1927 1315 1994 apud

181 1991 393 2060 στρατεύεσθαι.
441 1998 511 2048 Ante
539 1997 636 2060 Κῦρος
659 2001 723 2050 arti·
773 1998 842 2050 alios
860 2003 985 2050 auctores
1005 1997 1084 2048 valde
1106 1996 1225 2047 variant.
1261 1997 1314 2048 Sed

181 2066 271 2118 culum
293 2058 317 2130 ὁ,
344 2067 419 2118 libris
451 2068 544 2118 invitia
569 2069 651 2134 vulgo
677 2070 723 2120 ad·
772 2070 823 2119 hac
842 2067 875 2118 de
893 2085 921 2118 re
940 2068 1049 2118 uberius
1068 2066 1219 2132 disputarit
1234 2067 1315 2117 Hern-

181 2138 290 2198 ieetnm,
305 2137 453 2187 omisimus.
480 2137 526 2189 Sic
537 2138 565 2188 in
578 2140 720 2191 antecedd.
773 2138 889 2191 sterhus.
914 2139 949 2188 ad
974 2139 1088 2188 Lucian.
1112 2136 1265 2202 contempl.
1286 2141 1311 2200 ξ.

181 2223 230 2270 pro
254 2198 385 2270 δεύτερα,
413 2206 486 2272 quod
507 2209 602 2272 optimi
629 2213 722 2260 tenent
774 2209 806 2259 13
826 2224 848 2260 s.
869 2224 895 2273 p.
914 2207 965 2260 393
991 2223 1049 2274 seq.
1073 2212 1094 2258 t.
1119 2207 1165 2258 111
1189 2205 1230 2256 ed.
1250 2207 1311 2272 Bip.

180 2277 257 2338 iibri,
279 2276 325 2326 alii
342 2268 490 2340 δεύτερον,
516 2293 577 2328 cum
594 2283 677 2330 antea
694 2280 722 2330 iu
772 2277 835 2330 coll.
853 2277 1028 2342 Oudendorp.
1040 2277 1076 2327 ad
1093 2276 1216 2327 Frontin.
1237 2277 1274 2340 ΙΙ,
1288 2279 1313 2340 5,

181 2343 296 2409 πρῶτον
318 2361 411 2396 ornnes
429 2349 595 2413 conspirent.
632 2351 722 2414 Atque
772 2352 797 2400 5.
809 2347 973 2409 -ctesias‚
993 2347 1065 2412 quod
1077 2349 1145 2398 satis
1158 2351 1250 2396 notum
1263 2351 1313 2410 eat,

180 2415 250 2466 alias
266 2416 339 2480 apud
355 2417 485 2467 Neutrum
504 2417 602 2479 πρῶτα
619 2413 671 2482 μὲν
685 2449 722 2459 -
772 2435 821 2470 nec
838 2419 1056 2484 Massagetarum
1073 2433 1122 2467 uec
1134 2417 1260 2481 Tomyris
1274 2433 1314 2466 re-

181 2477 300 2549 δεύτερα
317 2479 358 2548 δὲ,
376 2489 408 2536 ut
425 2487 479 2548 111,
498 2486 541 2539 80.
559 2489 639 2551 VIII,
661 2489 719 2540 106.
771 2490 852 2553 ginae
863 2488 944 2538 ullam
959 2488 1025 2538 fecit
1041 2487 1213 2548 mentionem,
1231 2503 1315 2551 quan-

180 2555 330 2606 Adnotavit
348 2555 416 2606 haec
428 2557 589 2622 Schweign,
608 2559 666 2622 ipse
682 2565 722 2608 ta-
774 2565 830 2609 tum
843 2557 950 2624 quidem
967 2575 1000 2608 ex
1015 2557 1073 2607 eius
1088 2557 1247 2622 fragmentis
1260 2556 1314 2606 col-

181 2641 242 2675 man
260 2625 362 2676 addens
381 2626 549 2677 Herodotum
572 2629 599 2677 in
617 2628 658 2678 hie
677 2643 723 2678 va-
773 2629 857 2692 iigere
875 2628 953 2690 licet,
974 2627 1061 2678 sedin
1076 2643 1237 2692 pagnanum
1248 2627 1314 2676 Der-

181 2695 252 2745 riare
279 2695 409 2745 orationis
432 2696 543 2747 formas.
591 2697 625 2747 Id
651 2697 723 2762 quod
772 2697 879 2748 bicibus
899 2698 998 2762 Cyrum
1016 2697 1186 2746 vulneratum
1203 2713 1236 2746 ac
1251 2697 1313 2746 dein

182 2765 251 2815 satis
269 2770 421 2816 monstrant
438 2766 553 2830 piurima
570 2767 692 2832 exempla
706 2783 724 2817 a
774 2772 908 2818 mortuum
932 2783 991 2818 ease
1015 2766 1099 2816 refert
1118 2769 1142 2827 ξ.
1162 2767 1187 2815 11.
1206 2767 1223 2816 8
1247 2767 1312 2815 Per-

181 2834 305 2884 Werfero
331 2839 462 2899 congesta
489 2839 517 2886 in
543 2837 617 2888 Acti.
646 2837 722 2902 phili.
773 2838 849 2898 sice„
867 2837 914 2887 ubi
927 2837 983 2886 vid.
1001 2851 1071 2901 quac
1082 2835 1236 2885 notavimus
1250 2851 1312 2898 pag.

181 2906 305 2956 Menace.
324 2905 347 2966 Ι,
366 2907 392 2956 2.
411 2921 473 2970 pag.
487 2908 547 2957 251.
586 2907 723 2958 enmono
776 2907 825 2958 110
843 2922 920 2972 seqq.
953 2908 985 2956 In
998 2905 1081 2970 priori
1094 2909 1184 2954 autem
1197 2903 1313 2968 quadam

182 2990 215 3025 ex
240 2974 292 3024 hoo
313 2989 368 3024 uno
391 2975 525 3026 Herodoti
548 2975 617 3027 libro
641 2978 663 3038 Ι,
688 2977 722 3028 bii
773 2975 837 3041 Cyri
856 2975 1027 3040 expeditione
1039 2974 1170 3024 adversus
1182 2975 1313 3023 Sacae*

182 3043 285 3110 (ibique
297 3044 390 3109 nott),
401 3043 445 3106 ul,
455 3046 513 3107 112,
525 3045 583 3108 126,
595 3047 653 3108 134,
663 3047 721 3109 138,
773 3061 853 3112 quam
870 3053 977 3109 gentem
990 3043 1135 3109 Scythicae
1152 3043 1245 3108 stirpis
1258 3057 1313 3093 non

184 3114 241 3176 179,
260 3128 330 3179 quae
342 3114 485 3165 lectionem
496 3119 632 3180 receptam
645 3108 721 3179 (oeri—
772 3115 916 3166 admodum
935 3119 1064 3164 remotam
1083 3129 1142 3164 esec
1161 3113 1195 3164 ab
1209 3113 1314 3164 Massa-

180 3183 257 3248 τερα)
284 3185 352 3234 satis
376 3185 446 3234 tueri
469 3190 606 3250 poterunt.
643 3185 722 3247 Quod
773 3185 843 3251 getis
872 3183 961 3250 quivis
984 3184 1115 3236 concedet
1138 3215 1173 3224 -
1198 3181 1313 3234 similem

181 3254 217 3304 ad
240 3254 327 3318 ipsum
340 3254 394 3304 1οοί
417 3259 604 3319 argumentum
623 3256 722 3304 attinet
773 3253 908 3320 quandam
925 3253 1062 3320 reginam,
1085 3258 1167 3320 atque
1185 3253 1313 3306 hocloco

182 3339 333 3388 causasque
353 3323 430 3384 illas,
455 3325 553 3390 quibus
571 3325 669 3388 Cyrum
686 3325 722 3374 nd
774 3325 917 3388 Tomyrin,
941 3329 1025 3374 vocat
1042 3323 1221 3388 Sparetdrom,
1243 3339 1313 3389 quae

180 3393 231 3444 hoc
249 3393 348 3443 balium
373 3393 519 3443 adductum
542 3409 602 3444 esse
623 3395 722 3445 Noster
773 3394 920 3445 fortissime
954 3409 1014 3444 cum
1044 3393 1115 3459 Cyro
1151 3393 1314 3458 pugnaverit

181 3463 289 3526 scribit,
305 3463 378 3528 quod
395 3463 501 3514 scilicet
518 3464 604 3513 maius
620 3464 722 3530 aiiqnid
773 3464 940 3528 eundemque
956 3464 1065 3526 vicerit,
1084 3462 1108 3524 5.
1127 3461 1152 3514 3.
1189 3464 1249 3524 Quo
1268 3463 1314 3511 iti-

181 3532 288 3582 homine
311 3549 341 3584 se
371 3547 430 3583 esee
459 3534 614 3598 opinaretur
635 3535 721 3598 Cyrus
773 3536 833 3585 dem
853 3534 971 3594 faciunt,
990 3549 1058 3598 quae
1078 3533 1111 3582 de
1130 3533 1241 3582 Zarina.
1260 3532 1311 3582 for·

182 3607 314 3667 perpetua
332 3602 471 3668 hucusque
496 3602 620 3654 inbellis
638 3604 722 3653 felici·
772 3604 879 3654 tissima
907 3605 1013 3668 regina,
1044 3602 1138 3652 scribit
1167 3600 1313 3662 Diodorus,

182 3675 240 3722 tate
263 3687 341 3734 usne,
365 3672 432 3722 haec
456 3687 562 3738 quoque
586 3674 620 3724 ad
639 3674 722 3724 Grae·
773 3675 840 3736 alia,
859 3689 930 3736 quae
944 3673 978 3723 ad
992 3671 1098 3722 fabulas
1111 3669 1238 3722 traducta
1254 3685 1313 3720 nar-

183 3757 274 3792 corum
282 3743 414 3793 rationem
426 3743 720 3794 dictaexistimabimns
772 3743 977 3808 rationibusque
986 3743 1151 3792 Amazonum
1164 3739 1313 3790 additaaut

182 3826 215 3860 ex
233 3827 266 3861 ea
284 3811 393 3862 fluxisse
411 3813 560 3874 sententia,
584 3829 663 3879 quam
688 3813 721 3864 de
773 3829 833 3864 cnm
851 3812 884 3863 iis
903 3813 1050 3862 coniuncta
1072 3811 1158 3860 fuisse
1175 3809 1311 3860 videntur.

146 3933 151 3946 ,
183 3880 263 3930 rebus
281 3880 380 3932 divinis
399 3887 482 3947 atque
500 3883 533 3932 de
554 3883 656 3934 invidia
674 3883 722 3932 ilia
773 3882 827 3934 Sed
845 3881 878 3932 de
894 3883 928 3932 iis
946 3897 1028 3948 penes
1041 3895 1258 3946 unumquemque
1275 3881 1314 3930 iu·

183 3949 276 4000 divina
290 3951 389 4002 Noster
407 3951 516 4014 babuit,
536 3953 721 4018 quabomines
773 3953 871 4003 dicium
894 3961 968 4015 esto,
992 3951 1114 4016 equidem
1137 3950 1314 4015 pronuntiare

182 4020 292 4083 superbi
318 4021 452 4086 nimisque
482 4022 547 4072 elati
577 4025 657 4074 rebus
682 4037 722 4073 ee·
773 4021 870 4082 uolim;
899 4023 1021 4072 curiosos
1050 4020 1145 4070 harum
1167 4035 1255 4071 rerum
1277 4020 1314 4070 le-

182 4088 287 4151 cundia,
306 4094 336 4140 ut
350 4091 455 4141 maiora
468 4107 571 4156 semper
583 4097 722 4158 appetant,
773 4097 861 4143 ctores
885 4091 920 4140 ad
942 4091 1061 4142 Ctesiam
1085 4089 1201 4140 amando
1226 4095 1254 4141 et
1278 4089 1313 4140 ad

183 4157 262 4207 adiis
279 4159 320 4208 ita
337 4159 505 4223 plectuntur,
525 4165 557 4211 nt
570 4163 598 4211 in
611 4163 722 4212 exitium
774 4159 819 4222 ea,
839 4175 909 4225 quae
926 4160 966 4210 ibi
980 4159 1112 4210 adnotari
1130 4175 1193 4224 pag.
1207 4159 1242 4210 98
1254 4175 1312 4224 seq.

182 4231 280 4290 sponte
296 4235 395 4288 ruant;
414 4230 449 4280 ef.
462 4235 532 4280 nott.
548 4231 583 4280 ad
596 4232 618 4292 1,
637 4232 679 4290 32,
696 4237 723 4282 et
773 4232 824 4282 His
843 4231 926 4290 adde,
951 4245 1021 4295 qnae
1044 4229 1077 4278 de
1098 4230 1221 4294 Tomyri,
1248 4229 1314 4293 Scy-

183 4296 271 4346 refero
289 4297 342 4346 hnc
362 4313 482 4378 quoque,
506 4315 575 4362 quae
597 4299 724 4366 leguntur
773 4301 881 4350 tharam
895 4300 998 4364 regina,
1011 4298 1155 4349 traduntur
1167 4300 1239 4361 apud
1250 4300 1313 4347 Vin·

184 4364 256 4419 iufra
274 4366 297 4434 1,
316 4366 380 4420 210:
399 4383 436 4438 sp
450 4359 725 4436 diridat‘puvnpoe'·
775 4370 893 4426 centium
933 4369 1114 4434 Uadimonis,
1148 4367 1312 4425 Polouorum

962 1686 1028 1736 Car.
1047 1685 1125 1736 CCV.
