3086 4952
274 269 335 329 252

707 266 976 330 HERODOTI

273 470 308 512 τε
327 437 347 530 ἡ
364 438 511 530 άμαρτάς
524 447 559 511 ot
571 439 604 522 ἐς
625 444 704 511 δέον
719 438 891 528 ἐγεγόνεε,
912 442 967 510 καὶ
984 436 1035 510 ὅτι
1051 437 1105 510 ἐπὶ
1119 440 1237 530 τύχῃσι
1252 445 1410 532 χρηστῇσι

274 542 328 615 ἐπὶ
352 551 492 614 δεῖπνον
513 548 670 632 κέκλητο,
697 542 749 633 ἥλε
771 541 804 624 ἐς
820 543 859 612 τά
877 549 976 613 οἰκία.
1005 539 1157 614 tectorio
1178 544 1215 613 tt
1235 541 1296 634 τὴν
1317 549 1406 630 ταχί-

274 673 373 737 στην,
395 639 437 737 ἦν
450 648 513 736 γάρ
534 654 568 718 οί
580 665 656 728 παῖς
679 643 725 728 εἷς
745 653 885 737 μοῦνος,
908 653 982 716 έτεα
1002 655 1078 736 τρία
1097 649 1152 716 καὶ
1169 649 1250 717 δέκα
1269 675 1330 716 κου
1344 646 1405 736 μά-

273 761 368 822 λιστα
381 749 543 838 γεγονώς,
565 756 685 822 τοῦτον
700 749 878 840 ἐκπέμπει,
902 752 987 820 ἰέναι
1001 779 1037 820 τε
1052 751 1202 820 κελεύων
1217 747 1250 832 ἐς
1269 749 1405 820 Ἁστυά-

273 883 348 980 γεος
368 857 424 924 καὶ
446 858 589 941 ποιέειν,
611 851 675 925 ὅτι
693 850 736 925 ἂν
750 851 876 936 ἐκεῖνος
898 854 1029 946 κελεύῃ.
1056 850 1155 934 αὐτὸς
1170 853 1206 923 δὲ
1227 851 1407 944 περιχαρὴς

272 957 338 1030 ἐτδν
358 958 533 1047 φράζει
494 987 534 1050 τη
555 956 747 1046 γυναικὶ
711 986 751 1028 τα
771 957 1038 1048 συγκυρήσαντα.
1082 955 1263 1046 Ἁστυάγης
1283 954 1390 1043 δὲ,”
1363 987 1407 1038 ως

272 1058 499 1132 οίάπίκετοὸ
520 1059 690 1152 Ἁρπάγου
713 1055 804 1144 παῖς,
834 1062 961 1151 σφάξας
981 1059 1101 1144 αὐτόν,
1129 1064 1184 1130 καὶ
1208 1060 1291 1131 κατά
1306 1064 1406 1150 μέλεα

273 1163 413 1252 διελών,
434 1193 474 1234 τα
462 1163 590 1254 μὲν”
564 1187 712 1254 ωπτησε,
736 1195 776 1235 τα
765 1164 875 1234 δὲ“
855 1182 958 1254 εμησε
974 1171 1042 1234 τῶν
1057 1171 1176 1253 κρεῶν.
1206 1161 1349 1234 εὕτυκτα
1370 1165 1407 1234 δὲ

273 1268 493 1358 ποιησάμενος
517 1269 583 1357 εἶχε
600 1272 722 1357 ἑτοῖμα.
752 1267 827 1338 ἐπεί
842 1295 878 1336 τε
899 1268 952 1352 δὲ,
973 1273 1030 1356 τῆς
1046 1264 1133 1356 ὥρης
1154 1272 1330 1356 γινομένης
1344 1274 1404 1337 τοῦ

273 1379 434 1458 δείπνου,
464 1377 618 1460 παρῆσαν
642 1377 733 1439 οἵτε
760 1368 854 1438 άλλοι
883 1369 1080 1457 δαιτυμόνες
1103 1372 1158 1438 καὶ
1188 1365 1404 1458 ὁἉρπαγος,

271 1492 355 1546 τοῖσι
377 1474 439 1563 μὲν
457 1470 585 1542 ἄλλοισι
608 1474 663 1540 καὶ
684 1468 774 1564 αὐτῷ
796 1467 972 1558 Ἀστυάγεϊ
998 1475 1219 1561 παρετιθέατο
1249 1472 1404 1560 τράπεζαι

272 1575 424 1646 ἓπιπλέαι
438 1583 586 1664 μηλείων
600 1579 726 1660 κρεῶν,
742 1570 897 1668 Ἁρπάγῳ
912 1575 948 1644 δὲ
963 1580 1023 1644 τοῦ
1046 1573 1164 1656 παιδός
1183 1579 1243 1644 τοῦ
1265 1577 1411 1660 ἑωυτοῦ,Ι

272 1677 360 1768 πλὴν
381 1684 527 1768 κεφαλῆς
555 1706 591 1748 τε
619 1679 675 1747 καὶ
695 1674 809 1767 άκρων
836 1683 959 1768 χειρῶν
985 1706 1021 1748 τε
1053 1681 1107 1749 καὶ
1135 1684 1270 1763 ποδῶν,
1297 1669 1448 1759 τάλλασο

271 1783 395 1852 πάντα·
426 1787 529 1852 ταῦτα
556 1783 593 1852 δὲ
615 1783 715 1870 χωρὶς
736 1788 842 1852 ἔκειτο
864 1779 918 1852 ἐπὶ
937 1785 1045 1876 κανέφ
1075 1783 1402 1871 κατακεκαλυμμένα.

271 1881 316 1966 ὡς
330 1887 367 1956 δὲ
388 1892 434 1979 τῷ
448 1885 603 1980 Ἁρπάγῳ
619 1882 732 1956 ἐδόκεε
750 1884 822 1967 ἅλις
837 1892 925 1975 ἔχειν
941 1891 998 1975 τῆς
1011 1893 1130 1977 βορῆς,
1148 1883 1332 1975 Ἀστυάγης
1357 1897 1404 1955 ελ-

272 1988 347 2078 ρετό
369 2019 445 2077 μιν,
467 1997 498 2059 εί
515 1986 637 2078 ἡσθείη
660 2017 691 2058 τι
712 1996 752 2080 τῇ
776 1997 895 2079 θοίνη·
931 1993 1084 2078 φαμένου
1107 1990 1144 2058 δὲ
1160 1985 1330 2077 Ἁρπάγου
1350 1991 1405 2057 καὶ

271 2092 376 2181 κάρτα
395 2088 561 2181 ἡσθῆναι,
592 2096 801 2182 παρέφερον,
829 2108 914 2162 τοῖσι
934 2095 1142 2181 προσέκειτο,
1173 2089 1235 2181 τὴν
1255 2089 1406 2181 κεφαλὴν

271 2291 424 2366 γεγονεε]
417 2317 435 2350 ι
450 2315 474 2349 e.
486 2300 553 2364 quod
559 2309 688 2363 peccatum
702 2303 726 2350 ei
739 2299 814 2350 bene

271 2378 359 2421 recte
383 2367 413 2433 (i.
432 2385 454 2419 e.
480 2371 508 2418 in
534 2369 576 2430 id,
610 2369 682 2450 quod
709 2367 814 2432 debuit)

272 2447 394 2492 censerat.
430 2439 546 2488 Locutio
570 2431 604 2496 ές
628 2434 709 2486 δεον
732 2453 813 2502 eupre

272 2507 435 2571 occurritl,
454 2505 501 2570 32,
520 2507 568 2557 nbi
587 2507 658 2584 ooqi.
699 2507 769 2558 Add
789 2508 812 2568 1,

274 2579 332 2630 186.
376 2580 407 2626 ln
431 2591 506 2641 seqq.
534 2567 579 2626 έπλ
604 2568 704 2642 τόγησι
734 2591 811 2640 γρη-

272 2645 379 2729 στῇσι
398 2651 451 2696 est:
476 2646 546 2696 tonia
573 2645 673 2710 avibus,
697 2646 814 2709 feticibus

271 2717 403 2780 οιιιμλοίἰι,
431 2715 502 2779 quod
527 2715 634 2766 dieendi
663 2730 747 2777 penne
770 2713 813 2765 vel

272 2803 305 2836 ex
320 2786 413 2850 Vigeri
435 2784 569 2835 Idiotiem.
593 2802 620 2850 p.
640 2783 691 2834 620
708 2790 812 2834 notum.

270 2857 336 2906 Mox
365 2853 461 2918 reliqui
488 2848 617 2918 κέκλητο,
647 2854 723 2903 euius
752 2853 812 2904 loeo

271 2917 400 2988 έκεκλητο
411 2924 572 2974 recentiores
582 2922 642 2974 edd.
655 2929 811 2986 posuerunt.

272 2995 315 3046 cf.
330 2993 445 3044 Bredov.
460 3011 488 3076 p.
501 2994 560 3056 286,
579 3009 625 3058 qur
618 2993 747 3057 1demp
761 2992 813 3043 268

271 3069 345 3114 reete
360 3067 452 3113 tuetur
471 3059 574 3144 ἔψησε,
593 3062 670 3112 onius
687 3061 747 3112 loco
766 3063 813 3112 nlii

269 3123 373 3197 ἥψησε.
410 3132 449 3182 ad
469 3123 580 3195 ὤπτησε
601 3133 672 3182 idem
691 3131 813 3182 confera-

270 3207 359 3278 turp.
380 3200 440 3252 366.

305 3259 322 3318 ὅ
338 3285 364 3319 τι
383 3259 420 3318 δν
439 3261 546 3326 ἐκεῖνος
570 3259 681 3334 κελεύῃ]
703 3261 812 3336 κελεόη,

271 3339 343 3404 quod
357 3355 416 3389 eum
426 3343 540 3390 reeentt.
552 3339 610 3389 edd.
614 3338 759 3402 taedimur,
772 3355 813 3389 sa-

271 3410 307 3460 tie
322 3414 431 3459 tuentur
446 3407 555 3472 linguae
566 3406 655 3473 leges,
675 3423 749 3488 quae
759 3425 813 3458 non

271 3479 421 3544 optativam
436 3482 481 3542 (ut
492 3478 584 3544 vulgo
602 3470 745 3542 κελεύοι),
766 3477 814 3528 sed

271 3549 472 3600 coniunctivum
501 3549 528 3597 in
551 3548 593 3598 hie
622 3547 814 3597 enuntiationi-

270 3619 321 3668 bus
325 3619 475 3698 flagitant.

306 3677 425 3736 εότυκτα
460 3679 490 3734 δὲ
532 3676 724 3748 ποιησάμενος
756 3677 812 3748 εἶχε

270 3746 413 3821 ετοίμα]’
399 3758 509 3819 ετοιμα,
534 3753 639 3819 quod
632 3771 660 3804 m
676 3755 813 3806 Senerosti

270 3823 339 3874 libro
357 3841 411 3874 non
426 3824 534 3888 legitur,
552 3823 649 3874 abeaeo
666 3823 725 3872 vult
736 3823 812 3873 Wes-

271 3892 414 3970 eqiingffle,
439 3909 519 3958 quum
543 3893 613 3942 idem
636 3897 713 3942 notet
730 3895 811 3956 atque

270 3951 401 4023 εότυκτα,
421 3961 518 4025 quod’
511 3977 599 4025 rpenm
617 3978 638 4044 q
652 3961 812 4012 Grammati-

270 4029 310 4077 eie
323 4030 465 4093 exponitur
477 4020 638 4080 vooebnlo‘
623 4033 729 4094 ετολμα,
755 4031 812 4080 Νοο

270 4103 361 4147 tamen
389 4097 470 4147 telem
496 4100 602 4162 copiam
628 4099 758 4149 sermonis
784 4099 813 4147 in

270 4165 410 4216 Herodoto
422 4180 471 4216 noe
482 4165 616 4217 offendere
628 4169 733 4228 debere,
745 4167 813 4218 bene

270 4235 374 4284 monuit
397 4235 548 4299 Seirweigh.
577 4236 693 4286 laudans
720 4237 814 4288 Nostri

271 4305 294 4367 Ι,
315 4302 377 4354 12³:
404 4300 639 4370 κατειργασμένου
658 4301 688 4356 δε
707 4320 813 4356 τουτον

864 2295 910 2348 καλ
921 2289 1043 2356 ἐόντος
1028 2297 1151 2360 ετοιᾚμου
1177 2299 1247 2350 Inde
1263 2304 1336 2350 recto
1349 2317 1406 2350 ver-

864 2369 943 2418 teris:
963 2368 1051 2430 „Quae
1065 2369 1107 2418 αδί
1118 2368 1180 2419 bene
1194 2385 1229 2431 μι
1230 2379 1357 2430 (teporata
1368 2386 1406 2418 εε-

863 2445 932 2498 sent,
958 2439 983 2485 in
1001 2445 1119 2518 prompta
1142 2440 1184 2487 ι’λλε
1205 2437 1321 2489 λαδαίλ.“
1363 2439 1406 2487 De

864 2475 976 2555 ἐπείτε
1001 2505 1029 2554 in
1048 2522 1138 2571 seqq,
1162 2506 1235 2571 qnod
1259 2506 1339 2556 Iones
1359 2522 1406 2570 po-

863 2591 927 2625 nere
945 2573 1035 2625 solent
1056 2576 1115 2626 loeo
1135 2574 1266 2640 eimplieie
1287 2575 1406 2638 partiou-

862 2645 906 2694 iae
924 2636 998 2706 έπελ,
1022 2645 1134 2696 laudant
1153 2645 1264 2710 Gregor.
1283 2644 1403 2695 Corinth.

863 2713 936 2764 Dial.
946 2715 1006 2764 ion.
1020 2717 1044 2777 5.
1056 2715 1090 2765 26
1101 2714 1288 2779 rbrqueKoen
1307 2714 1405 2765 Omnia

864 2799 935 2834 nune
954 2783 1030 2834 dabit
1048 2785 1165 2835 Bredov.
1184 2801 1211 2848 p.
1234 2785 1266 2836 38
1285 2799 1342 2849 seq.

899 2851 1140 2930 παρετιθεατο
1177 2847 1309 2916 τράπεζαι
1347 2843 1405 2902 ίπι-

863 2920 954 2989 πλέαι]
978 2915 1111 2984 τράπεζαι
1137 2923 1205 2973 dixit
1227 2925 1326 2974 Noster
1347 2922 1406 2987 plu-

863 2992 914 3042 rali
937 3007 1048 3042 numero
1072 2994 1237 3044 Graecorum
1265 3009 1298 3043 ex
1322 3009 1404 3054 more,

864 3077 917 3127 qao
937 3061 979 3111 vel
1003 3062 1118 3128 singulis
1139 3063 1262 3113 convivia
1283 3078 1333 3113 eun
1351 3062 1406 3112 cui-

863 3147 916 3196 que
934 3147 1027 3181 mense
1045 3134 1232 3197 apponebatur
1247 3132 1290 3182 vel
1304 3133 1329 3181 in
1344 3147 1406 3196 epu-

862 3201 910 3263 lie,
936 3201 1033 3266 quibus
1051 3202 1141 3266 plures
1161 3203 1289 3265 ederant,
1316 3201 1405 3268 plures

864 3271 971 3321 omnino
985 3286 1094 3322 mennae
1106 3271 1174 3322 oihie
1186 3273 1303 3322 refertae
1315 3271 1406 3334 hospi-

863 3339 936 3398 tibus
954 3341 1184 3404 proponebantur.
1210 3341 1271 3391 vid.
1282 3341 1404 3390 Nitzseh.

864 3409 1193 3475 adHomenOdyss.1,
1215 3409 1351 3473 109.pag.
1372 3411 1404 3458 27

865 3483 892 3528 et
915 3479 986 3528 conf.
1012 3479 1042 3528 C.
1061 3480 1092 3530 F.
1111 3448 1249 3530 Hermann
1270 3477 1404 3528 Privatal-

863 3547 945 3600 terth.
966 3551 991 3610 5.
1004 3550 1046 3597 27.
1061 3553 1117 3598 not.
1131 3551 1203 3598 5.-
1215 3541 1404 3608 παρετιθέατο

864 3617 1016 3681 imperfecti
1037 3621 1079 3666 est
1101 3617 1199 3678 forme,
1225 3615 1329 3664 heud'
1321 3615 1404 3665 rnuei-

864 3685 953 3736 teta'
946 3703 974 3734 rn
998 3686 1058 3735 aliie
1083 3701 1189 3750 quoque
1220 3684 1309 3734 verbis
1332 3684 1405 3749 apud

864 3754 1045 3816 Herodotum,
1076 3755 1151 3804 onius
1176 3753 1250 3803 locos
1272 3753 1405 3804 indicavit

864 3824 898 3873 de
915 3824 957 3872 hie
975 3792 1069 3873 ferinis
1088 3823 1228 3888 disputans
1246 3823 1361 3873 Bredov.
1376 3840 1403 3888 p.

864 3891 996 3956 326,ηυί
1015 3891 1085 3941 idem
1104 3908 1151 3956 pro
1169 3889 1303 3956 μηλείων,
1332 3893 1405 3958 quod

864 3977 955 4010 omnes
974 3965 1066 4011 tenent
1083 3961 1158 4022 libri,
1178 3961 1258 4010 scribi
1278 3961 1352 4013 iubet
1366 3963 1403 4026 (p.

865 4031 925 4089 156)
943 4029 1063 4110 μηλέων,
1083 4030 1154 4094 quod
1167 4031 1269 4109 recepit
1280 4031 1403 4082 Dietach.

863 4099 927 4148 Mox
950 4093 983 4146 τὰ
1001 4089 1070 4147 ἅλλα
1087 4099 1148 4149 dedi
1167 4087 1260 4162 τᾶλλα,
1278 4102 1358 4165 utl,
1377 4105 1404 4152 2.

863 4167 905 4216 Ad
924 4183 999 4232 eeqq.
1020 4169 1092 4220 σουλ,
1111 4169 1252 4234 Theophii.
1270 4171 1304 4220 aci
1323 4171 1406 4221 tuto·

863 4236 916 4302 lye.
936 4237 990 4286 111.
1010 4253 1036 4302 p.
1054 4237 1101 4288 262
1120 4237 1162 4288 ed.
1181 4238 1263 4288 Wolf.

899 4300 1079 4372 παρέφερον,
1120 4309 1194 4356 τοισι
1230 4303 1405 4376 προσέκειτο]
