3008 4924
542 248 787 308 EU'PERPE.
810 249 852 308 ΙΙ.
875 257 936 312 149.
1244 253 1303 312 775

172 418 252 510 κτὴ,
270 417 355 510 αὐτὴ
371 425 477 508 δηλοῖ.
506 423 543 489 ἐν
556 418 620 511 γὰρ
633 424 717 511 μέσῃ
731 428 771 512 τῇ
785 432 886 512 λίμνῃ
899 422 1043 511 μάλιστα
1057 453 1099 514 κη
1114 427 1225 494 ἑστᾶσι
1242 426 1304 498 δύο

173 530 377 615 πυραμίδες,
396 529 457 592 τοῦ
470 521 592 605 ὕδατος
607 521 828 615 ὑπερέχουσαι
849 526 1056 617 πεντήκοντα
1074 524 1212 620 ὀργυιὰς
1226 532 1302 600 ἑκα-

171 633 267 719 τέρη,
288 630 344 698 καὶ
359 625 396 696 τὸ
411 624 484 696 κατ’
500 625 623 710 ὕδατος
637 629 852 719 οἰκοδόμηται
867 634 984 720 ἕτερον
997 639 1153 703 τοσοῦτο·
1176 635 1232 702 καὶ
1248 631 1301 704 ἐπ’

171 731 377 822 ἀμφοτέρῃσι
406 739 519 802 ἔπεστι
546 731 704 814 κολοσσὸς
733 742 879 820 λίθινος,
912 735 1096 826 κατήμενος
1119 739 1156 806 ἐν
1175 735 1301 832 θρόνῳ.

171 833 259 905 οὕτω
274 841 312 904 αλ
321 835 384 924 μὲν
399 843 586 926 πυραμίδες
601 839 664 907 εἰσὶ
679 835 798 908 ἑκατὸν
811 835 987 928 ὀργυιέων,
1003 845 1041 908 αλ
1053 838 1085 908 δ’
1111 837 1230 910 ἑκατὸν
1243 838 1300 930 ὀρ-

171 941 264 1028 γυιαὶ
278 945 409 1009 δίκαιαί
422 945 487 1009 εἰσι
510 940 648 1010 στάδιον
668 940 893 1032 ἑξάπλεθρον,
915 944 1077 1024 ἑξαπέδου
1096 943 1159 1032 μὲν
1171 949 1228 1033 τῆς
1243 942 1300 1034 ὀρ-

171 1124 231 1158 eum
249 1123 308 1158 esse
326 1108 468 1172 putabant,
487 1107 541 1158 dici
559 1125 613 1159 nou
631 1125 711 1174 posse
761 1109 810 1160 has
823 1110 975 1174 pyramides
987 1109 1071 1160 refert
1084 1110 1212 1176 reliquias
1224 1127 1303 1176 qnas-

170 1178 238 1227 beue
250 1175 440 1242 intelligerent,
458 1178 591 1229 Herodoti
602 1183 711 1230 senten·
762 1179 823 1230 dam
834 1180 911 1230 molis
923 1180 1055 1246 lapideae,
1075 1195 1144 1245 quae
1155 1197 1209 1230 non
1221 1180 1303 1247 longe

169 1248 235 1297 tiam
249 1248 409 1298 arctioribus
429 1247 528 1298 finibus
546 1249 712 1299 circumseri·
761 1250 796 1299 ab
823 1249 889 1299 urbe
912 1251 1035 1316 Fayonrn
1064 1250 1092 1300 iu
1121 1265 1153 1300 ea
1180 1250 1301 1314 planitie,

169 1317 283 1368 bendam
295 1331 355 1368 esse
366 1317 517 1380 voluerunt,
529 1319 628 1384 quippe
640 1333 711 1384 quae
761 1334 841 1384 quam
856 1319 918 1369 olim
932 1319 1010 1369 huius
1022 1318 1099 1369 lacus
1111 1319 1190 1385 aquis
1202 1325 1302 1370 tectam

169 1388 203 1438 ad
221 1403 281 1438 sam
304 1393 410 1438 tantum
431 1387 507 1438 lacus
529 1393 633 1453 partem
652 1403 710 1454 spe·
761 1389 845 1438 fuisse
863 1389 935 1450 vult,
955 1387 990 1439 ud
1008 1389 1097 1438 vicum
1115 1389 1229 1440 Biahmn
1247 1405 1302 1440 oer-

168 1462 266 1520 ctsret‚
285 1472 353 1523 quae
370 1462 428 1508 arte
442 1457 560 1508 humana
572 1459 654 1510 fuerit
673 1459 710 1508 ef·
760 1463 861 1508 nuntur
879 1459 961 1519 sitae;
986 1459 1042 1509 vid.
1063 1459 1192 1524 Lepsios:
1211 1459 1303 1511 Briefs

168 1529 241 1578 fecta
259 1527 385 1578 adlacus
404 1527 708 1593 ambitumaugendnm.
761 1533 813 1580 ata.
832 1543 859 1592 p.
883 1527 932 1590 82,
959 1529 1078 1580 Bnaseu.
1104 1527 1123 1578 l.
1147 1527 1165 1579 l.
1189 1544 1216 1594 p.
1240 1529 1301 1580 352.

168 1599 207 1647 Ac
219 1598 324 1648 Rittaro
341 1597 373 1646 ds
391 1613 424 1648 aa
441 1601 518 1662 parte
535 1597 709 1664 cogitandum
760 1596 827 1648 (lum
844 1613 908 1647 vero
926 1597 977 1648 hae
995 1597 1125 1664 reliquiae
1137 1597 1217 1648 aliam
1228 1615 1302 1663 pror-

168 1666 312 1716 videbatnr
331 1665 360 1730 (l.
379 1666 399 1718 l.
416 1683 443 1731 p.
457 1666 534 1732 800),
552 1683 606 1732 qua
623 1668 709 1718 orien·
760 1683 807 1717 sus
826 1671 1005 1732 structuram,
1032 1683 1110 1733 qnam
1129 1683 1199 1732 quae
1221 1684 1302 1734 pyra·

168 1741 222 1785 tem
233 1751 327 1786 versus
344 1736 389 1786 hic
401 1734 477 1787 lacus
490 1752 551 1786 curn
561 1737 618 1787 Nili
631 1737 708 1802 aquis
760 1737 860 1787 midum
880 1741 929 1798 est,
948 1737 1096 1802 praebeant
1113 1753 1200 1804 neque
1218 1739 1300 1789 etiam

168 1806 196 1854 in
220 1820 318 1870 pagum
335 1806 456 1870 Fayoum
480 1806 602 1857 deductis
626 1807 709 1857 fuerit
759 1809 788 1857 in
806 1807 895 1858 medio
918 1806 980 1857 lacu
1005 1797 1047 1871 (ἐν
1070 1805 1140 1873 με’σῃ
1163 1804 1199 1873 τῇ
1216 1805 1301 1874 λίμνῃ

170 1875 339 1936 coniunctus,
358 1876 416 1924 sive
429 1875 462 1924 da
473 1875 570 1938 canali,
589 1876 710 1941 quidici·
759 1868 905 1942 μάλιστα),
931 1876 978 1926 ssd
996 1881 1073 1927 extra
1090 1877 1178 1926 lacurn
1196 1876 1224 1926 in
1242 1877 1300 1928 aius

168 1949 213 1994 tur
231 1944 304 1994 Ballr
325 1944 382 1994 bela
405 1961 454 1998 nra.
495 1945 537 1994 Tu
567 1945 603 1996 cf.
626 1947 708 1995 etiam
760 1961 809 1996 ora
824 1946 989 1996 constitutas
1002 1947 1110 2007 fuerint,
1130 1947 1301 2012 negavitLe-

168 2013 304 2064 Mannert.
323 2014 342 2065 l.
358 2014 376 2064 l.
396 2031 423 2079 p.
440 2015 500 2076 423,
519 2014 637 2066 lomard.
655 2015 673 2065 l.
690 2015 707 2065 l.
760 2017 835 2081 psius
855 2015 1029 2082 (Chronolog.
1050 2017 1076 2067 d.
1096 2016 1212 2081 Aegypt.
1231 2016 1255 2066 1.
1271 2033 1298 2082 p.

168 2083 369 2214 inflati,
393 2085 710 2218 tluttltffllttlt
760 2084 1300 2222 llilgit.trutissant

168 2225 317 2284 sententia,
347 2222 380 2273 de
402 2239 457 2289 qua
482 2223 559 2274 ruodo
582 2224 707 2286 diximus,
760 2225 816 2276 solo
836 2240 907 2274 nunc
925 2225 1076 2290 quindecim
1091 2224 1204 2289 pedibus
1219 2231 1299 2276 aucto

167 2292 707 2360 itemquednoisdellagusafflarmont),
759 2295 903 2344 evanuisse
924 2295 961 2344 nil
982 2295 1080 2346 «mirum
1107 2295 1195 2345 videri
1218 2310 1300 2360 posse

166 2364 212 2428 qui
222 2365 248 2413 in
261 2363 327 2413 haec
337 2363 429 2414 eadem
439 2363 576 2428 inquirens
584 2362 707 2430 (Voysge
759 2363 835 2414 addit
846 2365 889 2427 iis,
901 2365 946 2430 qui
956 2363 1061 2414 totalis
1070 2369 1242 2414 monuments
1252 2381 1301 2430 per

165 2439 217 2484 etc.
240 2433 288 2484 lV.
313 2450 340 2498 p.
365 2434 394 2484 lu
413 2449 489 2498 seqq.
514 2433 557 2485 ed.
575 2433 706 2500 Bruxell.)
758 2435 909 2500 Aegyptum
921 2433 1299 2500 prorsussublatafnisseco-

165 2504 205 2553 ita
223 2503 380 2569 pronuntiat
396 2501 433 2569 (p.
448 2503 505 2569 ⁸2¹2):
527 2505 645 2566 „Moeris
661 2509 707 2554 n'a
757 2505 910 2571 gnoverint.
929 2504 1055 2555 Colossos
1064 2503 1187 2568 lapideos
1200 2505 1300 2554 utrius-

165 2574 241 2638 point
266 2571 361 2624 creusd
382 2590 419 2624 un
436 2573 493 2636 lac,
518 2575 586 2624 mais
610 2581 706 2626 ouvert
758 2591 809 2640 qne
827 2574 974 2639 pyramidis
992 2575 1063 2625 idern
1086 2573 1128 2623 vir
1147 2574 1244 2624 doctus
1263 2573 1298 2624 ad

164 2660 201 2694 un
211 2643 324 2705 chemin,
341 2655 392 2708 par
403 2643 492 2709 lequel
506 2643 546 2695 les
559 2660 628 2694 euux
643 2649 705 2695 sont
757 2661 848 2710 regem
871 2649 898 2694 et
920 2644 1055 2709 reginam,
1078 2645 1256 2708 Amenemem
1274 2643 1298 2708 1,

164 2729 265 2764 vennas
282 2713 392 2778 remplir
409 2713 435 2764 le
450 2714 557 2776 bassin,
586 2715 707 2780 qu'svait
757 2715 900 2780 dynastiae
920 2719 1074 2774 auctorem,
1093 2713 1186 2763 refert.

165 2781 274 2848 dispose
298 2783 326 2832 la
348 2788 454 2833 natura.
495 2783 569 2834 Elles
594 2782 706 2834 s'dlevd-
791 2777 823 2832 ui
837 2774 864 2832 d’
877 2773 977 2832 ἕκατὸν
993 2774 1104 2847 ὀργυιαὶ
1120 2778 1233 2830 δίκαιαί
1243 2774 1297 2829 εἰσι

165 2857 225 2902 rent
243 2853 349 2902 bientfrt
367 2853 383 2902 a
398 2867 450 2902 une
463 2853 565 2918 grands
580 2853 705 2916 hauteur,
758 2845 874 2901 στάδιον
891 2843 1083 2916 ἑξάπλεθρον]
1099 2849 1298 2914 interpretatur

166 2926 193 2971 et
221 2919 368 2970 formarent
394 2937 446 2972 uua
477 2937 532 2971 msr
561 2921 706 2972 intdrieure
756 2921 908 2986 Schweigh.
929 2917 1221 2987 (inLexis.Herod.):
1240 2933 1298 2968 cea-

165 2989 704 3056 qualimsntairehaqueanneelefleuve,
757 3000 805 3040 tum
822 2993 903 3042 iustae
921 2994 1026 3056 orgyias
1047 2989 1229 3039 unsaramma
1249 3002 1298 3037 sear

165 3060 237 3112 alors
255 3060 317 3124 plus
334 3059 406 3109 riche
419 3076 451 3110 an
468 3075 537 3110 eaux
551 3059 706 3126 qu’aujour-
755 3063 850 3124 ingeri-r
872 3068 1007 3117 conatam
1032 3074 1055 3109 s.
1073 3065 1169 3107 centum
1194 3059 1299 3122 arpyiae

165 3130 251 3190 d'hni;
271 3127 705 3180 maiselleslaissdrentunvaste
756 3137 867 3196 aequant
894 3128 1001 3194 (exacte
1026 3123 1161 3190 efficiunt)
1190 3127 1298 3178 stadium

165 3215 262 3264 espace
280 3201 326 3264 qni
339 3198 566 3262 arrosdtoujours
583 3215 650 3250 avec
667 3201 705 3248 fa·
755 3217 805 3250 sea
828 3205 916 3264 iugera
938 3201 1074 3248 continens.
1111 3197 1200 3261 Atque
1224 3195 1297 3246 haud

165 3267 255 3331 cilitd,
280 3269 373 3318 devint
388 3270 413 3320 le
432 3270 508 3334 point
531 3267 556 3319 le
574 3269 634 3335 plus
653 3269 704 3319 fer·
756 3271 812 3320 scio
830 3285 866 3320 an
883 3268 936 3317 huc
954 3271 1058 3332 spectet
1070 3267 1238 3331 grammatici
1251 3281 1297 3316 ve-

166 3339 211 3388 tile
230 3339 264 3388 ds
281 3338 438 3403 l'llgypte.“
756 3339 821 3390 teris
846 3337 952 3400 glossa,
983 3351 1036 3402 qua
1059 3333 1173 3384 δίκαιον
1194 3333 1297 3400 μέτρον

200 3398 293 3457 ἑστᾶσι
314 3405 368 3458 δύο
387 3405 553 3474 πυραμίδες]
578 3408 631 3469 Qui
654 3407 703 3457 has
755 3407 825 3473 apud
843 3406 1010 3458 Herodotum
1028 3407 1064 3456 sit
1080 3405 1149 3455 idem
1165 3409 1247 3471 atque
1262 3395 1294 3454 τὸ

165 3477 317 3544 pyramides
336 3479 363 3528 in
382 3477 443 3528 lacu
458 3477 552 3528 Birket
572 3477 595 3527 el
611 3478 703 3539 Quorn
755 3476 828 3528 ἴσον.
856 3477 934 3528 Conf.
948 3475 1065 3527 Beklrsr.
1078 3473 1199 3526 Anecdd.
1212 3475 1258 3525 Gr.
1271 3475 1295 3524 1.

164 3548 371 3613 quaesiverunt,
398 3547 436 3598 nil
459 3548 570 3610 mirum,
598 3547 637 3596 nil
657 3563 702 3597 eos
754 3564 817 3613 pag.
827 3545 869 3596 90.
891 3545 1032 3596 lomardus
1053 3543 1208 3612 (Daseads
1223 3543 1294 3608 l'Eg.

163 3618 309 3668 invenisse.
345 3617 518 3668 ludaharum
536 3617 703 3682 pyramidum
753 3617 863 3680 Aut.1,
886 3617 902 3669 3
925 3615 987 3666 livr.
1011 3631 1074 3682 pag.
1091 3614 1143 3666 670
1166 3610 1239 3676 not.)
1263 3611 1296 3661 de

163 3687 265 3738 nullum
292 3703 364 3739 nuuc
390 3687 535 3752 vestigium
563 3701 704 3751 superesse
754 3688 895 3738 nsuvocis
914 3683 1025 3743 δίκαιος
1043 3686 1070 3734 in
1089 3685 1164 3734 hisce
1183 3684 1224 3732 ita
1241 3685 1296 3731 sta-

164 3762 281 3810 testatur
299 3757 417 3808 lomard.
435 3757 455 3807 l.
472 3755 492 3808 l.
511 3771 575 3821 pag.
594 3757 638 3818 98,
657 3757 704 3806 nbi
754 3759 820 3808 tuit:
851 3771 903 3816 „en
926 3758 1033 3820 Egypte
1057 3754 1076 3803 il
1100 3751 1191 3818 paroit
1215 3755 1297 3816 qu'ou

162 3827 217 3880 vid.
251 3827 365 3878 Accedit
386 3826 565 3877 recentissimi
587 3827 704 3891 peregri·
754 3824 873 3892 appeloit
889 3828 962 3888 jaste
988 3823 1013 3874 le
1032 3823 1123 3885 stada,
1148 3822 1194 3888 qui
1210 3819 1296 3872 adsul-

162 3898 266 3948 natoris
283 3897 482 3958 testimonium,
507 3896 596 3961 quiin
615 3895 704 3945 insula
754 3897 807 3947 toit
829 3895 861 3945 de
884 3893 911 3944 la
934 3909 1039 3944 mesure
1063 3893 1098 3942 du
1123 3889 1206 3956 degrd
1227 3890 1295 3940 dans

161 3967 292 4028 ElHorn,
313 3983 381 4033 quae
400 3967 487 4018 medio
508 3966 537 4016 in
553 3964 614 4015 lacu
633 3981 704 4015 nuno
755 3983 786 4016 ca
808 3963 912 4030 pays.“
957 3963 1092 4012 Latronne
1123 3959 1295 4026 (Fragments

162 4037 338 4102 conspicitur,
356 4039 458 4087 frustra
477 4035 644 4102 pyramidum
660 4051 704 4084 vo·
755 4035 874 4086 d’Heron
899 4036 951 4082 ato.
977 4047 1040 4096 pag.
1067 4029 1115 4082 lna
1135 4029 1222 4096 seqq.)
1253 4027 1295 4078 δι-

162 4107 246 4172 stigia
264 4123 293 4157 se
307 4107 474 4172 quaesivisse
492 4109 616 4156 testatur.
640 4103 702 4153 Vid.
752 4102 835 4160 ααλας
844 4094 959 4166 ὀργυιὰς
972 4099 1026 4150 dici
1037 4101 1096 4151 vult
1108 4102 1210 4166 legales,
1225 4115 1295 4166 quae

162 4177 194 4225 1..
214 4175 247 4226 de
258 4177 384 4226 Laborde
404 4177 421 4227 l.
435 4175 454 4227 l.
473 4191 499 4240 p.
514 4175 555 4226 ott.
593 4173 646 4225 Sed
660 4173 701 4222 Li·
753 4176 780 4224 in
799 4187 875 4236 seqq.
891 4171 1070 4236 explicantur,
1094 4185 1180 4236 eoque
1196 4169 1295 4220 discer-

161 4249 241 4306 nant,
264 4260 341 4309 quem
354 4246 483 4296 Moeridis
498 4245 586 4294 lacum
601 4244 702 4294 rectius
753 4247 852 4292 nantur
877 4241 910 4290 ab
936 4239 989 4290 alio
1014 4241 1168 4306 orgyiarum
1196 4253 1295 4304 genere

160 4326 232 4364 nunc
243 4315 417 4366 constituisse
431 4330 513 4378 supra
525 4313 650 4376 diximus,
667 4313 702 4362 ad
753 4325 838 4378 eoque
856 4310 991 4370 breviore;
1011 4311 1182 4375 nequeenim
1200 4306 1293 4358 biuda
