3008 4924
509 267 758 328 EUTERPE.
781 269 822 328 II.
848 277 906 330 141.
1214 261 1270 322 751

141 455 227 510 τοῖσι
248 442 430 508 ἐναντίοισι
446 435 577 508 αὐτοῖσι
599 441 821 528 ἐπιχυθέντας
839 433 961 517 νυκτός
975 441 1039 525 μῦς
1062 431 1275 559 ἀρουραίους,

143 571 227 614 κατα
215 541 303 632 μὲν
317 559 441 630 φαγεῖν
460 541 538 623 τούς
558 549 795 668 φαρετρεῶνας
814 539 944 628 αὐτῶν,
966 537 1050 608 κατὰ
1070 538 1107 608 dl
1126 565 1167 606 τοι
1155 533 1275 622 τόξα,

143 645 225 737 πρὸς
240 646 278 715 dl
295 652 364 714 τῶν
377 643 582 716 ιἰσπιὸωυ
545 675 585 715 τα
598 644 718 735 όχανα,
742 644 827 717 ωστε
842 652 882 736 τῇ
902 641 1061 734 ὑστεραίῃ
1075 641 1277 767 φευγόντων

142 755 276 840 σφέων,
302 755 444 838 γυμυοΙν
471 747 602 834 ὅπλων,
632 767 749 848 πεσεῖν
773 748 927 830 πολλούς.
969 749 1025 816 καὶ
1045 751 1111 816 νῦν
1139 771 1236 824 ουτος
1258 771 1276 812 ο

102 869 150 926 173
158 851 349 942 βασιλευς
329 875 447 943 εστηκε
472 857 510 922 ἐν
526 882 572 947 rgo
559 858 650 946 ἱρῷ
669 881 730 923 του
716 851 926 946 Ἡφαίστου
943 859 1092 935 λίθινος,
1121 856 1207 937 ἔχων
1222 849 1277 917 ἐπὶ

142 964 199 1047 τῆς
213 955 323 1048 χειρός
336 963 424 1047 μῦν,
443 961 553 1044 λέγων
567 955 623 1026 dur
644 959 848 1048 γραμμάτων
863 959 959 1028 τάδε·
988 963 1052 1024 ΕΣ
1072 961 1173 1022 ΕΜΕ
1200 957 1280 1022 ΤΙΣ

138 1057 304 1131 ‘OPESIN
325 1069 548 1131 ΕΤΣΕΒΗΣ
562 1069 701 1131 aura.

142 1260 252 1312 rudera
277 1279 325 1328 pro
355 1261 477 1313 παθέειν
506 1263 584 1314 etin
607 1277 683 1328 seqq.
736 1259 796 1311 vult
820 1259 917 1324 Hitaig
946 1255 992 1323 (ad
1015 1257 1098 1309 Iesai.
1121 1271 1184 1323 pag.
1203 1255 1276 1320 435),

143 1335 241 1382 ussaw
261 1349 309 1398 pro
328 1331 445 1383 πεσέειν.
735 1331 882 1396 respiciens
894 1343 1002 1394 puoque
1019 1329 1053 1378 ad
1067 1329 1139 1394 regis
1156 1331 1277 1376 statuam

177 1395 297 1468 ἐπιγοθέ
299 1417 365 1460 orac
393 1393 495 1459 νυκτὸς
522 1417 576 1467 μυς
598 1391 684 1466 ιἰρου-
735 1416 837 1451 murem
858 1413 939 1450 mauu
956 1400 1083 1448 tenentis.
1124 1397 1195 1448 Add.
1214 1411 1278 1446 eun

143 1471 242 1555 ραίμυς
259 1488 285 1521 ιι,
303 1487 327 1521 τ.
346 1471 381 1539 L]
402 1472 490 1523 Aliam
506 1487 617 1538 prorsus
634 1472 684 1521 As·
736 1471 810 1520 dem:
837 1467 1034 1535 Urgeschichte
1063 1469 1089 1518 d.
1114 1467 1222 1518 Philist.
1249 1483 1277 1530 p.

142 1543 275 1608 syriorum
298 1541 385 1593 cladis
412 1559 445 1594 ac
468 1543 551 1610 fugae
573 1557 683 1593 causam
735 1541 796 1604 201,
812 1539 941 1605 quiquod
953 1538 1136 1590 Herodoteam
1148 1537 1227 1587 huius
1239 1536 1279 1586 rei

142 1611 232 1678 prodit
251 1611 369 1662 Iudaeus
390 1611 521 1680 propheta
543 1611 683 1675 XXXVII,
734 1611 916 1660 narrationem
932 1607 1110 1659 Philistaeam
1129 1607 1204 1670 dicit,
1224 1621 1279 1655 rna-

143 1683 190 1742 36,
209 1687 287 1746 peste
305 1684 377 1731 euim
400 1699 432 1732 ac
451 1683 582 1733 divinitus
601 1683 684 1731 misso
734 1680 781 1730 liru
799 1681 962 1745 Aegyptiam
986 1678 1089 1743 dicere,
1113 1679 1132 1730 Ι.
1153 1694 1176 1728 e.
1195 1645 1279 1726 iradi-

143 1751 240 1817 angelo
259 1751 434 1802 interfectore
452 1753 488 1802 ad
506 1753 622 1802 reditum
635 1753 685 1801 As·
735 1757 792 1800 tarn
809 1749 950 1800 Herodoto
970 1748 1004 1798 ab
1023 1749 1219 1814 Aegyptiorum
1236 1763 1278 1796 sa·

142 1822 230 1886 syrios
243 1827 353 1870 coactos
366 1837 426 1871 esse
439 1823 543 1885 scribit,
558 1835 685 1886 maguam
735 1820 891 1870 cerdotibus
905 1820 1012 1868 iterem
1025 1819 1221 1884 exponentibus
1235 1815 1280 1866 rel

142 1897 261 1956 stragem
271 1905 422 1956 perpessos
430 1907 483 1958 qua
492 1897 601 1942 centum
612 1896 686 1941 octo·
735 1891 826 1956 potius
845 1889 1047 1940 cremantibus.
1074 1890 1116 1938 Tu
1128 1888 1199 1938 ocni.
1213 1902 1279 1952 quo-

143 1963 219 2026 gruta
235 1975 353 2026 qumque
371 1961 456 2012 mrllra
471 1961 608 2012 hominurn
627 1975 685 2026 per·
735 1975 787 2026 que
809 1959 929 2025 Schegg:
955 1959 1011 2008 Der
1028 1957 1148 2024 Prophet
1173 1958 1278 2008 Iesaias

141 2033 206 2081 iisse
230 2031 366 2081 dicuntur
405 2032 509 2094 Quibus
534 2031 635 2082 addere
656 2031 686 2079 li·
735 2031 773 2080 II.
793 2047 819 2095 p.
840 2031 905 2092 261,
923 2027 1027 2078 Kuebel
1045 2029 1080 2078 ad
1099 2029 1153 2078 Ios.
1172 2045 1199 2093 p.
1217 2026 1277 2088 273,

142 2107 199 2164 cet,
222 2115 291 2166 quae
316 2101 496 2168 Hieronymus
521 2102 683 2151 Commeutt.
735 2099 908 2150 Iriedreich:
928 2100 981 2148 Zur
999 2097 1077 2148 Bilasl
1095 2099 1128 2149 T.
1139 2099 1162 2148 I.
1176 2114 1203 2162 p.
1216 2099 1278 2148 202.

142 2173 169 2220 iu
186 2171 268 2221 Iesai.
288 2171 336 2232 XI,
351 2170 393 2222 37.
414 2173 446 2222 T.
463 2172 512 2223 IV.
526 2187 553 2236 p.
571 2173 619 2221 461
641 2170 683 2223 ed.
736 2171 840 2220 Murem
860 2169 957 2218 Martis
977 2168 1104 2233 planetae
1127 2167 1278 2234 symbolum

141 2241 258 2291 Vallars.
284 2241 390 2290 scribit:
417 2257 572 2308 „pugnasse
594 2247 684 2291 autern
737 2255 797 2289 esse
814 2241 913 2289 statuit
931 2238 1079 2303 Seyfferth:
1105 2239 1233 2303 Beitr'rlge
1252 2253 1278 2288 a.

141 2311 325 2361 Sennacherib
337 2313 611 2378 regemhssyriorum
623 2327 685 2361 cou-
737 2311 888 2360 Keuntuiss
911 2309 936 2358 d.
968 2309 1017 2360 alt.
1038 2311 1157 2375 Aegypt.
1184 2309 1224 2358 11.
1250 2323 1277 2372 p.

141 2386 184 2430 tra
207 2381 357 2446 Aegyptios
386 2387 413 2430 et
438 2381 578 2432 obsedisse
606 2381 685 2432 Palu·
739 2381 798 2430 156.
835 2379 993 2444 Opportune
1009 2395 1116 2445 quoque
1134 2378 1281 2430 Wesseliu

140 2451 354 2517 siculumque
375 2453 521 2502 exstructis
539 2452 685 2518 aggeribus
736 2450 797 2516 gius
812 2451 1049 2516 grammaticorum
1061 2451 1231 2500 narrationes
1245 2447 1281 2498 ad

139 2521 200 2570 urbi
223 2521 372 2587 capiendae
397 2523 505 2573 venisse
530 2522 684 2572 Tarachurn
737 2519 817 2571 Iliad.
837 2521 866 2584 Ι,
886 2519 919 2570 39
939 2519 1032 2570 attulit
1051 2521 1085 2570 de
1104 2519 1245 2570 Troadis
1239 2535 1280 2568 rn-

139 2606 231 2656 regem
255 2592 453 2657 Aethiopum'
445 2608 474 2642 m
504 2593 635 2643 auxilium
658 2596 685 2641 et
736 2591 803 2640 colis
821 2605 910 2640 mures
931 2591 1139 2654 venerantibus,
1165 2580 1208 2640 ὅτι
1232 2581 1282 2645 τὰς

140 2676 194 2710 uua
213 2667 293 2712 nocte
312 2663 389 2712 iuxta
408 2662 557 2713 Ierusalem
576 2668 685 2714 centurn
737 2652 838 2737 νευρὰς
870 2658 928 2709 τοΙν
958 2658 1101 2724 πολεμίων
1127 2628 1280 2724 ‹larsem-v

140 2733 282 2796 octogiuta
300 2733 419 2797 quinque
442 2732 528 2782 millia
549 2733 685 2782 exercitus
733 2722 835 2790 τόξων.

140 2801 246 2864 Assyrii
263 2801 420 2865 pestilentia
440 2803 575 2852 corruisse
591 2805 685 2851 narrat
770 2796 885 2862 γυμνῶν
902 2787 1008 2862 ὅπλων]
1026 2797 1219 2863 Intelliguutur
1236 2811 1281 2844 ιιι·

139 2868 306 2919 Herodotus.
324 2876 351 2918 et
377 2869 534 2934 plenissime
557 2872 684 2932 Berosus,
736 2871 781 2918 uria
799 2870 895 2921 rrudati.
934 2869 975 2919 Ol.
990 2868 1114 2948 Xenoph.
1129 2867 1232 2942 Cyrop.
1247 2865 1280 2926 V,

140 2937 305 2989 Chaldaicos
323 2940 439 3003 scriptor
458 2939 602 3002 historiae,
620 2954 685 3004 quo·
736 2943 765 3000 4,
788 2940 834 2988 45:
868 2931 961 3002 γυμνὰ
986 2927 1083 2986 ὅπλων
1107 2927 1279 2998 σκευοφόρα,

140 3020 198 3055 rum
211 3006 278 3058 fides
294 3008 327 3057 de
340 3023 457 3073 proprus
474 3009 551 3058 libris
567 2977 686 3073 petenda
735 3007 803 3068 ιιΙΙιι,
823 3023 893 3072 quae
912 3007 1006 3058 attulit
1024 3005 1186 3070 Wesseliug.
1207 3003 1281 3068 (Dis-

141 3077 217 3125 sst.“
253 3078 296 3127 De
314 3077 416 3127 Beroso
443 3079 479 3127 cl.
502 3078 610 3142 loseph.
632 3079 685 3126 Au·
736 3082 801 3127 sert.
819 3078 952 3128 Herodot.
973 3077 1050 3127 VIII.
1079 3091 1105 3140 p.
1125 3074 1185 3140 99),
1208 3073 1279 3122 hauc

140 3145 209 3210 tiqq.
229 3147 267 3208 X,
294 3147 321 3208 l,
342 3149 368 3196 4.
412 3147 490 3210 Quod
513 3163 577 3197 vero
599 3148 685 3197 Hero·
734 3145 880 3196 lectionem
904 3145 1042 3196 Eustathii
1069 3159 1175 3224 quoque
1194 3145 1280 3194 Hero-

140 3213 220 3264 dotus
237 3215 270 3265 de
288 3183 408 3266 misribus
426 3222 529 3278 narrat,
548 3217 685 3267 Bocharto
735 3216 817 3266 dotes
842 3216 927 3266 verbs
952 3215 986 3265 ad
1010 3214 1054 3266 Ili.
1078 3205 1111 3264 α’.
1135 3231 1161 3280 p.
1189 3213 1235 3275 35,
1263 3212 1280 3264 3

140 3284 329 3349 explicandum
348 3286 492 3336 videbatur
510 3303 543 3336 ex
561 3286 686 3337 similitu·
735 3287 833 3351 sivep.
847 3287 895 3348 26,
909 3285 943 3336 35
959 3285 1098 3337 afferentis
1116 3284 1281 3334 auctoritate

140 3355 203 3404 dine
221 3371 317 3405 vocum
335 3349 424 3419 Ιαμάς
445 3355 521 3422 (mur)
542 3362 568 3408 et
586 3349 685 3420 λοιμὸς
735 3356 876 3420 probatam
902 3361 991 3406 tricus.
1036 3354 1189 3418 Ilediceus,
1217 3353 1281 3403 Tlo-

141 3423 258 3489 (peatis),
278 3425 529 3491 quarumcoqusio
548 3427 684 3476 diversam
735 3426 865 3488 rentiuus,
886 3425 1006 3475 aliilibri
1023 3420 1282 3488 afferruutyupvruv

139 3496 274 3559 pepererit
305 3497 499 3546 narrationem.
542 3498 618 3559 Quae
644 3501 684 3545 ta·
733 3462 883 3560 dotatas,
909 3495 980 3545 uude
999 3493 1197 3576 Wesselingius
1219 3509 1282 3543 con·

139 3581 201 3614 meu
221 3566 329 3616 minime
347 3565 507 3615 satisfecere
526 3581 605 3630 posse
624 3581 684 3616 cen·
737 3565 802 3615 iecit
824 3579 939 3629 γυμνων
962 3561 1021 3614 καὶ
1043 3557 1178 3614 ἀνόπλων
1199 3563 1282 3627 idque

140 3641 182 3684 set
199 3636 346 3698 (lerenius,
370 3651 386 3684 a
411 3635 458 3688 Gr.
484 3635 627 3697 laudatus,
649 3635 683 3685 ud
735 3634 876 3686 Plutarchi
896 3641 924 3685 et
940 3635 1059 3700 Appiani
1076 3633 1144 3684 locis
1167 3632 1281 3682 esuriem
1358 3645 1361 3650 ·

140 3705 222 3757 Iesai.
241 3707 259 3756 l.
274 3705 292 3756 l.
307 3721 370 3770 pag.
384 3705 444 3756 974.
482 3705 523 3754 Ad
540 3673 684 3755 Michaelis
736 3705 902 3756 locutionem
930 3705 1117 3756 exhibentibus
1145 3704 1214 3752 satis
1238 3701 1282 3751 lir-

140 3777 302 3826 seutentiam
319 3775 365 3824 ille
383 3789 433 3824 nos
447 3775 587 3825 attendere
600 3775 685 3837 rubet
739 3776 833 3825 mavit.
854 3775 931 3837 Quod
942 3773 1038 3825 lubens
1049 3787 1205 3838 reciperem
1221 3785 1281 3821 eum

140 3861 195 3910 qua
214 3845 506 3910 musAegyptiorum
499 3861 527 3894 ru
543 3845 616 3895 notis
629 3843 686 3894 hie·
737 3843 852 3909 vulgata
863 3842 978 3909 γυμνῶν
996 3835 1093 3892 ὅπλων
1112 3842 1205 3892 durius
1218 3839 1283 3905 quid

140 3915 307 3980 roglyphicis
326 3915 439 3965 denotet
455 3915 637 3965 vastationem
659 3917 686 3964 et
740 3915 850 3976 habeat,
868 3914 940 3978 quod
958 3914 1004 3962 vix
1022 3927 1183 3994 quemquam
1202 3907 1284 3976 lugIt.

141 3983 362 4046 destructionem,
383 3983 687 4050 testeHorapoll.Hie-
774 3951 1024 4048 διαγραμμάτων]
1049 3975 1197 4046 γράμματα
1217 3979 1243 4032 h.
1263 3980 1282 4030 l.

140 4053 264 4118 roglyph.
285 4023 686 4116 1',5i)‚uoivid.1.eemans
738 4052 1037 4113 eademintellexerim,
1058 4067 1128 4117 quae
1144 4065 1227 4115 supra
1244 4049 1282 4112 II,

140 4137 166 4185 p.
186 4123 246 4174 273.
289 4092 355 4185 (Ius
369 4125 453 4173 muris
475 4130 541 4174 nota
567 4126 595 4173 iu
613 4125 687 4188 regis
739 4122 866 4173 125136.
880 4123 980 4172 Noster
995 4121 1071 4182 dixit
1084 4120 1198 4172 ubrvrd
1212 4124 1282 4170 uott.

140 4191 232 4256 effigie
250 4191 322 4242 laiso
340 4191 581 4244 intellectaortam
598 4193 688 4243 videri
738 4221 772 4232 —
796 4191 875 4253 Quod
899 4206 964 4241 vero
992 4191 1148 4255 suspicatur
1167 4189 1284 4238 Wilkiu·

139 4260 273 4310 Herodoti
295 4264 489 4314 narrationem.
524 4265 619 4328 Neque
638 4261 690 4311 ali-
739 4276 797 4311 sou.
806 4263 999 4311 Mauuersete.
1009 4259 1031 4310 Ι.
1045 4275 1073 4324 p.
1083 4259 1284 4324 lll,posthoc

140 4333 181 4377 ter
201 4343 234 4378 cx
256 4331 338 4380 muris
362 4330 484 4396 symbolo
506 4331 575 4382 haee
598 4331 689 4394 repeti
740 4345 799 4396 oap.
820 4329 907 4380 rideri
931 4328 1038 4380 locum·
1030 4345 1120 4394 ·eapp.
1146 4329 1229 4379 164-
1235 4326 1284 4378 168
