3032 4916
241 261 302 323 οτι
674 249 943 337 neronom

437 387 451 419 ί

242 437 280 504 έν
293 438 340 526 τῷ
358 435 491 522 τεμένεϊ
502 434 563 499 τοῦ
576 429 732 520 Πρωτέος
752 421 844 516 ἱρὸν,
862 423 900 494 τὸ
915 424 1070 494 καλέεται
1083 425 1205 511 Ξείνης
1219 418 1377 510 Ἀφροδί-

243 559 316 626 της·
371 534 603 625 συμβάλλομαι
622 532 659 602 δέ
683 535 782 600 τοῦτο
802 527 839 600 τὸ
854 526 929 618 ἱρὸν
949 526 1037 598 εἶναι
1055 521 1189 615 Ἑλένης
1206 530 1264 615 τῆς
1289 534 1377 594 Ταν-

244 641 366 730 odoro,
382 637 510 708 καὶτὸν
525 636 627 724 λόγον
641 633 803 724 ἀκηκοώς,
818 629 862 714 ὦς
873 631 1031 722 διαιτήθη
1041 624 1155 720 Ἑλένη
1170 627 1261 720 παρὰ
1275 639 1377 720 Πρω-

243 747 312 832 τέῑ,
333 746 389 812 sul
412 740 453 831 δὴ
475 743 531 812 καὶ
552 738 602 812 ὅτι
621 745 741 828 Ξείνης
761 736 959 829 Ἀφροδίτης
978 733 1159 824 έαολννμόν
1175 737 1263 804 έστι·
1317 729 1381 802 ὅσα

243 847 308 938 γὰρ
329 845 413 917 ἄλλα
435 844 633 936 Ἀφροδίτης
654 843 709 934 ἱρά
729 845 815 927 ἐστι,
844 837 1000 930 οὐδαμῶς
1017 841 1137 926 Ξεένης
1158 840 1380 907 ἐπικαλέεται.

179 951 376 1039 113Ἕλεγον
399 951 440 1020 δέ
458 977 515 1038 μοι
542 953 577 1018 ol
594 951 679 1040 ἱρέες
699 948 882 1036 ἱστορέοντι
903 942 944 1014 τὰ
964 943 1043 1033 περὶ
1060 937 1198 1031 Ἑλένην
1217 944 1380 1029 γενέσθαι

244 1121 305 1172 201.
340 1117 511 1184 Unde,quid
522 1117 696 1169 statuendum
709 1117 745 1166 sit
755 1114 789 1165 de
840 1110 1005 1164 oleniDiull.
1024 1115 1116 1162 mortt.
1134 1111 1182 1176 lx,
1200 1112 1223 1162 l.
1258 1111 1331 1161 ilino
1348 1115 1382 1162 tu

244 1189 399 1241 istiusmodi
422 1188 663 1254 appellationibus,
687 1184 788 1236 iutelli-
839 1189 929 1234 rorte:
952 1191 1020 1245 „erm
1042 1197 1101 1232 nero
1124 1185 1199 1232 edum
1222 1183 1289 1247 quod
1308 1182 1382 1246 (tenr-

245 1276 305 1327 gus.
336 1259 401 1310 Fuit
411 1259 490 1310 sedes
503 1259 660 1324 Tyriorum,
679 1257 788 1307 ntHee·
836 1252 914 1318 ploro)
931 1253 1124 1318 reprendantur
1136 1259 1175 1302 est
1188 1267 1205 1302 α
1221 1254 1321 1302 Verere
1332 1267 1381 1315 pe-

244 1331 313 1381 ronii
337 1335 399 1379 uter
420 1329 512 1379 verbis
535 1329 553 1378 1.
578 1325 596 1376 1.
616 1327 654 1390 ΙΙ,
673 1330 699 1378 2.
722 1341 785 1391 pag.
838 1325 972 1388 repriun.“
1013 1321 1043 1372 si
1069 1336 1134 1372 vero
1157 1337 1285 1388 quaeres,
1313 1320 1381 1386 qnid

244 1399 306 1463 384,
323 1401 379 1450 eine
394 1397 702 1461 Hardelem'ederlasrnup
714 1405 788 1446 αιτιοι·
838 1393 954 1444 moverit
979 1391 1163 1456 Herodotum,
1192 1397 1224 1442 ut
1246 1393 1381 1442 Venerem

245 1472 300 1521 dem
315 1467 407 1518 Saluis
429 1470 496 1518 eires
515 1466 692 1531 Heilipehrmm
709 1465 786 1516 ouius
838 1463 1008 1529 peregrinum
1031 1460 1134 1512 hunone
1158 1477 1187 1512 rs
1210 1477 1275 1512 vers
1297 1461 1382 1512 Hele-

245 1539 317 1590 modi
354 1537 437 1588 etism
467 1535 659 1588 NeuorntIdem
690 1535 784 1598 fuisso,
837 1549 899 1583 uum
919 1547 979 1582 esse
995 1533 1192 1596 suspiceretur,
1210 1532 1332 1597 Tyndari
1349 1531 1381 1580 ti-

245 1607 356 1661 Groeols
381 1621 452 1672 quoe
475 1607 510 1656 eh
531 1607 625 1656 Amasi
652 1611 695 1655 est
723 1621 786 1656 oon·
837 1603 915 1666 lium,
941 1601 969 1652 id
987 1601 1145 1652 tenendum:
1169 1603 1241 1666 opud
1259 1603 1381 1654 Graecae

244 1693 322 1730 cesse
332 1675 383 1742 (ΙΙ,
399 1677 471 1740 178),
483 1675 549 1726 nihil
561 1676 681 1727 dubium.
707 1677 786 1726 Hono
837 1687 944 1738 qnoque
967 1671 1074 1722 divinos
1101 1671 1216 1722 honores
1239 1673 1381 1737 sooepisse

245 1763 309 1800 vero
324 1747 469 1812 Tyriorum
477 1746 567 1798 sedem
578 1762 595 1796 o
604 1745 710 1812 reliquo
720 1744 786 1794 urbe
838 1741 969 1793 Helenum
979 1741 1051 1792 hund
1066 1741 1239 1807 alitorisque
1250 1743 1381 1793 Proteum

245 1822 401 1884 separatam
419 1815 695 1882 edooqnevullosire
710 1829 785 1865 muro
837 1812 1052 1876 Menelaumque.
1101 1812 1206 1862 Habitu
1236 1817 1278 1862 est
1305 1812 1381 1862 enim

244 1890 361 1939 ciuotsm
379 1903 413 1937 uo
430 1887 562 1937 munitatu
580 1886 690 1936 eredere
707 1884 785 1935 lieet:
837 1883 912 1932 Luna
930 1897 952 1932 e.
972 1882 1021 1932 den
1039 1884 1150 1946 luroris,
1168 1887 1199 1932 ut
1217 1881 1260 1932 vel
1279 1897 1381 1932 nomeu

243 1957 315 2008 unde
331 1956 404 2008 hund
416 1957 473 2007 soio
484 1971 519 2007 nu
532 1952 727 2021 στρατοπέδου
740 1971 786 2020 ep·
837 1952 955 2015 iudioot,
978 1951 1051 2016 quod
1067 1952 1237 2014 splendidum,
1259 1955 1382 2002 loreum

243 2027 355 2092 pellstIo
371 2026 518 2091 repetendo
536 2026 581 2076 sit.
836 2021 909 2072 houd
934 2021 1034 2072 iniuria
1063 2021 1285 2087 interpretentur.
1328 2023 1383 2072 Est

277 2089 310 2146 τὸ
335 2093 460 2146 καλέεται
482 2093 588 2159 Ξεένης
606 2085 783 2159 Ἀφροδίτης]
836 2091 957 2154 Helene,
982 2095 1013 2142 ut
1034 2092 1130 2156 petreis
1154 2091 1258 2152 dmum,
1282 2093 1378 2142 Venus

244 2167 358 2229 Quaerit
368 2165 518 2216 HeereuIns
526 2163 585 2228 (l.l.
594 2163 687 2225 nott),
695 2167 784 2212 utrum
835 2161 872 2213 ed
894 2162 1033 2228 vulgarem
1055 2160 1166 2212 heroum
1187 2161 1306 2212 isbuleru
1325 2166 1384 2211 tru-

242 2235 349 2286 Astarte
366 2234 448 2285 inerit
461 2249 496 2284 eu
507 2233 562 2284 ulis
577 2233 689 2298 quoeris
699 2231 785 2282 Phoe·
836 2231 931 2295 ductu,
949 2245 1019 2296 quse
1037 2231 1098 2296 ipse
1109 2231 1181 2282 houd
1192 2232 1250 2282 reio
1263 2247 1299 2281 en
1315 2247 1383 2282 oon-

242 2306 334 2354 nioum
352 2303 413 2354 deu.
449 2302 681 2354 Noshuudoliem
699 2301 785 2351 fuisso
836 2307 917 2366 gruut
946 2317 1006 2352 oum
1035 2302 1156 2364 Acrone,
1184 2315 1264 2368 quem
1290 2303 1381 2366 ipsum

242 2387 383 2424 censemus
399 2387 481 2436 quem
506 2387 579 2433 som,
605 2373 681 2422 ouius
698 2371 784 2436 ipsine
835 2371 999 2422 Phoenicum
1015 2370 1092 2422 deum
1110 2371 1231 2422 lunarem
1248 2371 1300 2421 hoo
1317 2371 1381 2421 loeo

242 2443 343 2492 Noster
361 2441 482 2492 meminit
507 2441 531 2504 I,
558 2441 620 2502 1053
643 2455 712 2506 quoe
733 2440 784 2491 dee
836 2440 1039 2506 intelligendum
1053 2457 1114 2492 esse
1127 2457 1236 2493 mouere
1249 2441 1295 2492 vix
1308 2456 1381 2506 opus

242 2512 270 2560 iu
286 2511 440 2574 Aegyptum
458 2515 617 2560 trsnsveotu
632 2513 784 2576 pereuriuoe

241 2577 363 2646 (ξείνης)
382 2581 543 2645 cognomiue
559 2581 653 2646 utique
670 2579 726 2630 illio
745 2582 785 2631 iu·

242 2649 338 2716 signiri
356 2654 472 2713 poteret.
509 2649 571 2700 Alio
590 2655 632 2700 est
648 2651 785 2716 Aegyptia

241 2719 348 2780 Venus,
367 2721 499 2784 indigena,
517 2720 541 2770 si
559 2720 599 2770 its
617 2735 676 2771 essu
693 2721 784 2786 appel·

240 2787 298 2840 lure
311 2787 390 2852 linet,
409 2789 442 2838 de
454 2805 508 2854 qne
523 2791 596 2841 conl.
610 2791 647 2854 11,
666 2791 697 2842 41
716 2791 781 2857 ihiq.

241 2863 300 2910 not.

276 2919 514 2993 συμβάλλομαι
542 2921 574 2977 oi
595 2925 681 2978 τοῦτο
707 2945 732 2979 ιι.
757 2945 780 2980 τ.

241 2997 279 3063 λ.]
303 2997 323 3049 i.
347 3013 370 3048 e.
393 2999 507 3050 couiioio.
543 2998 606 3050 Vid.
628 2998 650 3061 1,
675 2998 719 3050 08.
744 2999 781 3062 11,

241 3067 275 3119 3³
294 3067 359 3132 ibiq.
380 3072 437 3118 not.

275 3125 314 3192 ὥς
324 3129 463 3201 διαιτήθη
469 3125 578 3201 Ἑλένη]
591 3135 680 3202 Vulgo
691 3126 782 3187 έδιαι-

240 3196 328 3268 τήθη.
372 3205 426 3256 Sed
455 3207 619 3256 euotoritute
643 3205 782 3258 meliorum

239 3273 369 3324 librorum
380 3279 552 3340 angmentum
564 3276 711 3328 obiecimus
722 3293 783 3328 oum

239 3337 460 3410 Sohweighu'eus.
483 3349 511 3396 et
528 3345 676 3410 (deleford,
700 3346 782 3412 idque

240 3427 301 3464 oum
318 3413 452 3466 Herodoti
475 3429 527 3464 usu
549 3431 660 3480 prorsus
684 3432 783 3468 noure-

239 3485 298 3534 uire
316 3484 410 3535 doouit
426 3484 544 3536 Bredov.
564 3501 626 3551 psg.
640 3485 700 3537 319.
729 3488 781 3538 Vn·

238 3551 277 3605 let
288 3558 378 3606 nutem
389 3551 566 3618 διαιτᾶσθαι,
579 3561 618 3619 ut,
635 3556 657 3618 I,
674 3555 731 3619 120,
746 3560 781 3608 ni-

240 3631 291 3674 tum
307 3640 394 3701 augre,
412 3626 567 3674 οοντιιονατέ.

273 3689 322 3773 sul
339 3709 383 3744 οτι
396 3692 503 3756 Ξεένης
514 3683 688 3757 Ἀφροδίτης
709 3685 780 3774 ἔναι’-

238 3753 689 3897 ddddddpoddtddipssiud'npdreddceddi.
700 3756 779 3884 έιλὶολλ.

238 3916 287 3966 pro
305 3901 380 3967 vulg.
399 3891 577 3965 έιτοινέμιονς
598 3902 634 3952 cl.
649 3902 697 3965 iv,
718 3903 778 3954 184.

238 3971 301 4033 VII,
325 3971 366 4022 11.
408 3970 515 4022 Similes
545 3971 659 4027 eliorum
682 3987 779 4024 vonum

237 4039 412 4092 eoniusIones
440 4041 518 4090 effert
540 4042 656 4092 Bredor.
680 4058 707 4108 p.
733 4041 777 4093 611.

835 2515 878 2560 est
887 2517 949 2576 post
960 2526 1001 2576 eo,
1015 2526 1084 2576 quse
1094 2511 1129 2561 sd
1140 2512 1162 2576 I,
1176 2513 1226 2564 105
1235 2511 1380 2562 attulimus

836 2585 864 2630 et
895 2595 964 2646 quse
992 2580 1143 2646 disputarit
1171 2582 1294 2632 Horers:
1323 2581 1381 2632 Die

835 2650 965 2702 Phoeniu.
988 2650 1027 2712 ΙΙ,
1051 2653 1076 2702 2.
1100 2667 1164 2718 pag.
1188 2650 1221 2702 7³
1244 2667 1322 2717 seqq.
1342 2683 1381 2692 -

835 2720 903 2770 Cum
927 2735 992 2786 ergo
1018 2721 1093 2772 Luna
1116 2723 1166 2772 den
1191 2726 1279 2784 meet,
1303 2721 1380 2771 hund

833 2791 944 2852 mirum,
962 2807 980 2840 α
996 2797 1075 2855 putre
1087 2791 1217 2842 historisto
1228 2807 1288 2842 euru
1305 2807 1381 2842 oom-

832 2861 950 2926 positum
961 2875 1022 2911 osse
1030 2861 1210 2924 convenere,
1221 2867 1249 2911 et
1258 2862 1319 2926 ipsu
1326 2859 1381 2911 dee

831 2929 921 2981 lunuri
932 2931 959 2980 in
967 2929 1132 2981 Phoenicum
1144 2931 1330 2998 religionibus.
1341 2959 1381 2968 —

833 3000 876 3050 Ad
900 3000 1034 3052 Herodoti
1056 2999 1083 3051 h.
1107 3000 1126 3052 l.
1151 3006 1260 3068 spectet
1282 2999 1378 3052 Sohol.

832 3070 869 3120 od
886 3070 1059 3135 Lycophrou.
1077 3069 1155 3121 Alex.
1168 3069 1292 3124 832οο11.
1310 3071 1378 3122 822.

833 3169 868 3180 -
886 3141 918 3190 Iu
932 3139 1023 3190 verbis
1041 3131 1175 3204 οὐδαμοῖς
1191 3139 1297 3205 Selene
1315 3131 1379 3190 έτιι-

834 3207 960 3260 καλέεται
979 3209 1067 3260 Cobet
1090 3210 1173 3260 scribi
1194 3209 1253 3261 vult
1274 3207 1378 3274 Ξεένη.

1015 3383 1082 3435 Cur.
1102 3383 1204 3434 CXIII.

859 3471 976 3550 Ἔλεγον
993 3483 1026 3536 ds'
1042 3501 1090 3551 μοι
1109 3479 1140 3535 ολ
1154 3480 1227 3550 spise
1245 3499 1271 3535 ιι.
1294 3499 1317 3533 τ.
1337 3483 1378 3552 λ.]

831 3553 961 3620 Respexit
979 3555 1013 3606 ud
1033 3557 1104 3608 huno
1123 3556 1256 3607 Herodoti
1275 3554 1377 3616 loonrn,

833 3639 912 3688 quem
933 3627 1016 3677 etium
1045 3627 1167 3691 sequitur
1190 3625 1379 3678 Philostratus

832 3693 888 3744 Vit.
907 3695 1033 3760 Apollon.
1052 3697 1100 3758 lV,
1125 3696 1166 3747 16.
1186 3713 1213 3762 p.
1237 3695 1287 3748 153
1310 3693 1378 3746 οο11.

831 3763 957 3816 Hernico.
976 3766 1037 3816 XX.
1056 3781 1118 3831 ρος.
1131 3765 1192 3828 693,
1211 3763 1378 3818 Enstuthins

832 3834 867 3884 sd
886 3833 985 3900 Odyss.
1005 3835 1054 3886 lv.
1078 3851 1142 3901 pag.
1163 3835 1240 3900 1508,
1264 3835 1297 3888 35
1314 3835 1378 3885 sire

833 3903 891 3964 174,
920 3905 949 3954 11
975 3904 1037 3955 οο11.
1060 3907 1095 3956 ud
1120 3905 1201 3956 Illud.
1226 3905 1281 3958 III.
1306 3919 1376 3970 pag.

830 3970 891 4035 397,
906 3976 951 4034 ⁴43
970 3989 1023 4040 qno
1033 3979 1104 4025 teste
1114 3975 1272 4026 hntlohides
1287 3975 1375 4026 etim

830 4041 863 4092 de
883 4041 989 4094 Helene
1011 4044 1083 4109 opud
1106 4046 1234 4096 Proteum
1257 4059 1377 4096 commo-

236 4107 407 4160 Struoturem
425 4112 502 4162 vonis
521 4127 581 4162 oum
607 4112 728 4178 genitivo
747 4112 778 4161 il·
828 4117 906 4162 rente
922 4113 1068 4166 ooeiuerut.
1097 4115 1239 4166 Pertineut
1259 4114 1311 4164 huo
1330 4129 1375 4176 eu,

235 4175 386 4228 lustrarunt
399 4181 451 4230 viri
469 4180 543 4232 docti
561 4197 578 4232 ιι
594 4181 777 4247 WeseelInglo
828 4182 1376 4251 quseStesiohorns,antiquissimuspoo·

235 4243 354 4297 lundsti:
377 4249 480 4300 Stsulei
500 4249 535 4301 od
553 4251 681 4318 Aeschyl.
701 4253 729 4304 S.
750 4268 774 4302 ο.
827 4255 870 4316 tu,
895 4255 1046 4315 eeoiuernt3
1072 4256 1118 4320 qui
1140 4255 1272 4306 Helenum
1297 4253 1375 4304 dito-

235 4315 322 4368 Theb.
344 4317 391 4370 138
409 4323 437 4369 et
455 4320 644 4372 liemsterhue.
669 4321 704 4372 ud
722 4323 775 4372 Lu·
827 4327 870 4372 rut
887 4323 981 4374 Poridi
998 4322 1034 4375 ed
1052 4327 1206 4392 Aegyptum
1225 4322 1315 4376 deleto
1330 4339 1376 4374 ru-
