2980 4932
253 274 292 334 16
686 275 954 335 HERODOTI

250 475 314 535 μον
338 449 372 526 ἐς
396 445 456 516 τὸν
473 443 637 530 Εὔξεινον
661 445 867 535 καλεόμενον
891 443 1026 518 πόντον.
1074 439 1183 530 Οὗτος
1208 445 1227 518 ὁ
1247 457 1399 536 Κροῖσος

249 549 433 640 βαρβάρων
450 555 594 640 πρῶτος,
619 557 689 621 τῶν
707 546 802 640 ἡμεῖς
822 553 937 638 ἴδμεν,
966 550 1045 632 τούς
1067 554 1131 642 μὲν
1146 557 1397 642 κατεστρέψατο

244 649 414 744 Ἑλλήνων
430 657 463 734 ἐς
481 654 591 744 φόρου
608 651 810 742 ἀπαγωγὴν,
832 650 910 733 τούς
925 656 962 724 di
976 665 1098 746 φίλους
1113 658 1393 747 προσεποιήσατο.

248 762 494 848 κατεστρέψατο
511 759 574 846 μὲν
586 755 706 839 Ἴωνάς
725 786 761 828 τε
781 759 837 826 καὶ
854 763 996 842 Αἰολέας
1017 762 1074 828 καὶ
1090 765 1245 852 Δωριέας
1260 759 1339 841 τούς
1354 765 1396 831 ἐν

247 868 287 950 τῇ
312 860 422 950 Ἀσίῃ,
452 869 573 950 φίλους
591 863 628 932 δὲ
647 859 913 954 προσεποιήσατο
930 870 1230 954 Λακεδαιμονίους.
1266 863 1331 954 πρὸ
1354 867 1393 936 δὲ

247 971 305 1054 τῆς
325 972 475 1056 Κροίσου
492 962 595 1056 ἀρχῆς
616 968 738 1047 πάντες
756 965 914 1054 Έλληνες
936 959 1023 1056 ἦσαν
1045 969 1238 1060 ἐλεύθεροι·
1270 967 1392 1060 τὸγὰρ

245 1133 331 1184 Sed
323 1149 351 1182 ιιι
375 1134 503 1198 proximis
532 1136 622 1186 verbis
645 1128 718 1200 πρὸς
742 1132 791 1202 βο-

245 1201 313 1268 ρέην
335 1195 464 1268 ἄνεμον
486 1205 681 1257 abundantiam
706 1222 790 1270 quan·

245 1273 307 1324 dam
326 1274 457 1324 orationis
476 1276 579 1326 vidisse
601 1277 666 1326 mibi
685 1277 788 1338 videor,

245 1344 279 1394 de
298 1360 352 1412 qua
368 1345 440 1394 idem
464 1346 627 1396 Lambertus
650 1348 750 1397 Bosius
769 1347 787 1396 1.

245 1413 263 1466 l.
280 1431 306 1480 p.
321 1415 364 1466 31.
384 1414 454 1464 Add.
471 1416 584 1466 Weiske
593 1416 627 1468 de
638 1416 788 1482 pleonasm.

244 1501 272 1549 p.
298 1486 341 1535 41.
365 1485 419 1534 Pro
445 1485 520 1550 vulg.
549 1483 640 1551 βορῆν
662 1503 724 1537 cnm
748 1503 788 1537 re·

245 1561 330 1606 centt.
357 1553 418 1604 edd.
450 1556 548 1619 scripsi
574 1553 692 1621 βορέην,
716 1563 746 1606 ut
769 1557 792 1620 1,

246 1625 306 1674 171.
336 1623 500 1674 Bredovium
532 1631 643 1678 secutus
675 1643 701 1692 p.
731 1628 792 1690 119,

244 1694 292 1744 ubi
310 1694 372 1744 vide
409 1694 478 1746 lura.

280 1751 365 1822 οὗτος
388 1710 406 1814 g
427 1764 596 1832 quioocJ,
600 1765 687 1829 ,Haec
709 1767 793 1818 verba

243 1834 357 1886 laudare
375 1835 484 1886 videtur
507 1836 632 1900 ΑμοΙΙοιι.
655 1838 791 1903 Dyscolus

244 1905 278 1956 de
291 1921 413 1988 prouom
424 1922 489 1986 pag.
503 1906 554 1958 333
569 1907 611 1958 ed
622 1909 732 1959 Beklr.“
746 1909 789 1958 Cr.

184 2012 188 2020 .
280 1968 337 2056 πρὸ
356 1969 387 2026 δὲ
405 1976 456 2040 τῆς
463 1969 630 2096 Κροι’σοο’
607 1976 703 2054 αρχῆς
718 1970 790 2026 πάν-

243 2061 287 2103 τες
293 2035 472 2110 ΗΕλληνες
457 2060 529 2110 qous
549 2038 710 2113 ἐλεύθεροι]
730 2049 791 2098 Ηοο

243 2118 290 2166 vix
313 2131 407 2164 verum
437 2115 545 2166 omuino
576 2117 663 2166 videri
691 2119 790 2168 statuit

244 2186 404 2250 Marquardt
421 2186 463 2235 De
487 2186 588 2248 Cyzico
609 2202 636 2251 p.
659 2189 693 2238 55
711 2204 787 2253 seqq.

244 2254 462 2320 quandoquidem
493 2254 535 2304 vel
567 2261 649 2306 autea
672 2257 790 2308 Graeco·

246 2341 304 2376 rum
332 2339 375 2375 res
400 2341 417 2374 a
440 2324 577 2388 Lydorum
600 2327 709 2392 regibus
732 2343 790 2378 sus·

244 2409 343 2461 pensas
378 2394 576 2458 quodammodo
612 2398 696 2448 luisse
728 2399 790 2448 inde

244 2471 348 2530 pateat,
373 2465 445 2529 quod
470 2481 525 2515 non
548 2465 601 2514 uisi
624 2469 708 2534 Gygis
732 2485 791 2534 per·

244 2537 329 2586 missu
348 2535 473 2599 Abydum
490 2535 661 2586 condiderint
678 2539 789 2602 Milesii,

244 2611 315 2657 teste
341 2605 477 2655 Strabone
502 2605 579 2655 xm.
605 2623 630 2671 p.
650 2609 714 2660 590:
738 2611 791 2673 Qui

245 2677 269 2728 si
286 2676 359 2742 regis
383 2675 503 2740 potentis
527 2677 670 2742 omniaque
690 2680 791 2730 circum

245 2748 319 2797 circa
336 2746 450 2811 imperio
469 2760 519 2796 suo
537 2750 654 2798 tenentis
675 2750 791 2800 auctori-

245 2821 329 2866 tatem
353 2817 382 2866 iu
406 2816 472 2866 urbe
504 2815 644 2868 condenda
668 2835 791 2885 respexe-

245 2885 313 2946 rint,
333 2887 378 2934 vix
390 2885 453 2934 inde
467 2885 592 2936 concludi
609 2891 719 2953 poterit,
733 2906 791 2941 ecs-

245 2956 305 3006 dem
322 2971 376 3005 non
391 2955 490 3005 liberos
511 2956 603 3021 luisse,
617 2975 650 3010 ao
665 2961 790 3012 subditos

244 3027 298 3075 iam
300 3025 454 3106 Lydorum
472 3026 592 3092 regibus.

278 3087 311 3144 τὸ
329 3088 382 3160 γὰρ
400 3095 566 3162 Κιμμερίων
588 3091 746 3164 στράτευμα
763 3115 788 3148 ιι.

243 3181 267 3214 τ
285 3163 395 3230 7..1.ε]
380 3165 537 3232 alveosque
549 3167 789 3219 Cimmerioncnetc·

239 3229 347 3297 peditrb'
356 3245 446 3286 contra
463 3235 558 3288 Ioniam
575 3247 706 3302 susceptu,
725 3255 790 3304 quae

244 3301 568 3372 &anapauomenon
585 3309 732 3392 oppidorum
740 3310 790 3371 suit

243 3374 387 3426 redactio
377 3393 402 3427 ur
416 3385 572 3442 potestatem,
589 3380 637 3428 sed
648 3382 741 3442 rupina
755 3395 789 3430 ια

244 3446 393 3497 incursione.
411 3446 527 3499 Dicendi
545 3461 631 3534 qenus
650 3448 789 3530 psulodu-

244 3514 300 3564 rius
317 3517 424 3567 videtur
441 3531 504 3596 μιο.
525 3533 559 3566 ον
580 3513 788 3599 κατεστρέψατο

243 3577 292 3640 τὰς
310 3578 414 3650 πόλεις,
428 3579 498 3636 ἀλλὰ
515 3578 543 3648 ἐξ
562 3578 752 3652 ἐπιδρομῆς’
738 3603 787 3651 ηρ

241 3646 382 3718 πάξαιτο,
412 3663 442 3706 ut
471 3657 568 3707 Krebs.
593 3658 789 3720 interpretatus

243 3723 260 3772 l.
281 3723 299 3774 l.
318 3740 345 3789 p.
366 3725 408 3779 19.
434 3727 515 3788 Hinc,
539 3731 651 3776 auctore
674 3727 785 3776 Caesar.

242 3793 284 3842 De
303 3809 386 3845 carm.
414 3796 460 3847 Gr.
488 3795 556 3861 eleg.
582 3795 680 3872 origin.
703 3793 785 3858 (Mar-

242 3861 320 3928 burg
343 3861 452 3916 1837.8
436 3865 463 3928 8)
483 3855 666 3927 καταστροφὴ
685 3868 727 3913 est
743 3880 784 3913 oc-

241 3937 350 3998 cupario,
376 3950 430 3984 non
454 3933 570 3984 eversio.
604 3933 645 3982 Ad
670 3932 783 3984 locutio-

242 4017 302 4051 nem
321 3995 353 4064 ἐξ
368 3995 524 4065 ἐπιδρομῆς
536 4001 579 4050 Cr.
592 3999 686 4051 laudat
701 4003 783 4057 Paua.

243 4071 304 4134 VH,
321 4073 364 4123 15.
383 4076 409 4134 5.
429 4071 470 4121 11.
499 4071 541 4119 uu
565 4070 635 4120 adde
655 4073 692 4120 sis
711 4072 783 4122 Plat.

242 4139 275 4188 de
293 4142 333 4191 Re
351 4139 424 4205 publ.
437 4140 470 4187 X.
481 4155 507 4202 p.
527 4139 579 4190 619
589 4139 625 4190 Ι).
644 4140 783 4192 Plutarch.

241 4211 342 4274 Antoq.
363 4208 407 4258 89.

275 4279 354 4328 Ηιιιιο
378 4275 580 4326 cimmeriorum
603 4276 784 4328 incursionem

241 4347 331 4411 Ardye
341 4344 426 4408 Lydis
446 4345 594 4410 imperante
605 4351 667 4410 post
681 4345 785 4411 Gygem

841 1134 990 1197 accidisse,
1015 1135 1074 1200 ipse
1091 1136 1191 1186 Noster
1215 1136 1300 1186 refert
1318 1137 1392 1186 inira

841 1221 866 1255 c.
887 1205 928 1256 15.
948 1204 1019 1255 Add.
1038 1206 1061 1268 1,
1082 1207 1123 1257 16.
1145 1207 1204 1258 193.
1224 1207 1272 1270 Ν,
1290 1207 1332 1256 11.
1349 1209 1390 1258 11,

841 1276 932 1337 Quare
946 1274 1079 1325 Herodoti
1095 1277 1257 1341 antiquioris
1274 1279 1391 1326 auctori·

842 1349 926 1395 tatem
949 1345 1112 1396 Straboni
1105 1362 1163 1396 rure
1180 1347 1388 1412 praeferendam

841 1414 917 1464 ducit
935 1414 1050 1466 Wessel.
1069 1415 1120 1467 Ille
1139 1418 1210 1468 euim
1230 1417 1265 1481 (1.
1283 1433 1309 1482 p.
1330 1418 1347 1468 6
1365 1433 1388 1468 s.

840 1501 867 1550 p.
887 1485 929 1534 11.
947 1485 1000 1536 ΙΠ.
1016 1501 1043 1550 p.
1058 1487 1108 1537 149
1120 1503 1143 1536 s.
1160 1503 1187 1552 p.
1202 1487 1265 1552 111)
1277 1488 1388 1538 Homeri

845 1556 902 1605 iere
925 1557 1092 1620 temporibus
1121 1557 1326 1607 Cimmeriorum
1350 1559 1388 1606 in·

843 1625 985 1675 vasiouem
1004 1626 1146 1678 adscribit.
1180 1627 1213 1676 Id
1234 1627 1306 1692 qnod
1324 1628 1388 1677 Lar·

844 1695 924 1745 chero
948 1696 989 1746 ita
1006 1696 1205 1747 conciliandum
1234 1697 1387 1760 videbatur,

843 1771 873 1814 ut
899 1765 970 1816 duae
992 1767 1094 1817 suerint
1117 1767 1322 1818 cimmeriorum
1345 1784 1389 1817 ex-

844 1835 1005 1900 peditiones,
1024 1837 1111 1887 altera
1128 1838 1271 1902 posterior,
1284 1838 1317 1888 de
1335 1853 1389 1902 qua

842 1906 998 1956 Herodotus
1020 1908 1169 1972 scripserit,
1193 1907 1282 1958 altera
1303 1909 1388 1972 prior,

842 1976 1005 2028 Homericae
1023 1984 1071 2027 aut
1089 1978 1241 2028 remotioris
1257 1977 1326 2028 adeo
1344 1994 1388 2028 ae

842 2047 917 2108 tutis,
937 2047 1014 2096 cuius
1029 2048 1173 2112 Euripides
1194 2064 1301 2113 quoque
1316 2065 1389 2098 meu·

841 2116 943 2166 tionem
966 2117 1061 2167 iecerit
1085 2119 1113 2166 iu
1140 2119 1230 2183 lplrip.
1252 2119 1280 2166 in
1304 2119 1388 2170 Taur.

843 2186 911 2238 1106
929 2202 989 2252 sqq.
1010 2187 1151 2254 (lll3al.)
1171 2204 1226 2238 rem
1245 2194 1388 2252 poetarum

841 2272 915 2306 more
933 2257 1020 2322 magis
1039 2274 1183 2320 exornans,
1208 2274 1269 2308 cum
1292 2258 1325 2308 de
1344 2275 1387 2308 nr·

841 2326 921 2376 bibus
950 2335 1057 2378 enarret
1087 2328 1197 2390 dirutis,
1227 2343 1297 2393 quae
1322 2335 1388 2380 tuuc

842 2397 970 2461 temporis
997 2413 1031 2447 ne
1055 2399 1186 2449 exsistere
1210 2399 1318 2464 quidem
1341 2415 1389 2464 po·

842 2467 953 2518 tuerint.
979 2468 1065 2519 Aliter
1088 2469 1176 2518 visum
1199 2474 1241 2518 est
1263 2468 1388 2534 Volueyo

844 2535 882 2598 (in
901 2537 996 2601 Suppl.
1013 2539 1030 2588 1
1047 2538 1169 2589 l'Hcrod.
1190 2538 1223 2588 de
1240 2537 1340 2588 Larch.
1359 2554 1387 2603 p.

844 2608 877 2658 75
901 2623 937 2655 se.
962 2607 1024 2657 coll.
1050 2625 1076 2673 p.
1102 2609 1133 2658 71
1159 2609 1219 2674 ss),
1238 2611 1297 2673 qui,
1316 2623 1388 2673 quae

843 2677 914 2740 apud
940 2677 1101 2728 Strabonem
1125 2683 1152 2740 et
1175 2677 1333 2742 Euripidem
1351 2678 1388 2728 le-

842 2753 958 2812 guntur,
983 2748 1115 2798 hactenus
1139 2763 1192 2798 uon
1216 2747 1388 2798 incredibilia

841 2821 929 2881 putet,
953 2819 1026 2881 quod
1048 2834 1115 2884 gens
1139 2833 1224 2883 vaga,
1249 2817 1387 2868 Nomades

842 2891 951 2948 vocant,
965 2888 1060 2954 utique
1078 2889 1159 2938 trium
1177 2893 1328 2952 quatuorve
1346 2901 1387 2937 se-

841 2956 962 3007 culorum
981 2959 1096 3010 decursu
1115 2957 1196 3009 lacile
1207 2958 1298 3023 plures
1317 2957 1387 3007 adeo

841 3112 902 3147 cere
921 3099 1049 3162 potuerit
1080 3100 1124 3148 Ex
1141 3097 1275 3147 Herodoti
1293 3101 1384 3146 autem

841 3167 908 3218 locis
926 3167 959 3216 de
985 3168 1188 3218 cimmeriorum
1207 3166 1386 3232 expeditioni-

841 3236 892 3286 bus
918 3239 1025 3287 omnino
1056 3237 1190 3303 duplicem
1215 3236 1385 3286 invasionem

841 3306 909 3357 boue
927 3307 1058 3372 distingui
1082 3322 1163 3371 posse
1186 3305 1256 3356 idem
1281 3311 1385 3368 censet,

839 3377 956 3440 priorem
973 3377 1072 3441 Ardyis
1097 3375 1159 3440 (699
1177 3392 1203 3428 a.
1222 3375 1296 3440 Chr.)
1318 3381 1386 3425 tem·

839 3462 914 3510 pore,
929 3447 963 3496 de
981 3462 1034 3511 qua
1044 3445 1146 3496 Herod.
1160 3446 1182 3506 I,
1197 3445 1236 3506 15,
1257 3445 1282 3506 6,
1294 3451 1385 3509 poste

839 3517 937 3566 riorem
960 3515 1078 3579 Alyattis
1107 3519 1134 3563 et
1163 3514 1295 3578 Cyaxaris
1319 3520 1385 3564 tem·

839 3601 913 3666 pore,
933 3584 966 3634 de
985 3599 1039 3648 qua
1056 3583 1158 3632 Herod.
1178 3583 1200 3643 l,
1222 3583 1279 3635 103.
1306 3585 1383 3647 Quae

838 3656 898 3719 ipsa
916 3653 988 3703 baud
1006 3652 1064 3702 scio
1084 3667 1119 3701 au
1136 3650 1233 3702 melius
1252 3653 1287 3704 ad
1303 3669 1384 3704 unam

837 3723 1003 3786 eandemque
1036 3721 1205 3772 invasionem
1242 3724 1383 3773 continua-

836 3799 901 3855 tam,
929 3791 1028 3857 Ardyis
1055 3789 1182 3856 (quiere
1206 3809 1232 3842 a.
1256 3792 1317 3842 cur.
1344 3808 1384 3843 re-

835 3877 919 3928 gnare
944 3861 1044 3926 coepit)
1064 3867 1184 3926 tempore
1203 3863 1340 3926 inceptam
1357 3869 1385 3912 et

834 3931 919 3982 multo
932 3938 993 3997 post
1012 3932 1118 3983 demum
1131 3931 1180 3981 sub
1192 3930 1303 3996 Alyatte
1319 3947 1384 3997 rege
1484 3943 1485 3946 ’

836 3999 897 4066 (617
916 4018 941 4052 a.
962 3999 1040 4065 Chr.)
1066 4001 1170 4052 linitam
1195 4001 1308 4064 expulsa
1329 4002 1384 4052 ista

835 4075 916 4137 geute
935 4071 997 4134 (614
1016 4088 1041 4125 a.
1061 4071 1137 4136 cur.)
1157 4071 1252 4121 referri
1271 4077 1383 4135 queant.

835 4142 950 4192 Exstitit
982 4146 1079 4205 postea
1100 4140 1238 4201 Hancine,
1263 4140 1309 4204 qui
1333 4140 1384 4206 (lo-

836 4225 897 4260 cum
917 4210 1056 4259 indicante
1081 4207 1146 4272 Cr.)
1172 4209 1267 4260 subtili
1291 4209 1383 4274 dispu-

834 4280 948 4341 tatione,
968 4293 1038 4342 quae
1061 4277 1167 4329 Callinc
1190 4279 1295 4329 inserta
1317 4279 1384 4344 legi·

835 4353 889 4411 tur,
914 4363 941 4412 p.
967 4346 1018 4398 199
1042 4362 1102 4412 sqq.
1127 4347 1221 4399 itidem
1247 4347 1383 4414 duplicem
1458 4399 1462 4406 ,
