3096 4930
585 247 832 309 EU'PHRPE.
855 247 897 310 ΙΙ.
918 253 945 310 7.

1246 211 1247 214 Ὺ
1273 247 1329 308 ιιι

199 448 290 507 uros,
307 423 407 492 ἐοῦσα
428 425 516 492 πᾶσι
532 415 635 510 ὑπτίη
649 447 685 492 τε
702 423 757 494 καὶ
770 419 917 514 ἄνυδρος
934 423 991 492 καὶ
1010 419 1092 502 ἰλύς.
1121 425 1191 490 ἔστι
1206 419 1244 492 dl
1257 415 1335 502 ὁδὸς

199 622 261 674 edd.
283 623 417 672 Herodoti
434 628 462 674 et
479 623 630 675 Strabonis.
649 624 741 676 Helio·

198 691 269 758 polis
294 693 372 755 urbs,
398 693 475 744 cuius
493 694 649 745 sacerdotes
666 694 705 756 ΙΙ,
724 695 740 747 3

199 730 390 825 memorantur,
409 779 425 812 a
439 765 506 814 mari
520 763 739 828 (mediterraneo)

199 837 303 883 remota
325 833 379 882 init
406 833 479 884 millo
503 835 659 899 quingentis
684 839 740 885 sta-

199 903 265 964 diis,
285 907 355 952 teste
373 904 528 966 Herodoto,
547 920 662 969 quocum
676 905 741 954 Dio·

199 973 280 1023 dorus
298 973 320 1035 Ι,
339 973 372 1022 57
391 975 626 1038 recentiorumque
648 973 740 1025 Gallo-

198 1058 257 1094 rum
279 1043 435 1094 testimouie
459 1045 641 1095 consentiunt.
678 1045 740 1096 vid.

198 1111 315 1164 Iomard.
335 1113 472 1178 Descript.
491 1113 525 1164 de
542 1114 613 1178 l'Eg.
629 1115 739 1180 Antiqq.

199 1185 212 1233 Ι
231 1182 258 1244 (3
275 1182 402 1247 livrais.).
421 1199 483 1248 pag.
501 1185 561 1234 llll.
584 1185 645 1235 508.
670 1186 739 1236 Nam

198 1257 274 1304 recta
299 1251 370 1301 linea
392 1253 548 1318 Heliopolin
572 1269 588 1303 a
611 1256 680 1304 muri
701 1255 740 1304 di-

198 1329 272 1372 stare
291 1320 402 1384 151‚000
421 1329 507 1374 metra
520 1321 655 1388 (metros),
675 1341 739 1390 quo-

198 1407 255 1442 rum
274 1397 382 1442 centum
400 1393 456 1444 lere
469 1409 550 1443 unum
569 1394 685 1444 stadium
699 1395 739 1445 el·

197 1462 300 1513 ficiunt.
328 1462 471 1513 Strabonis
483 1463 572 1514 locum
582 1465 740 1528 primarium

198 1533 231 1584 de
258 1531 309 1582 hac
331 1533 398 1582 urbe
424 1533 514 1583 XVII.
542 1549 605 1599 pag.
631 1535 739 1586 1158ss

197 1617 261 1667 pag.
287 1601 338 1654 805
358 1618 415 1666 seq.
438 1605 594 1654 accuratius
619 1605 741 1654 excussit

198 1671 405 1723 Schlichtborst.
417 1672 437 1724 l.
455 1673 472 1722 l.
487 1689 549 1738 pag.
571 1674 605 1724 85
623 1689 690 1738 seq„
709 1679 740 1724 ut

199 1757 302 1806 exque
321 1742 389 1792 satis
408 1747 516 1808 pateat,
539 1743 695 1808 Heliopolin
712 1749 739 1794 at

199 1815 276 1862 extra
298 1812 380 1862 Delta
403 1813 487 1862 luisse
507 1819 534 1863 et
552 1812 614 1863 Nilo
632 1815 667 1864 ab
688 1814 739 1863 ori·

199 1886 261 1932 ente
284 1883 450 1965 oppositam,
463 1883 641 1948 'eandemque
669 1899 738 1945 esse,

197 1965 266 2017 quae
284 1953 369 2000 sacris
388 1953 415 2001 in
431 1951 518 2002 literis
536 1953 688 2016 appelletur
701 1953 738 2003 On

196 2021 386 2102 (septuaginta
398 2023 557 2086 interpretes
568 2039 673 2087 semper
680 2023 738 2072 red

196 2092 264 2141 dunt
283 2081 335 2140 ‘lH
339 2083 495 2155 ιούιιολιιι),
516 2107 598 2142 unam
617 2094 650 2143 de
668 2093 739 2158 prin·

196 2161 301 2226 cipibus
318 2161 436 2226 Aegypti
453 2162 580 2224 urbibus,
599 2162 739 2213 literarum

197 2235 224 2280 et
253 2231 393 2280 doctrinae
426 2200 605 2282 sacerdotalis
637 2233 738 2284 sedem.

196 2302 219 2350 Α
240 2299 358 2364 Memphi
382 2316 436 2350 non
462 2301 605 2352 admodum
634 2309 739 2354 remota

197 2371 263 2432 luit,
287 2370 335 2420 sed
353 2371 380 2420 in
402 2371 526 2422 orientali
546 2372 602 2422 Nili
618 2374 676 2438 ripa
695 2389 739 2423 ex-

195 2445 315 2503 structa,
336 2439 417 2505 paulo
437 2442 508 2491 infre
524 2443 573 2492 sub
588 2443 675 2507 ipsum
693 2444 739 2493 Ni-

194 2511 249 2561 lum
262 2511 289 2560 in
302 2510 354 2560 duo
364 2511 476 2561 brachia
486 2511 641 2563 dissectum.
669 2513 738 2563 Con-

194 2581 346 2646 spiciuntur
368 2581 456 2631 adhue
478 2583 578 2631 rudera
596 2599 678 2648 prope
698 2584 739 2632 vi·

195 2667 270 2711 cum,
295 2651 343 2715 qui
365 2651 466 2700 dicitur
491 2651 614 2702 illatarea
633 2669 655 2702 s.
676 2653 738 2702 Ma-

194 2719 304 2779 ttariel,
328 2721 374 2770 ubi
398 2726 440 2770 est
463 2721 524 2771 lons
549 2721 620 2772 Solis
643 2739 666 2774 s.
687 2723 737 2772 :lin

195 2791 311 2851 Schema,
330 2791 358 2840 in
378 2792 503 2856 regione,
521 2807 590 2858 quae
607 2808 680 2842 nunc
691 2809 737 2842 vo·

194 2865 273 2910 catur
296 2859 413 2910 Kolirrbie
439 2861 474 2910 ab
503 2862 569 2911 urbe
592 2863 738 2912 recentiori

194 2929 299 2989 Italicis,
319 2930 346 2978 in
368 2945 421 2994 quo
440 2931 499 2995 ipso
517 2932 670 2996 Heliopolis
689 2949 737 2983 no-

194 3015 257 3049 men
272 2999 393 3048 nonnihil
402 3005 536 3050 mutatum
549 3003 678 3066 cognosci
691 3019 737 3052 vo·

194 3069 263 3119 lunt.
300 3069 511 3120 Accrrratissime
535 3072 738 3135 descripserunt

194 3139 268 3189 docti
287 3137 359 3188 Gelli
377 3139 405 3188 in
424 3141 517 3190 Descr.
540 3141 572 3190 tle
590 3141 662 3206 rag.
683 3143 737 3192 An-

115 3247 120 3258 .
194 3210 263 3274 tiqq.
288 3211 308 3257 t.
332 3208 370 3258 Il.
389 3208 491 3261 livrais.
511 3211 536 3261 3.
561 3211 639 3275 cbap.
660 3213 735 3262 XXI.

193 3295 220 3344 p.
241 3277 350 3342 3seqq.
388 3279 429 3329 Tu
448 3280 502 3330 vid.
523 3282 605 3330 etiarn
622 3281 734 3332 Rennel

193 3349 211 3398 l.
233 3348 250 3398 l.
269 3363 332 3413 pag.
344 3345 404 3398 598.
423 3349 474 3400 623
493 3351 545 3400 et
537 3351 660 3415 inprimis
679 3352 736 3400 Rit-

194 3425 248 3469 ter.
282 3417 475 3471 HrdlrundeI.
494 3435 557 3485 pag.
574 3419 636 3471 823.
671 3421 737 3469 For-

192 3487 305 3555 bigerl.
324 3487 342 3537 l.
359 3504 385 3552 p.
404 3489 464 3539 783.
494 3437 602 3540 pelam
621 3489 735 3539 Trevels

192 3565 245 3610 etc.
265 3558 303 3621 11,
321 3559 346 3608 2.
364 3575 391 3623 p.
415 3558 656 3622 1000011.p.vl1.
681 3560 735 3609 Sed

192 3631 282 3689 luere,
315 3628 361 3692 qui
384 3633 497 3679 auctore
519 3630 627 3694 Bryano
652 3628 737 3694 dupli-

192 3715 251 3751 cem
268 3697 425 3762 Heliopolin
447 3698 541 3748 urbem
569 3698 736 3763 distinguen-

193 3771 256 3820 dam
275 3783 336 3818 esse
360 3767 505 3828 docerent,
532 3767 645 3818 alteram
671 3769 737 3818 Ara-

192 3840 296 3900 bicam,
330 3838 407 3887 cuius
434 3837 606 3888 Ptolemaeus
630 3853 737 3902 quoque

192 3907 356 3969 meminerit,
381 3907 415 3956 ad
439 3907 545 3957 laevam
564 3907 668 3958 canalis
687 3909 738 3958 Pe·

191 3977 303 4036 lusiaci,
322 3993 339 4026 a
350 3977 420 4026 mari
432 3993 455 4027 ιι
448 3977 628 4038 ἰιιιιιιιιιιΙιιιΙιι,
646 3977 735 4040 sitam,

192 4047 239 4096 ubi
263 4061 335 4096 nunc
352 4047 429 4096 vicus
448 4048 586 4106 Matarea;
601 4046 734 4110 alteram,

193 4117 309 4182 priorem
329 4120 357 4166 et
376 4116 410 4166 ab
423 4117 564 4166 Herodoto
577 4131 736 4166 commemo-

193 4191 293 4246 ratam,
318 4185 345 4234 in
369 4186 429 4250 ipso
453 4185 536 4236 Delta
559 4185 640 4234 sitam
662 4186 735 4235 intra

193 4255 404 4318 Sebennyticum
423 4260 450 4305 et
471 4256 636 4319 Canopicum
656 4271 736 4306 cana-

193 4323 256 4375 lem.
292 4324 346 4374 Sed
371 4324 404 4376 de
427 4325 478 4376 hac
501 4324 638 4390 Heliopoli
656 4341 735 4380 nemo

791 631 912 676 veterum
942 626 1089 692 quidquam
1115 625 1241 690 protulit,
1267 625 1334 676 mul·

791 699 902 762 tumque
925 697 1017 758 abest,
1040 699 1071 745 ut
1089 696 1227 758 conlusio,
1253 710 1334 761 quam

791 765 838 816 isti
853 767 999 828 somnient,
1018 764 1139 829 tollatur,
1159 770 1190 816 ut
1206 733 1273 816 alico
1286 781 1334 816 au-

791 841 896 902 geatur.
923 836 1013 897 Quare
1024 835 1170 896 Larcbsro,
1181 835 1253 899 aliis,
1261 836 1334 886 hanc

790 904 953 956 sententiam
992 905 1232 969 amplectentibus,
1274 907 1333 956 inre

791 975 934 1026 oblocutus
952 974 1187 1039 esthampollio:
1211 973 1332 1040 l'Hgypt.

792 1061 856 1096 sous
882 1044 900 1096 l.
923 1045 1005 1095 Phar.
1036 1044 1074 1094 II.
1097 1059 1160 1109 pag.
1188 1043 1222 1095 36
1245 1060 1331 1110 seqq,

792 1118 839 1180 qui
856 1115 1011 1180 vulgatam,
1031 1129 1111 1178 quam
1130 1129 1179 1164 nos
1194 1115 1333 1178 proposui-

790 1201 850 1236 mus
869 1186 903 1236 de
912 1185 988 1235 urbis
1002 1183 1191 1234 celeberrimae
1207 1185 1262 1232 situ
1274 1199 1334 1234 sen·

791 1255 919 1316 tentiam,
937 1255 1008 1304 idem
1026 1253 1167 1318 probavit,
1186 1253 1333 1304 accedente

791 1326 935 1375 Menuerto
960 1325 988 1374 iu
1012 1324 1111 1388 (iacgr.
1135 1324 1168 1386 X,
1192 1325 1215 1372 l.
1235 1339 1261 1386 p.
1280 1323 1330 1374 481

790 1411 847 1460 seq.
866 1394 926 1446 535.
962 1397 999 1445 Et
1019 1397 1083 1444 ante
1103 1391 1332 1458 Cbampollionem

791 1465 929 1529 copiosius
954 1464 1140 1514 disseruerunt
1163 1463 1235 1513 docti
1261 1461 1333 1514 Galli

791 1533 847 1597 illi,
877 1549 945 1600 qnos
970 1533 1114 1584 citavimus
1139 1532 1168 1592 l.⁴
1183 1532 1200 1582 l.
1226 1548 1290 1597 pag.
1315 1531 1332 1584 t

790 1620 866 1669 seqq.
878 1603 1008 1655 Larcheri
1025 1603 1192 1668 aliorumque
1205 1603 1333 1667 opinione

789 1675 899 1724 reiecta.
940 1675 983 1724 Tu
1005 1674 1062 1724 vid.
1083 1673 1254 1737 potissimum
1277 1673 1332 1723 He·

789 1744 848 1795 rotl.
878 1745 920 1806 ΙΙ,
944 1745 970 1795 9.
1018 1744 1150 1794 Graecum
1180 1742 1332 1807 Heliopolis

789 1829 886 1864 nomen
896 1830 955 1864 cum
970 1813 1105 1878 Aegyptio
1116 1813 1260 1863 convenire
1269 1817 1332 1878 post

789 1884 929 1936 Iablonslr.
964 1883 1081 1950 (Opusc.
1101 1883 1123 1932 I.
1144 1899 1170 1947 p.
1192 1883 1249 1934 184.
1272 1883 1332 1948 185)

789 1953 881 2003 multis
911 1953 1014 2018 placuit
1040 1953 1107 2002 viris
1134 1953 1222 2002 doctis
1248 1957 1274 2002 et
1304 1953 1333 2002 in

789 2023 831 2073 his
863 2023 1060 2089 Champollioui
1093 2021 1112 2072 l.
1142 2022 1159 2072 l.
1191 2037 1254 2087 pag.
1286 2021 1331 2073 40.

790 2095 836 2155 41,
859 2093 884 2154 pi
907 2093 1014 2158 quidem
1038 2091 1089 2154 On,
1119 2108 1173 2157 quo
1196 2091 1331 2142 vacabulo

790 2164 872 2214 etiam
884 2163 987 2228 Goptae
998 2162 1092 2212 urbem
1102 2161 1266 2228 significant,
1281 2161 1332 2212 Ae·

790 2234 944 2298 gyptiorum
961 2233 1055 2298 lingua
1064 2233 1176 2282 denotat
1190 2236 1276 2294 lucem,
1290 2247 1332 2281 so·

789 2306 845 2354 lem.
883 2304 916 2354 In
934 2303 1007 2354 notis
1026 2301 1236 2367 hieroglyphicis
1255 2301 1331 2352 urbis

788 2389 884 2424 nomen
903 2374 1031 2424 scribitur
1041 2372 1130 2422 tu-lic‘
1149 2374 1207 2422 sive
1223 2371 1331 2436 ιιι-ΙΙΙ,

788 2443 1048 2495 imbolissimus.

823 2504 910 2562 ἰοῦσα
933 2502 1128 2577 πᾶσαιπτίη]
1146 2502 1274 2574 ὑπτίη,Ι
1267 2527 1286 2561 ι.
1306 2525 1330 2562 e.

787 2586 1008 2710 {illabili
1017 2583 1178 2716 363ῖῖ33
1190 2583 1331 2700 iiiiii?

789 2724 867 2788 ponit
880 2739 914 2772 τα
903 2715 1025 2787 ὁμαλὰ,
1046 2721 1163 2785 indeque
1177 2719 1330 2786 Schweigb.

789 2793 828 2857 (in
846 2793 939 2843 Lexic.
961 2791 1064 2842 Herod.
1090 2806 1113 2841 s.
1132 2788 1174 2852 v.)
1196 2805 1250 2838 uon
1275 2794 1331 2840 tam

787 2866 879 2926 supina
897 2861 973 2913 reddi
990 2860 1064 2922 vult,
1085 2873 1181 2923 quam,
1200 2863 1230 2907 ut
1249 2859 1331 2910 aduc·

787 2936 895 2982 taverat
913 2935 948 2982 Η.
969 2930 1137 2995 Stephanus,
1157 2929 1290 2990 depressa,
1303 2929 1332 2978 id

789 3007 830 3052 est
853 3003 1013 3064 canipestris,
1037 3015 1084 3049 non
1108 3005 1229 3048 nraniosu.
1266 2998 1332 3048 Lar·

788 3073 885 3122 cherua
908 3071 1090 3122 Horatianum
1118 3067 1186 3118 illud
1212 3067 1330 3132 profert:

787 3143 900 3204 supinum
925 3141 1011 3190 Tibur
1042 3137 1106 3202 (Od.
1133 3138 1190 3199 ΙΙΙ,
1219 3139 1249 3200 4,
1275 3137 1330 3204 23),

788 3211 836 3260 sed
853 3225 962 3273 vereor,
984 3214 1016 3259 ut
1040 3211 1104 3259 item
1129 3208 1163 3258 de
1180 3207 1262 3258 Delta
1280 3210 1332 3260 Ae·

788 3281 865 3346 gypti
884 3281 938 3330 dici
957 3284 1047 3345 queat.
1086 3281 1177 3342 Quare
1193 3279 1275 3328 etiem
1287 3295 1331 3329 ao

788 3350 883 3402 cedere
901 3365 954 3400 non
973 3364 1084 3414 possum
1103 3351 1259 3399 Hermanno
1278 3351 1332 3398 Bo-

787 3420 868 3470 brik'
861 3435 890 3470 ru
906 3419 1078 3500 Geographia
1092 3417 1224 3469 Herodot.
1241 3433 1268 3480 p.
1279 3419 1331 3468 206

787 3489 872 3540 verba
898 3487 976 3539 πᾶσα
1002 3484 1090 3554 ὑπτίη
1121 3489 1162 3538 sic
1191 3487 1330 3538 reddenti.

787 3558 911 3622 „iiberall
946 3559 1086 3624 allmtihlig
1118 3556 1327 3620 aulsteigeud“;

786 3599 904 3693 luemque
922 3629 1009 3679 solum
1032 3629 1112 3678 buius
1136 3626 1223 3691 partis
1241 3631 1331 3677 terrae

787 3699 942 3764 Aegyptiae
964 3701 1003 3749 ita
1033 3698 1143 3764 planum
1171 3711 1231 3746 esse
1258 3698 1331 3746 inve-

787 3770 875 3830 nitur,
894 3773 925 3818 ut
944 3783 1082 3835 nunquam
1096 3769 1124 3816 iu
1138 3765 1220 3816 altius
1237 3781 1330 3816 ascen·

787 3837 843 3890 dat

822 3898 958 3971 ἄνυδρος]
971 3906 1123 3956 Larclrerue
1141 3906 1235 3955 invitis
1253 3905 1330 3955 libris

788 3975 957 4026 scribendam
987 3980 1080 4025 censet
1102 3965 1240 4038 εὔυδρος,
1265 3976 1284 4026 i.
1305 3991 1330 4026 e.

788 4063 860 4112 aquis
865 4050 978 4126 trrrpaa
996 4043 1145 4110 laudatque
1155 4045 1203 4108 IV
1223 4046 1265 4107 47,
1283 4047 1331 4096 ubi

786 4132 835 4180 pro
845 4106 967 4178 εὔυδρος
980 4115 1036 4164 bini
1048 4116 1111 4166 hbn
1119 4109 1247 4176 ἔνυδρος
1258 4116 1331 4180 quod

786 4185 813 4237 Ιι.
831 4185 850 4234 l.
868 4185 1015 4248 repositum
1034 4185 1167 4235 maluerat
1188 4185 1330 4234 Hennieke

786 4255 814 4304 in
836 4255 983 4305 Commeat.
1003 4254 1036 4304 de
1054 4256 1152 4320 Geogr.
1173 4255 1257 4304 Afric.
1276 4255 1331 4304 He

785 4325 845 4376 red.
863 4339 927 4392 pag.
944 4325 977 4376 ut
996 4325 1148 4392 probatque
1166 4326 1282 4376 Bredov.
1301 4341 1328 4388 p.

1312 4470 1367 4486 Q
