3032 4916
220 265 282 330 680
649 265 916 330 HERODO'I'I

221 449 341 514 τοῦτον
368 443 536 510 ἐπίσταιτο
554 437 613 510 τὸν
629 440 739 529 λόγον.
784 446 888 530 δῆλον
902 441 955 510 ds'·
984 435 1068 508 κατὰ
1086 434 1150 528 γὰρ
1168 437 1302 524 ἐποίησε
1318 437 1357 504 ἐν

218 545 333 619 Ἰλιάδι
346 545 423 628 (καὶ
442 539 574 636 οὐδαμῇ
588 542 672 636 ἄλλῃ
687 543 868 616 ἀνεπόδισε
883 541 1024 629 ἑωυτὸν)
1040 541 1173 630 πλάνην
1189 537 1251 630 τὴν
1263 537 1356 610 Ἀλε-

222 711 447 784 quemadmodum
464 709 570 761 Eltaius
595 727 701 777 quoqne
725 711 764 759 iu·
814 713 960 776 haensero,
978 711 1134 779 quilaudat
1152 711 1175 774 1,
1191 709 1251 762 208.
1272 709 1311 771 ΙΙ,
1333 710 1360 758 o.

223 789 310 846 dicat3
335 783 371 833 cl.
390 781 428 844 ΙΙ,
447 781 505 845 113,
523 781 571 830 ubi
587 781 682 832 itidem
700 780 764 832 reti·
815 784 870 847 ΙΙΙ,
887 783 931 834 86.
961 781 1068 832 hialim:
1086 781 1219 832 secumdam
1237 793 1269 830 ea
1282 794 1305 828 s.
1325 795 1362 828 επ

223 855 341 909 nendum
356 851 450 903 censui
466 841 673 915 6.-μετιέννι
691 853 765 918 (reil-
816 857 861 912 iia,
885 869 966 920 quac,
991 857 1022 902 ut
1045 853 1082 914 ΙΙ,
1106 850 1150 902 99.
1192 849 1362 901 Particularia

223 942 295 988 cere,
313 919 436 987 omittere)
456 920 551 971 eodem
567 921 623 972 lere
640 935 721 972 sensu
740 919 764 984 I,
816 915 883 988 γὰρ,
911 921 1091 988 praecedente
1117 917 1205 984 δῆλον
1227 914 1273 978 dl,
1296 917 1361 969 illn-

223 997 267 1050 3³.
286 995 329 1045 78.
350 991 409 1044 123.
428 991 474 1054 IV,
495 991 539 1042 98.
817 993 943 1043 strabunt
969 1007 1015 1054 ea,
1046 1006 1115 1056 quae
1141 993 1231 1040 monet
1258 987 1361 1039 Matth.

260 1055 399 1130 δηλώσας,
419 1051 457 1118 ὡς
474 1056 521 1109 καὶ
539 1056 644 1110 τοῦτον
654 1074 680 1109 ν.
690 1073 714 1138 g.
728 1057 764 1126 h]
818 1063 863 1118 Gr.
883 1063 930 1114 (ir.
949 1077 1013 1128 pag.
1036 1062 1099 1110 1244
1120 1059 1181 1110 coll.
1199 1057 1259 1110 806.
1289 1058 1362 1109 Con-

224 1137 265 1188 Ad
284 1131 302 1182 d
323 1125 414 1187 λώσνς
430 1131 536 1196 Stegor·
550 1127 669 1194 supplet:
689 1143 766 1193 ομως
817 1134 857 1184 scr
874 1131 975 1183 Herod.
996 1131 1033 1193 ΙΙ,
1055 1131 1114 1181 134.
1151 1129 1191 1180 Ac
1209 1129 1296 1194 siqui
1315 1129 1361 1177 vel

224 1221 253 1272 γε
283 1149 393 1270 cicccc,
424 1201 443 1250 i.
469 1216 492 1250 e.
518 1198 660 1250 declarans
685 1207 766 1249 tamen
816 1193 887 1252 κατὰ
902 1201 946 1252 vel
963 1193 1015 1266 γὰρ
1035 1199 1174 1250 abundare
1192 1199 1309 1263 indeque
1322 1197 1363 1248 al-

224 1276 299 1326 illam
311 1272 504 1330 narrationem,
517 1271 544 1318 in
557 1270 676 1319 carmine
690 1269 767 1334 epico
816 1275 948 1323 tern'trnm
968 1269 1128 1322 eiiciendum
1150 1273 1260 1335 putent,
1284 1273 1363 1318 recte

224 1345 334 1412 quumvis
357 1339 590 1407 praetermissam,
621 1339 690 1388 bene
714 1337 766 1388 sibi
816 1343 894 1393 nobis
912 1347 1056 1406 utrumque
1074 1339 1176 1390 serrari
1192 1354 1273 1404 posse
1285 1338 1364 1387 vide-

225 1421 317 1466 notam
331 1411 426 1462 tuisse.
462 1409 604 1460 Caeterum
623 1407 767 1458 attendant
816 1419 875 1474 tur,
902 1411 981 1462 modo
1005 1409 1095 1460 locum
1121 1409 1161 1459 sic
1182 1407 1362 1474 explicemus:

224 1485 306 1536 velim
324 1481 349 1530 h.
373 1479 393 1532 Ι.
419 1479 447 1542 ii,
465 1479 511 1544 qui
529 1493 635 1529 omnem
653 1477 766 1528 aliorum
817 1481 864 1544 „id
881 1497 946 1532 vero
971 1481 1034 1532 inde
1059 1483 1185 1546 apparet,
1208 1479 1364 1529 etenimex

225 1553 378 1619 mythornm
413 1549 596 1614 cognitionem
627 1553 766 1612 artemque
817 1553 864 1614 iis,
890 1567 960 1616 qnae
979 1551 1007 1600 in
1027 1549 1114 1600 Iliade
1133 1550 1245 1610 cecinit,
1265 1547 1365 1614 (appa-

226 1622 332 1690 mythos
357 1635 406 1686 pro
434 1619 561 1668 carminis
584 1617 654 1682 epici
676 1615 767 1667 indole
816 1620 868 1687 ret)
888 1621 1014 1672 Paridem
1027 1645 1060 1657 -
1075 1617 1194 1670 delatum
1209 1619 1288 1670 esre“
1307 1623 1364 1668 etc.

225 1711 258 1746 ac
275 1692 382 1742 ratione
400 1688 537 1738 tractandi
555 1689 673 1738 Homero
693 1687 773 1737 abiu-⁴
819 1693 879 1754 Quo
898 1689 992 1742 eodem
1008 1689 1092 1740 ferme
1103 1689 1186 1739 etiam
1200 1687 1270 1739 redit
1286 1687 1365 1738 Elta.

225 1765 330 1822 dicant3
355 1775 434 1826 quern
458 1758 517 1824 ipse
539 1757 669 1808 historiae
691 1763 768 1822 pater
818 1761 838 1813 l.
855 1761 875 1812 Ι.
893 1776 957 1826 pag.
977 1760 1037 1823 124,
1057 1759 1104 1825 qni
1121 1763 1195 1808 recte
1219 1755 1364 1823 vulgatam

225 1831 352 1885 hocloco
370 1829 474 1880 indicat
496 1827 574 1894 plura
596 1829 768 1893 cognovisse,
817 1831 961 1882 lectionem
979 1831 1065 1880 tuitus
1084 1833 1136 1879 est.

226 1901 420 1970 quamquaain
430 1899 594 1950 carminibus
605 1897 769 1948 declaranda
853 1897 901 1950 acl
916 1893 1029 1964 οὐδαμῆ
1043 1893 1111 1962 ἄλλῃ
1124 1887 1277 1947 ἀνεπόδισε
1294 1886 1366 1945 ἔων-

226 1971 377 2039 putaverit,
396 1985 527 2036 quemque
546 1969 659 2018 eundern
678 1968 706 2017 in
723 1967 769 2017 eli·
819 1961 1366 2038 rhv]ProhatSchweighaeuserusValles

226 2041 321 2109 gendis
340 2041 388 2100 iis,
408 2054 477 2105 qnae
495 2039 621 2089 carminis
639 2037 709 2102 epici
727 2052 769 2087 ra·
819 2041 1083 2106 interpretationem:
1107 2053 1154 2088 nec
1175 2053 1279 2102 mquam
1302 2035 1370 2085 aliti

226 2112 346 2163 tionibus
365 2113 430 2175 apta
446 2108 584 2170 habuerit,
602 2107 671 2157 hanc
682 2108 768 2171 ipsam
820 2119 958 2168 retractat,
979 2111 1003 2160 ai
1020 2115 1165 2160 retractare
1176 2105 1315 2172 intelligas
1325 2107 1367 2156 di-

226 2181 355 2234 oarminis
383 2180 452 2244 epici
478 2182 564 2228 artem
590 2183 769 2240 naturamque
819 2197 915 2232 uersam
943 2177 985 2230 val
1012 2182 1163 2229 macarium
1187 2177 1273 2226 dicere
1298 2178 1366 2232 eine,

226 2255 281 2302 iam
301 2255 456 2316 perceptam
476 2247 605 2296 habuisse
619 2261 703 2310 eaque
722 2243 770 2293 dn·
819 2251 887 2314 quod
900 2252 974 2301 remei
987 2250 1103 2300 dsicimar.
1140 2246 1267 2298 Budaeus
1279 2246 1366 2296 inter-

227 2327 300 2372 ctnm
316 2319 413 2379 fuisse,
433 2317 486 2366 hoc
504 2317 562 2381 ipso
586 2331 619 2365 ex
635 2314 696 2364 loco
715 2313 769 2363 col·
819 2323 942 2383 pretatus
965 2325 1036 2370 erat:
1069 2326 1093 2368 et
1114 2331 1234 2382 nmqrrcm
1254 2315 1316 2366 olibi
1337 2331 1368 2364 re

228 2389 277 2456 ligi
302 2388 417 2452 poterit,
449 2386 477 2434 iu
501 2401 553 2449 quo
580 2399 673 2434 vocem
703 2375 768 2432 ἕπο-
819 2393 898 2453 ipram
915 2393 1054 2450 revocavit,
1075 2388 1102 2437 id
1120 2391 1177 2448 est,
1199 2401 1322 2450 aaronem
1338 2385 1369 2434 id

227 2453 337 2521 ποιΐην,
353 2457 387 2506 ab
398 2453 537 2505 Herodoto
550 2455 672 2518 primum,
686 2469 769 2519 quon·
818 2461 905 2509 iterum
924 2460 1005 2517 dicier
1023 2473 1073 2508 nec
1087 2457 1167 2507 aliter
1180 2455 1236 2506 lere
1250 2457 1287 2506 H.
1299 2455 1363 2506 Ste-

227 2535 284 2580 tum
303 2527 370 2586 scio,
388 2523 538 2574 adhibitam
558 2527 632 2573 recte
650 2523 769 2573 advertit
819 2529 925 2594 phanag
944 2529 971 2578 in
989 2528 1072 2579 Thea,
1092 2526 1110 2579 l,
1124 2527 1170 2578 Gr.
1186 2531 1207 2576 t.
1225 2526 1278 2575 ΙΙΙ.
1297 2539 1365 2589 pag.

227 2597 314 2651 Bode:
331 2595 429 2646 Gesch.
444 2593 470 2643 d.
483 2592 588 2644 Hellen.
602 2593 769 2644 Dichtkunst
821 2599 886 2650 517:
906 2614 954 2660 „ae
963 2601 1041 2660 ipram
1053 2598 1187 2656 revocavit,
1201 2611 1261 2660 pro:
1276 2597 1366 2645 iterim

229 2671 253 2722 1.
271 2683 335 2732 pag·
355 2665 406 2717 317
423 2668 481 2714 Ποῖ·
820 2670 884 2720 idem
915 2667 1012 2720 dircit‘*
1060 2666 1128 2717 Mihi
1156 2666 1245 2730 magis
1273 2664 1367 2730 placet

261 2734 351 2818 dp'lov
368 2732 408 2783 δέ·
431 2723 502 2782 κατὰ
525 2723 578 2796 γὰρ
602 2721 717 2796 ἐποίησε
738 2724 769 2781 ἐν
820 2737 973 2804 Schweigh.
991 2739 1071 2788 ratio.
1110 2735 1188 2786 Occi.
1207 2735 1309 2785 Herod.
1329 2734 1366 2794 V,

223 2799 332 2870 Ἰλιαδι]
346 2805 379 2854 In
392 2803 443 2866 hit,
454 2818 524 2868 quoe
536 2803 676 2852 turbarum
687 2801 769 2867 pleno
818 2807 862 2870 92,
888 2809 965 2858 cuins
984 2812 1073 2858 mosen
1096 2805 1150 2855 loci
1173 2806 1244 2856 ratio
1268 2803 1367 2854 nonci-

228 2877 294 2929 dicit
314 2875 414 2927 struve
428 2873 446 2924 Ι.
467 2873 484 2923 l.
503 2873 526 2922 1.
546 2887 609 2938 pag.
624 2873 668 2934 34,
687 2873 768 2923 libro·
819 2878 856 2928 hil
868 2877 977 2928 diversa
989 2883 1040 2928 est.
1074 2877 1148 2941 Papo
1163 2877 1191 2925 in
1206 2875 1298 2926 Lexic.
1315 2874 1365 2925 Gr.

227 2963 285 2998 rum
308 2945 469 3010 scriptorum
493 2943 684 2993 auctoritatem
708 2959 768 2993 cum
820 2964 843 2999 s.
862 2965 889 2999 r.
910 2949 1172 3012 interpretatnsestr
1186 2944 1255 3006 „das
1271 2943 1368 2994 triiher

228 3015 384 3070 Gaisiordio
408 3017 519 3064 secutus
544 3027 613 3064 sum.
648 3012 707 3063 Nec
729 3028 770 3062 re·
820 3018 939 3084 Gangas
980 3016 1129 3078 contehan,
1169 3013 1365 3072 widerrnlsn“;

228 3083 770 3149 iertaliorumprolerrocommont8‚qui-
820 3103 891 3152 quae
916 3087 1107 3150 interpretatio
1132 3085 1303 3150 ineptissima
1325 3084 1368 3132 vi·

228 3157 278 3206 hus
296 3155 356 3205 loco
375 3153 476 3204 mederi
496 3153 666 3203 studuerunt.
702 3153 770 3203 Post
822 3157 901 3208 detur
919 3157 1055 3208 Bredovio
1078 3155 1097 3206 l.
1117 3153 1145 3214 1..
1171 3155 1217 3219 qui
1242 3155 1299 3220 ipre
1318 3153 1367 3202 rix

228 3215 769 3288 Relatum,quideditamdnsaetstshaa-
820 3227 889 3278 satis
907 3227 992 3288 facit,
1012 3242 1073 3277 cum
1090 3224 1175 3274 verb,
1186 3223 1254 3274 hm
1268 3224 1309 3272 ἢ,
1323 3223 1367 3272 in.

229 3295 329 3356 serum,
357 3292 505 3372 quindedjt
528 3292 607 3342 modo
629 3285 701 3340 κατὰ
725 3285 768 3354 τὰ,
818 3296 905 3362 telligi
923 3295 996 3346 rultr
1025 3295 1211 3359 „coniternm
1229 3294 1367 3358 seipsum

228 3363 307 3414 modo
331 3354 392 3440 παρ’
412 3377 430 3410 α
456 3376 519 3425 γαρ,
543 3361 684 3412 Beklrems
702 3363 769 3412 scri·
821 3366 1014 3432 interrogarit,
1041 3365 1068 3415 id
1085 3371 1128 3415 eet
1143 3379 1196 3413 uon
1212 3364 1308 3414 iterum
1327 3361 1365 3412 ad

228 3433 283 3499 psit
312 3446 384 3481 κατα
410 3431 600 3494 παρεποίησε,
636 3431 769 3495 probante
821 3437 976 3487 memoriam
1002 3451 1079 3486 suam
1106 3434 1261 3496 revocavit,
1292 3431 1367 3496 qaod

226 3501 376 3564 Bredovio,
408 3501 455 3567 qni
482 3501 516 3551 de
546 3501 597 3550 hoc
624 3501 707 3550 verbo
733 3500 769 3551 ad
820 3507 880 3572 ipse
901 3507 969 3557 bene
992 3503 1134 3572 cognovit,
1164 3518 1254 3566 neque
1277 3501 1368 3552 simile

227 3573 345 3624 Jacobs:
369 3570 539 3622 Vermiachte
555 3569 667 3621 Schritt.
685 3571 718 3620 V.
741 3587 768 3636 p.
820 3575 949 3642 quiddam
974 3590 1006 3625 oo
1029 3579 1157 3639 spectans
1182 3573 1320 3632 adhibuit,
1342 3572 1365 3621 i.

228 3642 279 3693 582
305 3641 449 3702 amandat,
478 3645 506 3690 et
534 3640 683 3704 recipiente
705 3641 770 3690 Diu·
821 3663 844 3698 a.
870 3643 1080 3710 παρεποίησε.“
1104 3669 1139 3679 -
1164 3643 1206 3692 Hx
1230 3642 1273 3692 hia
1296 3641 1367 3704 ipsis

228 3711 330 3773 dorfi03
350 3711 447 3776 quibus
466 3710 590 3760 omnibus
612 3709 693 3774 longe
711 3726 771 3760 mea
820 3717 910 3767 verbis
928 3713 1042 3766 Nitasoh
1064 3710 1228 3776 (indaganti.
1245 3727 1293 3776 per
1309 3711 1369 3761 Ho-

228 3781 336 3846 quidem
362 3780 497 3831 sententia
527 3785 665 3844 praestat,
699 3779 771 3845 quod
820 3787 887 3838 meri
905 3786 1008 3848 Odyss.
1031 3781 1189 3847 interpolat.
1208 3785 1365 3845 praeparat.

229 3851 304 3902 dedit
321 3849 470 3900 Matthiae:
489 3845 578 3914 δῆλον
595 3847 635 3898 ea'·
655 3843 770 3914 ἐποίησε
820 3857 844 3907 Ι,
859 3856 913 3908 Kil,
934 3852 1011 3907 1828.
1032 3869 1095 3918 pag.
1117 3852 1148 3903 ls
1162 3851 1232 3917 not.)
1251 3849 1366 3914 colligit,

228 3911 388 3983 νὰρένΊλ,
404 3913 674 3984 omissavoceacroi,
689 3936 770 3986 quam
821 3927 874 3976 iam
900 3924 1070 3976 Herodotum
1094 3921 1208 3972 Homeri
1232 3935 1301 3986 quae
1327 3919 1368 3968 fe·

228 3989 348 4038 retinens
363 3989 468 4054 Stager.
482 3990 599 4054 praefat.
618 3989 653 4040 ad
666 3991 769 4041 Herod·
819 3989 1365 4056 ranturcarminascriptaperroiutaas03

228 4073 292 4122 pag,
310 4057 375 4108 ΧΙΙ.
396 4059 436 4110 sic
454 4059 506 4108 scri
528 4063 584 4109 tum
602 4059 674 4110 vult:
698 4053 768 4109 acrei
820 4070 847 4115 et
871 4065 942 4126 iure,
968 4063 1075 4129 siquid
1099 4061 1194 4122 video,
1218 4060 1263 4110 hic
1285 4057 1365 4108 iocur

228 4117 280 4190 γὰρ
304 4118 356 4189 μὲν
376 4117 482 4177 Ἰλιάδα
504 4075 631 4192 factata!
658 4129 690 4178 In
713 4127 769 4208 vul:
819 4133 908 4182 afferri
926 4138 1016 4198 potest
1039 4133 1074 4183 ad
1095 4133 1280 4195 integritatem
1303 4142 1365 4178 car-

228 4199 303 4260 8⁸l⁸a
318 4209 398 4258 (1¹¹lm
416 4196 547 4259 (Ῑθᾶῐῐῃῑῑῦ,
563 4197 679 4248 lectione
699 4211 770 4246 κατα
820 4203 919 4251 minum
937 4203 1142 4252 Homericornm
1161 4213 1305 4264 eorumque
1324 4197 1366 4246 di-

228 4263 346 4328 positum
356 4271 403 4328 pro
412 4258 492 4315 καθὰ
501 4258 581 4330 (καθ’
590 4256 630 4330 ἃ),
641 4275 675 4326 art,
683 4275 768 4330 prom,
819 4270 950 4337 ligantem
966 4271 1109 4322 lectionem
1131 4267 1266 4321 Herodoti
1288 4271 1365 4316 certe

228 4333 440 4404 quemadmodum,
480 4340 607 4390 monente
634 4335 770 4403 Schweig·
821 4345 911 4394 aetate
922 4340 1157 4410 comprobandam.
1179 4339 1365 4406 Quorumma·
