3058 4928
568 269 814 332 EU'I'ERPE.
838 271 878 330 H.
900 278 944 333 on.
1262 269 1323 334 567
1380 277 1383 284 '

146 461 196 516 133
204 451 363 533 dentque,
384 447 422 510 ἔν
434 469 501 511 τινι
515 444 613 512 νυκτὶ
627 443 733 533 λύχνα
750 453 882 516 καίουσι
898 443 1021 526 πάντες
1036 441 1143 516 πολλὰ
1155 440 1323 534 ὑπαίθρια
1394 491 1400 510 .

189 543 328 639 περὶτὰ
351 544 488 635 δώματα
510 545 635 642 κύκλῳ.
675 545 716 617 τὰ
739 549 776 617 dl
804 549 909 637 λύχνα
931 551 999 620 ἐστὶ
1024 547 1171 638 ἐμβάφια
1197 556 1323 639 ἔμπλεα

189 720 261 780 ctes,
292 713 398 766 differre
421 715 456 766 ab
477 715 566 780 Iside,
593 717 731 784 adquam
784 733 806 768 s.
826 735 863 780 v.‚
879 717 976 768 Pollux
992 719 1026 780 X,
1047 718 1096 768 115
1109 721 1136 767 et
1153 715 1252 768 Athen.
1263 717 1322 769 XV.

188 801 259 852 qnae
282 785 343 836 aliis
362 785 470 850 proprie
495 787 650 838 numinibus
671 803 733 838 oon·
783 803 810 852 p.
831 786 892 838 701.
929 787 1007 850 Quod
1026 788 1148 852 seqnitur
1168 777 1322 851 ἐλλύχνιον,

187 857 325 918 venirent,
344 854 480 906 translata
497 855 570 906 haud
588 873 650 908 raro
672 873 733 909 esse
784 855 959 909 Grammatici
987 855 1137 908 attulerunt
1162 856 1259 908 Graeci
1291 872 1324 908 ex

189 941 271 992 supra
294 926 348 978 iam
374 923 409 976 ad
433 941 495 991 cap.
518 924 553 977 00
576 927 733 978 observavi·
783 927 834 978 hoo
844 927 914 990 loco,
927 942 986 976 oum
997 927 1081 978 Attici
1090 926 1207 976 dixerint
1217 923 1323 989 θοναλ-
1420 973 1424 981 ,

187 1011 256 1047 mus.
293 995 422 1058 Accedit,
450 995 522 1061 quod
538 996 638 1047 Isidem
656 999 732 1048 novi·
783 993 862 1060 lidos,
887 997 906 1047 i.
926 1012 950 1047 e.
970 998 1039 1058 fibou
1054 995 1182 1046 candelae
1196 1011 1218 1046 s.
1238 995 1324 1046 lucer-

186 1081 247 1117 mns
271 1066 299 1115 in
318 1065 435 1116 Osiridis
460 1067 534 1116 caesi
551 1065 681 1118 honorem
698 1083 731 1119 uo
782 1081 834 1117 nae
853 1065 971 1131 (doctos
997 1065 1054 1117 vid.
1074 1065 1192 1116 Thomas
1209 1066 1322 1130 Magist.

187 1135 343 1186 memoriam
367 1134 555 1186 celebrandam
584 1137 656 1187 leste
683 1154 730 1204 por
781 1153 807 1202 p.
828 1137 893 1198 455,
917 1136 1018 1186 Moeris
1044 1152 1071 1200 p.
1090 1135 1140 1186 180
1163 1135 1205 1185 ed.
1225 1135 1322 1195 Piera,

187 1221 291 1257 omuern
309 1205 463 1270 Aegyptum
482 1205 645 1258 instituisse.
680 1208 730 1258 hli-
780 1205 927 1272 Phrynicb.
960 1222 987 1270 p.
1012 1206 1061 1256 101
1089 1205 1180 1269 ibique
1200 1205 1321 1254 Lobech.

187 1291 272 1327 nerra
299 1281 390 1342 autem
417 1275 500 1338 haec,
530 1291 610 1340 qnam
637 1278 730 1330 Saitae
780 1277 929 1328 Advocem
943 1266 1111 1336 ὑπαίθριος,
1131 1289 1210 1339 quam
1223 1275 1323 1324 Noster

187 1346 328 1407 colebant,
348 1361 480 1411 quamque
498 1346 644 1396 secundam
663 1348 730 1398 dicit
781 1347 862 1396 etiam
881 1343 1006 1396 adhibuit
1022 1345 1090 1406 VII,
1112 1344 1177 1406 110,
1201 1343 1237 1394 ο1.
1250 1343 1322 1394 Tho-

186 1415 281 1466 Cicero
299 1414 362 1466 Nilo
384 1421 471 1465 ortam
492 1416 547 1479 (De
571 1421 628 1467 nst.
646 1419 729 1468 Deor.
780 1417 917 1480 masbiag.
931 1413 1016 1480 petr
1030 1412 1210 1478 etPhrynich.
1223 1413 1322 1492 pqtbl,

186 1487 238 1548 111,
254 1483 310 1548 13),
329 1484 402 1550 apud
416 1485 567 1552 Aegyptios
580 1487 742 1538 vocabatur
781 1487 828 1550 qui
852 1501 911 1536 earn
930 1485 1090 1549 praeierunt
1114 1484 1217 1534 iormse
1237 1497 1324 1532 νπαι·

186 1555 274 1614 Neat,
301 1555 361 1620 ipso
385 1559 456 1604 teste
474 1555 589 1607 Platone
613 1557 641 1606 in
659 1557 730 1608 Tim.
783 1555 857 1620 θοος
870 1553 979 1605 ebullis
998 1553 1148 1606 adhibitae.
1161 1581 1194 1590 —
1213 1554 1324 1604 Estau·

189 1643 216 1691 p.
235 1627 269 1676 11
286 1625 319 1676 Α.
343 1629 371 1674 et
388 1623 526 1689 Hesychio
545 1641 568 1678 s.
586 1643 613 1676 v.
637 1622 730 1691 Νηΐθ,
782 1631 836 1676 tem
866 1625 994 1690 frequens
1021 1624 1129 1674 omuino
1156 1621 1323 1674 lucernarum

188 1711 241 1760 quo
277 1710 309 1744 ex
339 1694 447 1744 nomine
476 1695 565 1758 ipsum
598 1697 730 1748 Graecum

184 1759 305 1827 Ἀθηνᾶς
323 1779 420 1814 nomen
438 1763 549 1814 ductum
566 1765 663 1816 volunt
682 1765 730 1829 (ct.

140 1833 141 1837 ’
185 1832 282 1884 Roeth.
304 1832 323 1884 l.
342 1848 404 1882 mox
422 1833 440 1882 l.
460 1837 531 1885 nott.
544 1851 572 1899 p.
590 1835 645 1900 43).
678 1837 731 1887 Ne-

186 1918 239 1968 que
256 1901 310 1952 alio
330 1903 437 1954 nornine
449 1909 564 1954 vocatur
578 1905 626 1954 illa
643 1906 672 1955 in
689 1907 729 1956 in-

185 1972 379 2037 scriptionibus
394 1972 614 2040 hieroglypbiois,
630 1975 658 2025 in
671 1977 729 2040 qui-

185 2044 236 2093 bus
248 2041 422 2107 praedicatur
434 2059 524 2108 mopso
540 2053 621 2096 mater
631 2061 653 2098 s.
669 2046 727 2109 dea,

185 2114 287 2163 deorum
303 2120 392 2172 muter,
411 2113 509 2163 ἀοοιίιιο
524 2116 598 2175 coeli,
615 2117 729 2180 penitudo

184 2184 260 2234 suis:
279 2197 348 2246 quae
363 2183 453 2234 omnis
470 2182 577 2234 adsim
596 2189 624 2234 et
641 2186 728 2236 notio-

184 2267 245 2302 nem
257 2251 337 2302 huius
351 2253 418 2303 deae
429 2253 575 2318 pertinent,
593 2269 662 2320 quae
673 2269 728 2304 nra-

185 2323 281 2373 teriam
298 2323 462 2388 primitivam
482 2323 617 2386 declarat,
637 2325 727 2376 omnia

184 2393 212 2442 in
234 2407 324 2442 rernm
345 2398 443 2443 natura
468 2409 485 2443 a
509 2408 538 2444 se
561 2394 621 2459 ipsa
640 2395 729 2459 proie-

184 2467 288 2513 rentem
312 2463 424 2529 suisque
452 2463 556 2514 viribus
584 2465 662 2529 qnasi
689 2465 728 2528 gi-

184 2537 323 2598 gnentem:
340 2533 412 2584 unde
423 2532 451 2582 in
468 2534 526 2584 eius
540 2537 632 2584 statua
643 2535 728 2585 verba

183 2602 315 2684 inscripta
338 2603 420 2654 haec:
454 2592 508 2667 ἐμαί
531 2597 587 2666 εἰμι
610 2601 670 2653 πᾶν
694 2596 727 2654 τὸ

181 2660 726 2808 reuertit.usuum

182 2803 231 2868 τὸς
257 2804 441 2874 ἀπεκάλυψεν
471 2811 562 2877 prodit
585 2811 725 2864 Plutarch.

183 2881 225 2931 De
243 2879 280 2932 Is.
303 2885 330 2930 et
348 2881 422 2932 Osir.
441 2897 501 2946 cap.
528 2881 553 2932 0.
577 2897 604 2946 p.
623 2881 674 2935 354
699 2887 727 2932 et

183 2949 296 2999 Proolns
326 2949 488 3002 Commentt.
512 2952 540 3000 in
563 2951 635 3003 Plat.
655 2952 725 3003 Tim.

183 3018 206 3068 1.
234 3033 260 3082 p.
289 3017 332 3070 00.
376 3021 511 3084 Exposuit
536 3021 640 3072 Roeth:
677 3022 727 3073 Ge-

184 3087 308 3138 schichte
331 3090 358 3140 d.
377 3088 479 3140 Philon.
505 3090 528 3140 I.
548 3107 575 3156 p.
599 3091 649 3144 134
667 3107 726 3156 seq.

183 3161 254 3208 nott.
272 3173 300 3222 p.
319 3159 433 3210 41-48.
468 3159 600 3210 Conferas
619 3176 726 3226 quoqne

183 3225 348 3279 Wllkinsou.
366 3229 503 3281 Manners.
522 3234 575 3281 etc.
595 3247 651 3282 sec.
673 3246 725 3282 ser.

184 3297 209 3346 1.
228 3311 255 3361 p.
274 3297 324 3349 181
342 3313 419 3364 seqq.
444 3298 482 3350 II.
506 3315 533 3364 p.
553 3299 604 3352 008
623 3315 680 3365 seq.
699 3307 726 3350 et

183 3366 238 3421 ΠΙ.
251 3367 309 3418 tab.
321 3369 367 3431 18,
387 3369 433 3418 ubi
451 3369 542 3435 imago
561 3370 641 3421 huius
658 3370 726 3421 deae

183 3437 340 3498 exhibetur,
377 3437 496 3503 Partbey
522 3438 557 3488 ad
584 3440 724 3491 Plutarch.

181 3505 199 3558 l.
213 3505 232 3558 l.
245 3521 309 3572 pag.
322 3506 373 3558 170
387 3523 444 3573 saq.
480 3509 522 3559 Ex
536 3509 589 3560 hae
605 3525 670 3560 vero
686 3511 726 3560 in-

182 3577 282 3627 teriore
295 3577 415 3628 Saiticae
433 3577 501 3628 deae
520 3581 631 3630 notione
648 3581 726 3630 innu-

182 3653 282 3712 ptaque
299 3651 399 3698 natura
420 3647 494 3698 hand
518 3650 574 3700 scio
595 3665 631 3700 an
649 3665 726 3716 repe-

182 3717 292 3768 tendum
310 3717 360 3780 sit,
379 3717 451 3784 qnod
464 3718 563 3770 Graeci
579 3720 725 3782 scriptores

181 3787 295 3837 eandem
311 3803 372 3838 curu
386 3789 511 3838 Minerva
527 3789 725 3840 contenderint.

180 3857 222 3906 De
239 3857 291 3906 bac
307 3857 503 3922 Aegyptiorum
521 3859 646 3909 Minerva
663 3875 726 3910 con·

181 3926 246 3976 terri
264 3941 370 3992 quoque
384 3930 525 3992 poterunt,
545 3944 613 3994 qnae
630 3934 724 3994 protu-

179 3993 212 4044 lit
230 3996 293 4045 Hirt
311 3995 457 4048 Abhandll.
475 3995 501 4047 d.
518 3998 620 4050 Berlin.
633 3998 723 4050 Akad.

180 4062 245 4115 hist.
263 4064 432 4130 philolaus.
446 4081 509 4118 ann.
525 4067 593 4120 1810
604 4073 631 4120 et
644 4067 721 4120 1821.

180 4133 410 4200 οπο-134011·
623 4189 626 4198 ,

213 4195 303 4267 λύχνα
320 4203 445 4270 καίουσι]
465 4197 499 4255 τὰ
518 4196 607 4270 λύχνα
625 4209 722 4256 neutro

180 4286 279 4336 genere
297 4273 394 4336 Iouam
418 4289 433 4324 e
455 4275 651 4326 consuetudine
669 4275 723 4325 dici

179 4347 290 4392 monent
297 4343 475 4395 Grammatici
483 4344 519 4396 ad
528 4345 554 4396 h.
565 4344 594 4408 l.,
601 4344 722 4410 Hesych.

782 1711 847 1746 usus
870 1696 898 1745 iu
923 1695 1009 1746 sacris
1029 1694 1185 1759 Aegyptiiss
1210 1695 1239 1744 iu
1265 1693 1324 1744 Sai-

780 1766 836 1816 tico
853 1765 937 1816 hocce
950 1763 1065 1814 Osiridis
1083 1763 1154 1814 festo
1172 1763 1233 1814 ideo
1249 1761 1323 1813 adhi-

782 1835 856 1886 bitae
880 1850 940 1885 esso
965 1833 1105 1896 videntur,
1136 1837 1167 1883 ut
1190 1833 1255 1883 deus
1277 1831 1323 1882 ille

781 1911 911 1970 tanquam
929 1903 995 1954 solis
1010 1903 1136 1969 ignisque
1153 1917 1262 1968 praeses
1279 1917 1323 1952 co·

778 1975 887 2025 leretur.
916 1974 978 2036 Qua
996 1973 1088 2024 eadem
1104 1973 1137 2024 de
1152 1988 1235 2023 cansa
1248 1977 1323 2037 post-

779 2044 858 2095 modo
876 2044 1014 2108 Serapidis
1037 2043 1065 2092 in
1088 2044 1173 2094 sacris
1196 2041 1323 2094 lucernas

779 2119 925 2180 usurpatas
943 2114 1104 2164 invenimus.
1142 2111 1220 2164 Cous.
1241 2112 1323 2163 Creu-

780 2185 834 2234 aeri
845 2184 960 2248 Dionys.
973 2200 1000 2248 p.
1015 2185 1075 2234 115.
1113 2183 1170 2234 Noc
1182 2183 1322 2234 Minervae

779 2270 833 2304 uon
862 2254 1027 2304 conveniunt
1052 2252 1192 2316 lucernae,
1224 2253 1322 2318 quippe

780 2339 850 2388 quae
860 2323 929 2374 lucis
947 2328 975 2373 et
986 2323 1148 2388 purissimae
1159 2323 1267 2389 quidem
1280 2327 1323 2372 cst

780 2393 831 2444 dea
849 2398 930 2458 atque
941 2407 1060 2458 praeses.
1091 2393 1162 2455 Quin
1174 2393 1255 2443 etlam
1268 2407 1322 2443 ma-

779 2463 891 2514 minisee
900 2463 977 2513 iuvat
986 2461 1118 2513 *lucernae
1127 2463 1252 2528 magicae
1264 2463 1322 2513 siue

779 2533 940 2596 mundanae,
957 2547 1027 2598 quae
1038 2533 1171 2584 Mercurio
1182 2532 1321 2593 tribuitur,

778 2608 809 2654 nt
837 2603 927 2653 omnia
950 2602 1098 2668 perspiciat
1126 2602 1262 2653 mundana
1289 2617 1322 2651 ac

777 2673 918 2724 terrestria
936 2687 986 2723 nec
1005 2672 1150 2737 quidquam
1173 2673 1261 2737 ipsum
1284 2671 1322 2721 le·

777 2747 846 2794 teat.
891 2741 934 2793 (li.
958 2741 1107 2792 Creuuerus
1132 2741 1252 2806 Symbol.
1281 2741 1320 2792 II.

777 2828 840 2878 pag.
863 2810 924 2864 100.
961 2809 1039 2872 Quod
1063 2825 1127 2860 vero
1149 2811 1321 2862 lucernarum

777 2882 964 2933 accensionem
983 2880 1011 2929 in
1029 2879 1190 2930 Iudaeorum
1210 2880 1321 2944 quibus-

778 2953 839 3002 dam
864 2951 943 3002 iestis
966 2949 1030 3000 hino
1055 2963 1161 3014 quoque
1189 2950 1320 3014 originem

778 3021 884 3086 cepisse
901 3019 988 3069 videri
1002 3019 1061 3068 vult
1072 3018 1200 3082 Spenoer.
1213 3018 1247 3068 de
1260 3019 1319 3072 ritt.

777 3091 861 3141 Hebr.
880 3091 927 3150 IV,
947 3088 973 3139 0.
1000 3105 1026 3154 p.
1058 3087 1121 3138 1111
1150 3103 1221 3152 seq,
1251 3088 1319 3138 satis

778 3159 889 3211 edocuit
910 3159 1024 3209 Carolus
1047 3156 1136 3208 Bsehr
1166 3155 1320 3223 (Symbolik

778 3231 825 3280 des
853 3228 1025 3280 Mosaischen
1049 3226 1144 3277 Cultus
1167 3228 1191 3278 1.
1215 3244 1241 3292 p.
1266 3227 1319 3279 439

778 3299 880 3366 seqq),
904 3297 984 3363 plone
1004 3296 1084 3347 aliam
1102 3312 1215 3363 eumque
1240 3297 1319 3348 altio·

777 3386 833 3421 rem
851 3373 878 3419 et
895 3367 1076 3418 sublimiorem
1093 3367 1264 3418 lucernarum
1280 3369 1320 3417 vi-

777 3440 835 3491 deri
853 3437 1077 3504 significationem
1101 3438 1172 3502 apud
1191 3437 1318 3500 ludaeos,

777 3509 944 3560 ethnicarum
969 3507 1089 3572 gentium
1119 3507 1319 3572 superstitioni-

776 3581 826 3630 bus
845 3579 925 3643 plaue
943 3577 1105 3642 oppositam.
1143 3576 1222 3638 Quod
1246 3576 1320 3626 deni·

777 3664 828 3714 que
851 3647 886 3698 ad
908 3648 995 3710 ipsam
1017 3645 1188 3696 lucernarum
1217 3647 1245 3696 in
1267 3645 1318 3696 hoc

776 3719 847 3768 testo
860 3717 1042 3766 adhibitorum
1055 3716 1195 3766 materiem
1209 3715 1318 3778 attinet,

775 3788 903 3838 observat
925 3786 1089 3837 Wilkiusou.
1113 3787 1240 3836 Manners
1264 3789 1317 3836 etc.

775 3857 828 3907 111.
847 3874 874 3922 p.
895 3856 943 3907 101
964 3855 1026 3907 coll.
1047 3857 1111 3916 111,
1135 3871 1180 3906 eas
1198 3854 1318 3906 viderie

775 3928 847 3977 vitro
873 3927 962 3976 factas
985 3926 1099 3990 ipsaque
1116 3925 1225 3976 exhibet
1244 3925 1318 3976 viros

773 3997 924 4062 Aegyptios
936 4011 996 4046 cnm
1009 3995 1058 4045 tali
1071 3995 1182 4046 lucerna
1199 4009 1318 4046 accensa

773 4067 960 4132 procedentes.
1002 4067 1043 4116 De
1067 4065 1130 4115 aliis
1147 4065 1222 4116 vasis
1244 4065 1318 4115 evi-

774 4142 816 4187 tro
835 4136 917 4187 lactis
942 4152 991 4201 per
1004 4136 1158 4202 Aegyptum
1174 4135 1246 4186 idem
1263 4135 1317 4186 dis-

777 4210 856 4270 putat
873 4221 936 4271 pag.
954 4205 989 4257 89
1007 4221 1087 4272 seqq.

810 4265 932 4343 ἐμβάφια
951 4269 1056 4340 ἔμπλεα
1070 4265 1138 4332 ἁλὸς
1149 4269 1196 4324 καὶ
1209 4263 1316 4340 ἐλαίου]

774 4345 793 4397 1.
819 4361 843 4396 e.
865 4349 968 4398 νοιαιὶο
993 4348 1049 4398 sule
1077 4353 1102 4398 et
1126 4346 1181 4396 oleo
1207 4346 1315 4408 repleta.
