3088 4922
547 270 761 330 EU'PERPE.
784 271 827 331 ll.
851 279 896 335 ³3.
1231 276 1294 338 497

149 435 246 527 ἥλιον
273 436 515 512 ἀνατέλλοντα·
544 451 730 532 φαίνεσθαι
755 443 793 514 di
813 441 852 515 ἐν
870 442 962 540 αὐτῷ
981 451 1228 538 κροκοδείλους.
1253 445 1336 520 ’033

150 541 213 629 μὲν
228 540 271 632 δὴ
287 549 348 613 τοῦ
358 543 545 635 Ἀμμωνίου
556 544 730 638 Ἐτεάρχου
741 548 838 635 λόγος
849 545 882 630 ἒς
890 548 990 620 τοῦτό
999 579 1054 639 μοι
1068 553 1286 641 δεδηλώσθω,

152 641 241 744 πλὴν
255 642 305 714 ὅτι
319 644 545 740 ἀπονοστῆσαί
554 679 590 721 τε
609 658 736 740 ἔφασκε
756 649 834 732 τούς
850 658 1080 743 Νασαμῶνας,
1101 650 1146 736 άς
1163 663 1199 726 οἱ
1213 665 1286 726 Κν-

153 765 283 836 ρηναῑοι
298 757 423 840 ἔλεγον,
441 755 498 824 καὶ
513 751 546 836 ἐς
558 753 637 836 τούς
650 745 743 825 οὗτοι
758 752 918 828 ἀπίκοντο
936 755 1151 849 ἀνθρώπους,
1166 757 1287 849 γόητας

153 849 236 922 εἶναι
251 853 385 938 πάντας.
421 855 487 926 Τόν
501 859 539 930 di
554 857 596 949 δὴ
612 857 762 948 ποταμόν
774 866 895 930 τοῦτον
908 857 968 931 τόν
982 865 1214 952 παραρρέοντα
1229 867 1286 934 καὶ

147 949 310 1047 Ἐτέαρχος
330 959 558 1049 συνεβάλλετο
578 963 665 1034 εἶναι
686 961 745 1033 τόν
766 971 910 1034 Νεῖλον·
932 967 987 1034 καὶ
1009 963 1052 1054 δὴ
1072 967 1127 1035 καλ
1148 961 1166 1038 ό
1188 967 1286 1056 λόγος

146 1053 231 1128 οὕτω
246 1061 363 1154 αἱρέει.
396 1065 465 1154 ῥέει
481 1065 550 1156 γάρ
569 1063 606 1137 ἐκ
620 1068 750 1156 Λιβύης
765 1062 783 1137 ὁ
799 1076 938 1155 Νεῖλος,
959 1070 1014 1138 καὶ
1028 1068 1136 1158 μέσην
1149 1069 1286 1160 τάμνων

143 1162 292 1253 Λιβύην·
306 1171 366 1237 καὶ
381 1165 440 1253 (ὥς
453 1166 519 1256 ἐγώ
531 1170 775 1260 συμβάλλομαι,
789 1187 875 1241 τοῖσι
891 1168 1054 1262 ἔμφανὲσι
1068 1170 1109 1242 τά
1121 1171 1168 1264 μὴ
1182 1203 1283 1263 yrum·

142 1265 288 1354 duriusve
301 1274 578 1364 τεκμαιρόμενος)
589 1273 755 1370 τῷἼστρῳ
769 1269 886 1346 ἐκτῶν
899 1285 985 1345 ἴσων
992 1273 1284 1369 μέτρανόρμᾶται.

140 1465 189 1517 bus
208 1471 271 1522 viae
290 1472 369 1525 horis
385 1476 420 1526 ab
431 1476 526 1541 Nigro,
545 1475 591 1541 qui
605 1476 692 1526 orion·
743 1475 847 1528 tionum
861 1481 889 1527 et
901 1477 1000 1528 artium
1015 1476 1181 1543 magicarum
1194 1493 1285 1544 super-

139 1540 193 1586 tem
210 1555 309 1593 versus
329 1545 417 1596 linens
440 1546 469 1596 in
486 1561 613 1610 magnum
632 1543 692 1595 dul·
742 1545 880 1597 atilionem
898 1561 946 1612 per
963 1551 1057 1612 gentos
1075 1547 1198 1611 Africae,
1216 1563 1284 1614 quas

139 1607 178 1688 β
195 1624 287 1675 aquae
306 1613 398 1665 laeum
415 1615 473 1666 sive
486 1630 559 1665 mare
573 1615 690 1678 desinat,
741 1615 824 1680 vulgo
841 1616 926 1681 Neper
945 1616 1074 1680 dicimus,
1099 1616 1187 1668 adhue
1204 1618 1284 1670 valde

138 1691 165 1726 m
176 1680 268 1732 media
279 1683 378 1735 Altina
390 1685 472 1735 sitnm
484 1685 592 1736 nomine
604 1685 689 1735 Βολν-
742 1684 906 1736 celebratam
919 1701 979 1736 eese
994 1686 1122 1736 observat
1134 1687 1283 1740 Heerenius

137 1743 249 1814 Sollion,
275 1755 352 1805 unde
375 1755 422 1820 qni
445 1755 479 1805 ab
503 1753 589 1805 altere
612 1760 690 1820 parte
741 1752 790 1818 (11,
811 1755 836 1806 1.
854 1770 917 1820 pag.
935 1755 996 1821 199)
1021 1771 1053 1806 ex
1072 1757 1283 1823 Europaeorum,

138 1823 216 1869 exeat
228 1821 342 1886 fluvius,
355 1839 415 1876 esse
423 1824 514 1876 Nilum
524 1824 689 1889 Aegyptium
740 1823 787 1888 qni
804 1823 870 1874 illue
886 1839 1047 1889 pervenere,
1065 1825 1223 1879 itinerariis.
1239 1861 1244 1869 ·

138 1884 224 1949 (oonf.
251 1893 349 1944 Revne
367 1895 516 1960 Eneyolop.
543 1899 563 1944 t.
588 1894 638 1944 1v.
658 1910 685 1958 p.
774 1885 955 1959 συνεβάλλετο
984 1886 1059 1944 εἶναι
1088 1885 1139 1944 τὸν
1163 1895 1282 1964 Νεῖλον]

120 1955 179 2028 Υ57,
192 1958 279 2012 Χὲιιιο
292 1963 422 2030 Eureia).
447 1965 614 2028 Quibuscum
629 1963 687 2014 fere
737 1964 779 2013 De
797 1963 874 2013 verbi
897 1955 1106 2029 συμβάλλεσθαι
1125 1967 1284 2018 coniectandi

136 2033 330 2096 consentiunt,
356 2049 427 2098 quae
445 2032 575 2086 Mollieno
594 2033 686 2084 soisoi-
737 2033 847 2084 notione
871 2033 987 2084 diximus
1012 2034 1092 2098 adl,
1111 2035 1154 2088 68.
1191 2037 1282 2088 Verba

135 2098 209 2146 tanti
238 2102 365 2153 nonnulli
397 2104 534 2154 dixerunt:
571 2104 685 2168 Nigrum
732 2103 895 2168 unquentis:
914 2097 961 2152 καὶ
980 2095 1016 2169 δὴ
1034 2099 1083 2153 καὶ
1101 2095 1213 2169 ὁλόγος
1232 2096 1281 2156 ori-

135 2168 232 2228 proeul
250 2172 286 2222 ab
310 2173 376 2224 urbe
394 2173 547 2225 Tombuotu
566 2174 640 2224 exire
657 2173 685 2224 iu
737 2188 774 2221 τοι
805 2171 898 2239 (vulgo
923 2160 1025 2238 οὕτως)
1052 2166 1139 2238 αλρέει
1165 2182 1279 2227 sonant:

135 2231 225 2288 laeum
235 2239 492 2306 immensum,euius
501 2244 587 2308 ipsius
598 2258 685 2308 aquae
737 2249 812 2307 atque
830 2245 903 2294 etiam
920 2245 986 2294 ratio
998 2249 1035 2295 sie
1050 2245 1157 2308 suadet,
1178 2251 1208 2296 ut
1219 2247 1279 2299 seil.

134 2301 289 2362 defluentes
318 2313 346 2361 in
367 2313 458 2364 Nilum
486 2312 684 2364 delaberentur.
737 2312 809 2363 huno
837 2313 948 2364 fluvium
977 2313 1067 2364 Nilum
1097 2329 1157 2364 esse
1187 2316 1279 2368 ereda·

133 2373 196 2427 Vid.
221 2380 341 2446 Voyoge
366 2388 417 2433 ete.
444 2392 464 2434 t.
488 2384 511 2434 1.
536 2399 598 2448 pag.
623 2382 685 2434 219.
736 2398 805 2434 mus.
842 2383 921 2434 Geni.
937 2383 960 2446 1,
977 2383 1026 2434 132
1045 2383 1091 2434 lin.
1110 2383 1202 2451 ibique
1219 2393 1277 2440 not.

134 2447 212 2498 t.11.
238 2466 308 2516 pag.
329 2451 379 2502 ‘291
399 2468 457 2520 seq.
498 2453 575 2504 Conl.
602 2455 684 2504 etiarn
735 2454 777 2503 De
794 2453 854 2518 ipso
877 2458 1036 2520 argumento
1061 2453 1096 2504 ad
1118 2453 1162 2519 11,
1180 2453 1214 2507 32
1231 2456 1278 2512 fin.

134 2531 203 2580 qnae
225 2521 380 2572 efferuntur
403 2523 431 2572 in
449 2521 563 2574 Jahrbb.
583 2524 602 2573 f.
622 2522 684 2574 Phi·
736 2523 897 2574 monuimus.

134 2582 218 2654 lolog.
244 2608 277 2642 u.
297 2592 453 2658 Paedagog.
479 2591 569 2659 (1829)
593 2595 628 2645 X.
654 2609 681 2658 p.
770 2588 817 2642 καλ
837 2583 927 2657 μεόην
949 2583 1063 2656 τάμνων
1083 2585 1205 2660 Λιβόην]
1231 2589 1278 2644 καὶ

133 2652 194 2708 365.
222 2663 288 2712 457.
336 2663 430 2713 Rovue
455 2663 682 2730 enoyolopedique
734 2661 873 2713 deleverat
894 2661 1069 2727 Wesselingii
1092 2663 1196 2713 monitu
1217 2665 1279 2716 Rei-

135 2725 212 2780 1829.
239 2731 341 2782 Ootob.
361 2732 392 2784 Τ.
411 2733 459 2784 1v.
474 2735 500 2784 2.
524 2749 551 2798 p.
571 2735 587 2786 5
606 2748 681 2798 seqq.
734 2732 806 2796 aius,
833 2731 927 2782 invitis
954 2730 1040 2781 libris.
1089 2733 1278 2784 Restitueruut

132 2793 229 2863 Neque
254 2815 319 2851 vero
338 2817 456 2868 unquam
479 2803 512 2854 de
530 2802 588 2853 ulla
604 2803 682 2868 Nigri
733 2801 1006 2867 Schweighaeuserus
1036 2805 1063 2850 et
1094 2801 1275 2855 Gaislordius.

131 2870 159 2915 et
172 2868 235 2920 Nili
249 2871 440 2923 coniunctione
458 2873 575 2938 eogitari
592 2887 681 2937 posse,
733 2871 775 2921 Tu
789 2877 878 2922 verte:
898 2873 958 2936 „oel
972 2870 1075 2920 medium
1088 2870 1218 2921 dr'aeeorms
1231 2873 1276 2921 Li·

129 2949 202 2989 nuno
228 2941 297 2989 satis
316 2942 454 3008 cognitum
472 2941 610 3003 habemns,
630 2957 682 2991 me·
731 2941 835 3007 bpnm.“
853 2970 888 2979 —
905 2941 948 2990 Do
965 2943 1104 2989 structura
1122 2939 1196 2989 verbi
1215 2953 1275 2988 τεκ-

128 3001 199 3059 liora
225 3010 315 3062 edooti
329 3012 427 3063 studiis
445 3017 472 3062 et
486 3011 681 3077 peregrinatio·
731 3007 886 3075 μαίρεσθαι
904 3009 977 3060 oonl.
996 3007 1094 3058 Mareu
1115 3011 1141 3071 §-
1160 3007 1220 3060 396.

129 3078 218 3130 nibus
236 3095 329 3130 eornm
348 3082 481 3144 virorum,
506 3083 552 3148 qui
570 3082 680 3131 summis
766 3076 805 3144 τῷ
818 3067 915 3145 Ἴστρῳ
942 3067 971 3126 ἐκ
994 3074 1051 3126 τῶν
1076 3075 1147 3128 ἴσαν
1164 3069 1274 3142 μέτρων

130 3162 193 3200 oum
217 3149 358 3201 laboribus
378 3167 410 3202 ao
432 3151 560 3216 perieulis
584 3151 612 3200 in
629 3151 679 3201 has
730 3138 860 3214 ὁρμᾶται]
872 3149 1072 3212 Interpretatus
1086 3147 1273 3215 estSobweig-

129 3217 272 3270 interioris
293 3220 404 3272 Africae
428 3222 553 3287 regiones
580 3221 679 3272 itinera
728 3217 889 3270 hseuserus:
909 3219 1062 3282 parallelum
1084 3217 1153 3284 Istro
1175 3235 1273 3271 careum

130 3288 327 3341 instituerunt:
350 3292 421 3341 iuter
444 3306 511 3356 quos
536 3307 617 3342 unum
635 3291 679 3342 bie
729 3287 817 3346 baben
834 3289 921 3340 minus
940 3288 1036 3353 opinor
1053 3295 1193 3353 securata,
1212 3306 1272 3341 eum

130 3359 334 3411 nominaverim
360 3361 533 3425 Landerum,
560 3377 575 3411 e
601 3362 679 3412 ouius
730 3358 884 3409 Herodotus
909 3373 964 3408 non
987 3361 1043 3408 tarn
1070 3359 1104 3408 de
1132 3361 1273 3426 utriusque

130 3427 206 3480 libro
232 3429 327 3496 (Reise
350 3431 378 3480 in
400 3429 494 3481 Atrion
518 3447 566 3481 zur
587 3430 679 3481 Error·
730 3429 806 3479 fluvii
824 3444 905 3480 eursu
922 3443 1002 3494 quam
1022 3427 1055 3478 de
1074 3429 1194 3479 tontibus
1213 3431 1271 3479 sive

131 3500 241 3564 sobung
255 3499 302 3549 des
311 3500 407 3565 Niger,
426 3515 479 3550 von
489 3502 521 3552 R.
532 3516 558 3551 u.
571 3501 599 3552 J.
609 3501 679 3551 Lan·
730 3499 764 3549 de
780 3498 855 3562 loeo,
871 3499 949 3549 -unde
971 3501 1085 3562 uterque
1106 3499 1204 3548 fluvius
1222 3499 1272 3548 ini-

131 3568 193 3619 der.
217 3569 293 3633 Lips.
320 3569 397 3623 1833.
425 3569 447 3618 Ι.
474 3586 502 3635 p.
530 3571 580 3624 XV
609 3569 677 3637 seq.)
729 3569 798 3620 tium
810 3569 915 3635 capiat,
933 3568 1009 3634 loqui
1020 3567 1154 3619 videatur.
1189 3569 1271 3618 Hune

131 3637 169 3688 de
178 3637 257 3703 Nigri
267 3654 348 3689 eursu
357 3640 529 3690 accuratiora
536 3655 608 3691 nuno
618 3655 679 3690 eon·
729 3654 793 3690 vero
816 3639 932 3690 fontium
955 3637 1044 3689 looum
1060 3637 1169 3703 utrique
1187 3637 1270 3688 fluvio

131 3713 220 3758 stant.
257 3709 381 3775 Namque
398 3709 482 3775 Niger
501 3726 515 3761 e
534 3710 679 3776 Senogam-
729 3723 762 3758 ex
773 3710 897 3775 opposito
909 3707 1025 3760 inveniri
1040 3706 1106 3758 dioit
1116 3706 1168 3758 hoe
1180 3707 1270 3770 modo,

130 3777 198 3828 biae
214 3779 351 3831 montibus
368 3783 443 3831 ortua
460 3781 573 3845 primum
592 3780 678 3831 orien·
727 3783 759 3828 ut
784 3779 812 3828 in
841 3777 1011 3830 meridionali
1039 3777 1111 3828 orbis
1126 3783 1270 3840 ‚terrarum

131 3853 190 3898 tem
219 3864 313 3900 versus
342 3850 429 3900 undas
457 3849 543 3902 volvit
575 3851 678 3901 urbem·
727 3853 819 3914 parte,
838 3850 885 3900 ubi
897 3846 952 3898 Nili
969 3861 1063 3898 oureus
1078 3846 1201 3911 incipiat,
1221 3847 1270 3896 ibi-

133 3933 187 3982 que
206 3919 351 3970 Timbuotn
368 3920 590 3985 praeterlabitur,
615 3937 676 3971 mox
728 3919 787 3970 dem
805 3919 834 3969 in
852 3915 1058 3983 septentrionali
1075 3915 1147 3966 Ister
1170 3916 1271 3980 fluvius

134 4003 199 4037 vero
220 3989 248 4038 in
264 3989 403 4041 meridiem
422 4007 568 4044 conversus
591 4007 676 4058 aquas
728 3989 873 4040 exoriatur.
894 3988 1065 4051 Quapropter
1078 3990 1188 4049 postea,
1204 3987 1269 4036 lstri

135 4071 198 4107 sues
216 4057 330 4110 effundit
348 4061 376 4110 in
395 4061 482 4112 sinum
497 4062 625 4114 Guineae.
726 4074 833 4110 cursum
850 4057 913 4109 Nilo
937 4055 1051 4107 similem
1075 4055 1269 4120 descripturus,

725 4128 803 4180 addit
822 4127 938 4179 mediam
961 4125 1036 4178 illum
1058 4123 1195 4176 dissecare
1215 4127 1269 4177 Eu-

99 4211 128 4258 ’·
215 4285 216 4290 ψ
725 4213 840 4320 rau
856 4195 1160 4332 ”squilatina
1182 4196 1269 4314 ui

93 4337 98 4365 ⁸
167 4327 271 4399 νόηταε
296 4329 370 4385 εἶναι
398 4328 517 4402 πάντας]
548 4339 674 4390 Ineanta-
725 4337 798 4392 Guil.
820 4339 905 4390 Henr.
930 4335 1049 4388 Kolster.
1076 4335 1110 4388 de
1133 4333 1184 4385 hoe
1207 4333 1267 4386 loeo

176 4437 342 4480 nunonor.
368 4438 390 4479 1.
1014 4417 1055 4480 32
