3088 4944
244 283 306 348 372
673 283 941 348 HuRODOT1

243 461 426 552 βασιλέων,
450 454 536 540 ὅκως
554 487 603 539 τις
618 461 730 530 ἐθέλοι
747 462 783 528 ἐκ
803 465 863 528 τοῦ
879 460 994 546 ἑτέρου
1010 454 1155 548 φάρσεος
1169 459 1203 538 ἐς
1217 452 1377 546 τοῦτερον

244 563 418 654 διαβῆναι,
448 569 531 654 χρην
555 570 659 656 πλοίῳ
686 570 885 653 διαβαίνειν.
931 563 986 630 καὶ
1012 551 1072 650 ἦν,
1099 556 1144 641 ιός
1168 557 1234 648 ἐγιό
1257 557 1374 645 δοκέω,

244 663 387 756 ὀχληρὸν
399 672 507 738 τοῦτο.
534 664 619 756 αὕτη
635 667 672 736 δέ
686 669 742 736 καί
756 671 854 736 τοῦτο
869 671 1022 756 προεῖδε·
1047 667 1121 734 ε’πεί
1136 689 1171 734 τε
1185 661 1250 752 γὰρ
1265 660 1374 754 ὀρυσ-

244 794 283 841 σε
297 769 335 840 τό
348 777 489 860 ἔλυτρον
504 777 543 861 τῇ
557 778 675 860 λίμνῃ,
699 770 915 860 μνημόσυνον
933 768 1010 838 τόδε
1024 764 1105 839 ἄλλο
1118 764 1184 838 ἆπδ
1196 773 1257 837 τού
1272 764 1377 838 αὐτοῦ

245 882 346 964 ἔργον
360 877 501 946 ἐλίπετο.
537 874 694 964 ἐτάμνετο
708 882 829 954 λίθους
844 871 1061 964 περιμήκεας·
1090 866 1134 952 ὥς
1150 874 1189 941 δέ
1200 876 1232 942 ol
1246 862 1332 961 ἦσαν
1346 875 1380 940 οί

244 986 336 1048 λίθοι
353 979 492 1068 ἑτοῖμοι,
512 979 567 1048 καὶ
589 976 625 1047 τδ
648 985 772 1068 χωρίον
785 974 975 1068 ὀρώρυκτο,
997 979 1184 1066 ἐκτρέψασα
1199 981 1260 1044 τού
1273 1002 1375 1045 ποτα-

244 1087 310 1170 μοῦ
328 1078 366 1150 τδ
385 1085 529 1172 ῥέεθρον
547 1087 633 1165 πᾶν,
657 1085 690 1162 ἐς
708 1080 746 1152 τδ
768 1079 899 1170 ὤρυσσε
919 1086 1060 1170 χωρίον,
1080 1082 1118 1149 ἐν
1139 1069 1165 1172 ᾧ
1190 1081 1377 1168 ἐπίμπλατο
1407 1096 1411 1104 “

244 1189 360 1270 τοῦτο,
382 1185 545 1279 ἐντούτῳ
565 1183 839 1275 ἀπεξηρασμένον
860 1190 920 1254 τοῦ
934 1180 1075 1271 ἀρχαίου
1093 1185 1257 1272 ῥεέθρου,
1278 1187 1376 1252 τοῦτο

244 1288 307 1377 μὲν
323 1286 363 1356 τὰ
376 1295 488 1377 χείλεα
500 1294 560 1358 τού
574 1294 723 1378 ποταμοῦ
737 1287 821 1359 κατὰ
834 1285 896 1377 τὴν
911 1287 1010 1358 πόλιν
1023 1289 1078 1356 καί
1092 1285 1149 1366 τὰς
1163 1283 1374 1374 καταβάσιας,

244 1391 302 1472 τὰς
321 1393 357 1460 ἐκ
378 1398 447 1461 τῶν
467 1397 621 1462 πυλίδων
641 1396 675 1473 ἐς
693 1390 752 1463 τὸν
766 1390 913 1480 ποταμόν
927 1389 1112 1480 φερούσας,
1134 1387 1375 1478 ἀνοικοδόμησε

245 1502 419 1564 πλίνθοισι
441 1492 560 1585 ὀπτῇσι
579 1494 663 1565 κατὰ
681 1493 740 1566 τὸν
763 1493 867 1566 αὐτὸν
885 1494 986 1582 λόγον
1006 1499 1052 1589 τῷ
1073 1501 1190 1582 τείχεϊ·
1218 1499 1317 1564 τοῦτο
1338 1494 1375 1562 δέ

244 1596 328 1668 κατὰ
340 1601 445 1687 μέσην
458 1627 521 1669 κον
536 1599 677 1688 μάλιστα
691 1597 752 1690 τὴν
766 1599 865 1670 πόλιν
877 1615 962 1668 τοῖσι
977 1599 1116 1684 λίθοισι,
1126 1595 1203 1678 τούς
1217 1593 1376 1688 ὠρύξατο,

145 1761 151 1770 ,
243 1701 416 1792 οἰκοδόμεε
431 1706 596 1792 γέφυραν,
604 1707 726 1773 δέουσα
739 1703 816 1784 τούς
825 1710 944 1782 λίθους
957 1700 1084 1794 σιδήρῳ
1097 1729 1133 1771 τε
1147 1703 1202 1771 καὶ
1216 1707 1374 1794 μολίβδῳ.
1385 1715 1421 1768 88

245 1809 450 1876 ἐπιτείνεσκε
466 1806 503 1876 δὲ
517 1803 573 1876 ἐπ’
590 1804 712 1898 αὐτὴν,
736 1803 822 1888 ὅκως
842 1806 905 1895 μέν
928 1799 1033 1896 ἡμέρη
1048 1808 1195 1892 γένοιτο,
1219 1805 1301 1888 ξύλα
1321 1832 1374 1874 τε·

244 1910 417 2000 τράγωνα,
437 1907 486 1981 ἐπ’
503 1900 551 1981 ὧν
571 1909 633 2002 τὴν
654 1910 811 2000 διάβασιν
825 1913 999 1980 ἐποιεῦντο
1013 1913 1047 1978 ol
1059 1907 1289 1996 Βαβυλώνιοι·
1321 1905 1378 1988 τὰς

246 2124 304 2168 tur:
328 2127 388 2181 port
406 2134 438 2168 ea
456 2120 551 2185 (opera
573 2118 649 2182 scil,
674 2120 784 2185 quael,
828 2118 902 2172 adut
919 2116 1102 2184 solita(coul.
1119 2117 1227 2182 Ι,1311),
1246 2107 1379 2168 autriaco-

246 2189 296 2238 185
319 2187 462 2250 τελείεται)
486 2189 611 2251 perfecta.
654 2189 786 2254 Equidem
837 2184 1013 2252 ξηραμένον,
1037 2187 1110 2252 quod
1127 2187 1180 2253 bui
1201 2187 1313 2237 Ioniemi
1336 2203 1378 2235 ra-

246 2257 345 2307 malim:
354 2259 437 2307 atatim
444 2259 692 2322 postillapersecta.
705 2258 784 2308 Cous.
837 2259 911 2307 tione
924 2257 993 2306 tueri
1005 2257 1131 2318 voluerit,
1149 2259 1245 2308 morito
1262 2258 1289 2306 in
1302 2258 1380 2307 Butt-

246 2327 280 2377 de
298 2325 498 2391 praepositione
524 2319 553 2375 ἐκ
577 2328 600 2389 Ι,
619 2329 662 2378 Sd.
687 2319 786 2392 πρότε-
836 2328 928 2377 manni
961 2327 1041 2376 cadet
1081 2327 1314 2392 reprehensionem
1350 2326 1377 2373 in

246 2411 300 2460 ρον
329 2411 344 2444 e
368 2395 524 2446 melioribus
553 2396 628 2448 libris
659 2397 787 2447 revocavi
837 2398 956 2448 Gramm.
988 2397 1035 2448 Gr.
1059 2397 1157 2446 maiori
1185 2398 1208 2447 Ι.
1238 2411 1300 2460 pag.
1327 2395 1378 2444 325

246 2481 294 2530 pro
311 2462 470 2529 προτέρων,
490 2465 562 2531 ηοοδ
581 2481 613 2516 ex
624 2465 722 2516 Aldina
739 2467 786 2515 flu·
838 2465 958 2516 nott.**.
1006 2465 1084 2516 eous.
1110 2466 1171 2528 VII,
1200 2465 1257 2516 109.
1283 2491 1316 2500 —
1344 2464 1377 2512 Iu

246 2535 299 2595 xit;
319 2535 356 2586 cl.
375 2535 412 2598 ΙΙ,
437 2535 496 2586 141.
514 2561 549 2571 -
567 2536 599 2585 In
618 2551 694 2601 aeqq.
715 2528 786 2600 ὀρύ-
838 2551 914 2602 eeqq.
927 2527 1130 2600 ἀνοικοδομεῖν
1139 2535 1191 2584 erit
1203 2532 1375 2598 simpliciter:

247 2617 332 2686 ρυκτο
355 2603 427 2654 conl.
456 2609 526 2656 nott.
554 2605 589 2655 ad
613 2607 636 2670 Ι,
664 2606 728 2664 185,·
751 2605 786 2655 ad
836 2621 928 2656 murem
945 2605 1065 2661 educere,
1089 2613 1233 2666 exstruere,
1260 2617 1314 2652 nou
1333 2601 1377 2651 ob-

246 2677 358 2738 ετοῖμος
376 2674 449 2726 conf.
468 2677 491 2738 Ι,
511 2675 553 2726 10.
836 2683 937 2726 atraere
956 2675 1120 2737 aedificando,
1140 2679 1171 2723 ut
1183 2673 1251 2723 bane
1273 2671 1378 2722 monuit

280 2735 466 2808 μνημόσυνον
481 2737 547 2794 τόδε
569 2732 636 2792 ἄλλο
658 2734 715 2792 ἀπὸ
733 2739 786 2792 τού
836 2745 999 2810 Weaseling.
1034 2743 1379 2808 Intelltgunturenimope·

245 2805 336 2862 αὐτοῦ
357 2807 441 2878 ἔρχου
466 2806 587 2879 ἐλίπετο]
613 2813 666 2863 Vix
692 2812 787 2863 licebit
837 2829 880 2877 ra,
906 2831 976 2879 puao
1001 2817 1095 2863 nostra
1123 2817 1214 2863 aetate
1237 2813 1377 2862 dicuntur:

246 2874 372 2932 ἀπὸτοῦ
390 2874 479 2933 edred
497 2879 582 2949 ἔρχου
600 2899 649 2948 pro
669 2883 786 2948 simplici
837 2885 924 2946 Ouai’r
954 2901 975 2933 a.
1005 2883 1106 2933 Molo'a.
1152 2882 1232 2934 Cous.
1260 2883 1378 2932 Heeren.

246 2953 368 3020 genitivo
380 2955 499 3018 positum
512 2953 659 3018 explicaret
679 2953 787 3004 eiuadem
837 2955 921 3004 ldeen
940 2955 963 3016 Ι,
984 2956 1009 3003 ’2.
1028 2968 1090 3018 pag.
1105 2953 1163 3004 140.
1201 2954 1243 3002 De
1254 2951 1378 3016 neglecto

245 3026 332 3086 operia
343 3032 525 3075 monumentum.
554 3023 663 3086 Malim,
680 3022 787 3088 adpro·
837 3030 981 3088 augmento
1005 3023 1033 3071 in
1053 3023 1146 3072 verbis
1171 3013 1379 3086 ἀνοικοδόμησε

246 3093 334 3157 priam
353 3109 385 3142 ac
403 3095 525 3144 nativam
548 3093 628 3143 huius
649 3092 786 3157 praeponi·
837 3099 864 3144 at
883 3085 1031 3156 οἰκοδόμεε
1047 3092 1119 3143 conl.
1138 3091 1254 3142 Bredov.
1271 3107 1298 3157 p.
1317 3089 1378 3140 311.

246 3163 329 3211 tionis
339 3163 394 3212 vim
404 3165 613 3229 respicienareae
624 3165 698 3213 rimili
707 3177 787 3225 opera
836 3193 872 3203 -
889 3163 953 3212 Mox
976 3163 1075 3211 retinui
1095 3158 1245 3229 μολίβδῳ,
1271 3177 1288 3211 ιι
1311 3160 1380 3210 Bok-

244 3232 394 3296 prosectum,
414 3235 537 3297 effectum,-
553 3233 625 3297 quod
636 3232 742 3282 scilicet
753 3232 788 3281 ai·
837 3235 912 3296 kero,
928 3231 1274 3297 quamsequiturDietach‚
1288 3235 1381 3280 ancto-

248 3299 303 3350 mili
335 3315 417 3365 opera
448 3303 601 3352 confectum
634 3307 676 3351 eut
706 3305 787 3366 atque
838 3304 920 3352 ritate
938 3301 1128 3351 nonnullorum
1147 3301 1225 3352 codd.
1247 3305 1379 3350 mutatum

246 3369 329 3432 illud,
348 3372 420 3435 quod
440 3372 513 3422 circa
536 3371 624 3421 lacum
644 3371 725 3420 iatum
744 3386 788 3421 ex·
839 3373 866 3422 iu
885 3363 1044 3437 μολύβδῳς
1069 3371 1125 3420 vid.
1152 3371 1205 3434 ΙΙΙ,
1230 3371 1263 3421 56
1288 3369 1379 3434 ibique

247 3443 381 3489 structum
397 3446 455 3492 erat
474 3443 508 3491 ab
526 3443 619 3492 eadem
637 3442 739 3506 regina,
758 3446 789 3490 ut
837 3445 909 3492 nott.
936 3439 1024 3490 Idaler
1053 3441 1088 3489 ad
1110 3439 1251 3490 Aristotel.
1277 3439 1380 3489 Meteo-

248 3525 308 3575 cap.
326 3511 499 3563 antecedenti
522 3515 706 3562 enarraverat.
744 3511 787 3562 Cf.
839 3511 926 3576 rolog.
939 3511 986 3572 1v,
1002 3508 1027 3559 8.
1048 3510 1089 3560 10.
1105 3525 1132 3574 p.
1143 3509 1195 3572 500
1207 3509 1267 3560 coll.
1282 3525 1309 3574 p.
1317 3511 1378 3559 butt.

248 3580 335 3644 1,14.
421 3611 424 3620 ‹
873 3571 1020 3629 ἐποιεῦντο
1038 3572 1074 3627 ol
1093 3571 1275 3645 Βαβυλώνιοι]
1291 3578 1379 3644 Vulgo

281 3640 312 3697 ἐν
330 3635 535 3716 ᾦέπίμτιλατο]
550 3650 650 3714 Recepi
665 3635 695 3716 ηδ,
716 3648 788 3713 quod
839 3649 922 3700 edunt
939 3644 993 3706 τολ,
1013 3648 1086 3713 quod
1109 3647 1160 3698 hoc
1183 3649 1242 3714 ipao
1267 3663 1300 3698 ax
1319 3648 1379 3697 loco

247 3717 355 3783 plurimi
385 3725 412 3769 et
442 3719 537 3783 optimi
566 3719 691 3769 serebant
715 3719 787 3782 libri,
839 3719 934 3769 laudat
960 3718 1059 3768 Mattb.
1084 3717 1129 3768 Gr.
1156 3719 1203 3769 Gr.
1227 3734 1290 3784 pag.
1319 3717 1378 3768 tto.

247 3793 397 3838 commotus
431 3789 512 3838 otiam
545 3788 578 3837 iia
609 3788 689 3849 locia,
721 3803 788 3852 quoa
840 3789 906 3838 Cum
932 3803 996 3836 vero
1022 3803 1114 3836 omnea
1142 3787 1205 3837 libri
1232 3787 1380 3853 praebeant

248 3857 347 3908 Struvo
367 3857 473 3922 attulit,
496 3857 623 3907 laudatur
649 3871 731 3921 supra
754 3857 789 3907 ad
839 3850 869 3906 ολ
890 3856 1081 3922 insolitamque
1105 3857 1244 3907 Herodoto
1267 3857 1380 3906 sormam

248 3925 270 3992 Ι,
295 3925 354 3989 tut,
381 3927 429 3976 ubi
452 3927 509 3977 vid.
532 3926 621 3992 Vulgo
645 3929 735 3978 exatat
759 3917 789 3975 ἐν
839 3931 981 3992 respuant,
1001 3942 1061 3976 oum
1079 3931 1193 3977 recentt.
1214 3926 1291 3977 editt.
1304 3941 1380 3991 repo·

246 3992 287 4062 τῷ
317 3997 389 4059 quod
408 3995 579 4046 Gelalordiua
596 3996 718 4047 retinuit.
840 3996 942 4046 auimna
966 3989 1003 4045 οί.
1045 3996 1108 4046 Vid.
1134 3996 1237 4046 Etrurii
1261 3995 1377 4060 Specim.

284 4029 314 4111 ἐν
336 4055 427 4130 τούτῳ
451 4057 695 4130 ἀπεξηρασμένου]
720 4055 787 4114 ιἰτιε-
840 4065 952 4127 Quneat.
981 4065 1082 4116 Herod.
1113 4065 1136 4116 1.
1164 4080 1226 4129 pag.
1258 4066 1290 4115 10
1321 4071 1378 4116 not.

249 4127 435 4196 ξηραομένον,
453 4134 525 4198 quod
543 4149 603 4185 cum
616 4134 750 4185 Bredovlo
761 4149 787 4200 p.
841 4135 881 4186 12.
914 4165 945 4174 -
974 4135 1006 4184 ln
1040 4150 1116 4200 seqq.
1151 4132 1214 4182 libri
1252 4133 1379 4182 exhibant

250 4199 301 4251 :too
324 4201 404 4250 unice
426 4217 518 4252 verum
547 4204 688 4266 hebernus,
717 4219 788 4254 nunc
837 4195 1027 4268 ἆπαίρεσκον,
1051 4220 1068 4254 a
1088 4201 1268 4265 Wasaelingio
1291 4206 1379 4250 muta·

248 4269 306 4318 bini
323 4270 453 4334 praebent
470 4271 541 4323 libri.
577 4271 665 4338 Vulgo
683 4263 788 4336 ὀπεξη-
839 4279 895 4324 tum
923 4275 951 4322 in
976 4264 1177 4334 ἀπαιρέεσκον.
1203 4286 1220 4319 a
1242 4269 1379 4320 Bredovio

249 4336 384 4403 ραμένου,
407 4336 532 4405 neglecta
549 4339 629 4390 litera
647 4343 678 4405 ῦ,
697 4341 724 4390 ln
745 4341 787 4391 bia
838 4345 877 4407 (p.
898 4341 948 4393 193
965 4339 1026 4391 coll.
1046 4339 1109 4405 teo)
1129 4339 1156 4388 ln
1179 4329 1378 4404 ἄπαείρεακον,
