3088 4922
580 259 829 322 EUTERPE.
852 259 894 320 ΙΙ.
917 268 962 322 29.
1270 259 1333 322 487

197 436 234 507 ιό
250 435 369 526 ἥμισυ,
391 432 428 503 τὸ
447 432 485 502 δὲ
505 429 609 520 ἥμισυ
623 431 813 517 Αἰγύπτιοι.
846 440 954 522 ἔχεται
976 435 1013 505 δὲ
1028 439 1086 525 τῆς
1104 441 1209 531 νήσου
1230 449 1331 532 λίμνη

198 541 336 629 μεγάλη,
347 536 410 626 τὴν
423 535 517 624 πέριξ
530 534 673 622 νομάδες
687 543 851 616 Αἰθίοπες
865 538 1036 625 νέμονται·
1051 540 1113 630 τὴν
1122 546 1332 630 διεκπλώσας

199 641 232 724 ἐς
247 647 307 713 τοῦ
317 648 445 711 Νείλου
459 635 496 709 τὸ
512 637 658 728 ῥέεθρον
672 633 770 726 ἥξεις,
784 638 821 710 ιδ
837 637 870 722 ἒς
883 639 945 731 τὴν
961 650 1084 732 λίμνην
1097 649 1224 738 ταύτην
1238 646 1324 722 ἔκδι-

198 753 262 816 δοί.
290 748 345 814 καὶ
365 751 479 814 ἔπειτα
499 739 628 829 ἀποβὰς
642 741 799 832 παρδτὸν
813 741 960 834 ποταμὸν
973 741 1170 839 ὁδοιπορίην
1180 753 1332 844 ποιήσεαι

198 846 349 940 ἡμερέων
368 843 627 938 τεσσεράκοντα·
660 845 821 916 σκόπελοί
840 874 875 916 τε
897 845 961 936 γὰρ
983 851 1021 918 ἐν
1040 855 1087 942 τῷ
1107 861 1222 948 Νείλῳ
1242 855 1331 940 ὀξεές

197 950 363 1042 ἀνέχουσι,
379 952 435 1020 καὶ
448 948 601 1039 χοιράδες
615 957 739 1020 πολλαί
750 955 826 1034 είσι,
841 946 890 1018 δι’
909 979 957 1020 ων
971 947 1033 1020 οὐκ
1049 948 1103 1023 οἶοί
1116 960 1154 1026 ιε’
1165 961 1234 1027 ἐστι
1250 965 1328 1032 πλί-

198 1084 259 1126 ειν.
289 1052 474 1138 διεξελθιδν
488 1053 525 1122 δὲ
540 1054 578 1121 ἐν
590 1057 663 1141 τῇσι
679 1054 922 1142 τεσσεράκοντα
940 1049 1081 1146 ἡμίρησι
1101 1064 1199 1128 τοῦτο
1213 1061 1250 1131 τὸ
1263 1091 1327 1150 χω-

197 1167 282 1246 ρίον,
296 1149 391 1239 αὖτις
405 1160 438 1238 ἐς
452 1161 568 1246 ἕτερον
582 1163 700 1226 πλοίου
714 1155 826 1246 ἐμβὰς,
843 1156 999 1226 δυώδεκα
1014 1153 1135 1248 ἡμέρας
1152 1165 1328 1233 πλεύσεαι·

197 1265 252 1332 καλ
268 1269 381 1332 ἔπειτα
394 1257 482 1351 ἥξεις
496 1263 529 1340 ἐς
543 1257 642 1329 πόλιν
654 1259 820 1350 μεγάλην,
837 1265 878 1349 τῇ
891 1257 1019 1350 οὔνομά
1033 1265 1101 1332 ἐστι
1119 1266 1247 1356 Μερόη.
1276 1271 1328 1338 λε’-

199 1469 290 1515 menta
309 1465 345 1514 ad
364 1479 424 1514 enm
442 1460 617 1527 perfeetionis
638 1466 665 1511 et
684 1459 740 1525 pul-

199 1535 342 1585 critudinis
366 1533 479 1599 gradum
508 1545 562 1580 non
586 1545 739 1594 assurgere,

200 1619 277 1670 quem
295 1605 323 1652 in
341 1604 408 1668 ipsis
420 1601 573 1652 Thebarum
585 1615 741 1650 monumen-

200 1675 235 1724 tis
254 1673 432 1734 admiramur,
452 1671 533 1720 immo
552 1670 594 1719 his
608 1669 688 1735 louge
701 1670 740 1718 iu-

197 1743 296 1793 feriora
319 1742 405 1792 videri
427 1741 549 1805 artisque
574 1739 740 1804 depravatae

198 1815 278 1878 signa
292 1812 422 1877 praebere
439 1826 473 1861 ea
487 1813 663 1860 monumenta
674 1813 740 1859 tem·

196 1883 314 1948 plorum,
342 1880 511 1946 pyramidum
535 1883 598 1940 eto,
624 1878 739 1943 quaein

196 1952 370 2003 ulterioribus
380 1951 487 2001 Nubiae
498 1947 664 2012 regionibus,
677 1963 739 2013 pro-

196 2039 228 2090 pe
239 2023 357 2072 Meroem
367 2020 455 2070 adhuc
463 2018 646 2068 inveniuntur.
662 2019 739 2081 Quae

197 2108 256 2142 oum
276 2093 315 2142 ita
334 2091 402 2152 sint,
423 2090 452 2138 in
473 2089 524 2138 hac
543 2091 601 2138 tota
620 2089 739 2152 quaesti-

197 2177 247 2212 one
270 2175 336 2210 sane
360 2159 523 2226 gravissima
549 2157 656 2207 cautius
678 2173 738 2222 pro-

195 2231 374 2281 nuntiandum
397 2243 457 2280 esse
481 2243 559 2277 nemo
583 2241 638 2276 non
663 2227 738 2277 videt

195 2301 305 2366 aliaque
323 2299 411 2349 adhuc
429 2313 489 2348 esse
507 2297 691 2360 exspectanda
711 2301 738 2345 et

196 2371 313 2421 certiora
331 2373 360 2418 et
377 2367 557 2428 accuratiora,
579 2381 657 2431 quae,
672 2365 737 2430 quid

196 2442 231 2491 de
257 2439 395 2504 primitiva
424 2436 473 2486 illo
504 2451 585 2501 quam
613 2440 737 2486 statuunt

194 2509 356 2575 Aethiopum
374 2506 482 2557 cultura
504 2521 599 2556 revera
617 2505 737 2556 iudicau-

196 2580 259 2630 dum
282 2579 340 2642 sit,
354 2579 496 2628 edoceant.

230 2642 321 2713 ἔχεται
332 2641 372 2702 ,δὲ
395 2643 446 2710 τῆς
471 2636 561 2708 νήσου
583 2641 667 2706 λίμνη
691 2656 738 2706 με-

195 2710 266 2782 γάλη
290 2733 316 2768 ιι.
335 2733 359 2766 τ.
379 2714 416 2780 λ.]
434 2713 531 2765 Nullus
548 2712 680 2777 hodieque
698 2711 738 2760 in-

195 2788 304 2838 venitur
322 2786 379 2836 illie
402 2785 493 2845 lacus,
518 2782 570 2832 nisi
588 2783 676 2846 ipsum
692 2782 738 2831 Ni-

195 2857 251 2907 lum
265 2855 451 2906 inundationis
464 2859 584 2918 tempore
595 2851 671 2901 lacus
684 2867 739 2900 ma·

197 2927 244 2991 gni
262 2926 378 2990 speeiem
393 2923 523 2989 praebere
542 2921 680 2972 existimes
694 2936 739 2970 eo-

197 3010 249 3059 que
263 2994 397 3044 Herodoti
409 2993 512 3042 referas
525 2991 617 3042 verba.
645 2990 739 3041 Potuit

197 3065 279 3114 etiarn
301 3062 364 3112 iude
392 3061 426 3112 ab
449 3061 498 3112 illa
526 3064 617 3111 aetate
639 3059 738 3109 mutari

195 3133 316 3197 regionis
326 3131 454 3194 conditio,
471 3130 600 3196 lacusque
612 3128 675 3179 olim
689 3128 736 3194 qui

196 3203 263 3262 fuit,
281 3215 365 3252 arena
382 3199 523 3264 compleri,
545 3199 635 3264 potuit
652 3199 735 3249 etiam

195 3273 268 3322 haud
285 3275 414 3322 accurate
431 3269 465 3319 de
485 3269 527 3318 his
546 3268 657 3319 edoctus
676 3283 736 3318 esso

195 3341 304 3392 Noster.
342 3342 461 3404 Quorum
480 3338 545 3403 quid
563 3337 736 3388 statuendum

194 3413 245 3472 sit,
270 3409 352 3461 nolim
377 3409 539 3458 discernere.
580 3405 643 3456 Vid.
666 3407 737 3456 Hee-

194 3497 251 3531 ren.
271 3479 289 3530 l.
313 3479 331 3529 l.
351 3495 377 3544 p.
397 3476 458 3529 359,
495 3477 656 3541 Suspicatus
669 3475 738 3524 Mal-

194 3550 293 3600 tebmn
317 3547 405 3611 (ouius
434 3545 525 3596 locum
551 3546 735 3610 adscripscrat
783 3545 885 3612 gyptiis
899 3545 1034 3596 simillima
1051 3547 1105 3598 sint
1121 3549 1243 3614 idemque
1255 3555 1324 3600 stru·
1431 3557 1438 3570 ·

193 3621 248 3680 Cr„
260 3616 386 3668 Nourell.
397 3615 495 3666 Annal.
506 3616 646 3680 d.Voyag.
657 3613 733 3665 1820.

194 3688 249 3739 vol.
267 3688 300 3737 V.
318 3703 382 3752 pag.
400 3684 474 3748 403),
493 3684 646 3749 planitiem,
665 3699 735 3748 quae

193 3773 266 3806 nunc
289 3771 374 3821 prope
396 3755 498 3805 Amara
523 3759 564 3805 est
588 3769 603 3806 ε
624 3754 735 3818 regione

193 3825 300 3876 insulae
328 3825 399 3888 Say,
427 3823 519 3873 decem
547 3821 674 3873 milliaria
695 3822 735 3871 la-

194 3901 264 3956 tam,
291 3909 324 3944 ex
355 3897 432 3958 parte
459 3907 530 3944 nuuc
559 3893 674 3953 cultam,
703 3907 735 3941 ex

193 3969 271 4028 parte
296 3977 382 4028 eaque
403 3962 500 4012 maiori
524 3967 624 4012 tectam
652 3961 735 4012 silici-

194 4033 258 4095 bus,
279 4033 342 4083 olim
360 4032 478 4082 sortasse
494 4031 583 4082 lacum
602 4031 685 4084 fuisse
704 4030 736 4080 il-

193 4101 262 4160 lum,
282 4103 359 4152 euius
384 4100 456 4166 apud
470 4101 639 4152 Herodotum
661 4116 736 4151 men-

194 4171 233 4221 tio
250 4170 311 4232 liat,
332 4185 404 4220 nune
424 4169 589 4221 exsiccatum
607 4172 699 4221 ferme.

232 4233 370 4290 σκόπελοί
393 4252 421 4288 τε
445 4231 498 4302 γὰρ
525 4229 555 4288 ἐν
575 4237 615 4306 τῷ
640 4238 734 4304 Νείλῳ

197 4297 275 4369 ὀξέες
290 4325 317 4359 ιι.
336 4323 359 4357 τ.
381 4306 415 4370 λ.]
435 4307 486 4360 Vel
504 4308 570 4358 haec
587 4310 735 4374 probantur

790 1461 969 1511 recentiorum
997 1465 1228 1529 peregrinatorum
1255 1470 1332 1519 testi·

791 1531 902 1590 moniis,
932 1537 1083 1596 exponente
1106 1535 1223 1587 Heereu.
1248 1537 1330 1588 ldeeu

789 1600 808 1650 l.
833 1599 852 1650 l.
875 1601 945 1652 Nam
968 1617 1050 1668 supra
1073 1603 1189 1655 alterum
1212 1611 1333 1656 catarra-

790 1675 875 1731 ctem,
902 1672 948 1735 qui
972 1675 1014 1722 est
1037 1689 1120 1738 prope
1142 1675 1231 1726 locum
1250 1677 1331 1728 Wadi

789 1737 875 1789 Halia
894 1741 943 1791 21⁰
963 1741 1016 1804 50¹,
1036 1743 1156 1794 crebrius
1174 1745 1201 1792 in
1219 1744 1275 1796 Nili
1293 1745 1331 1796 al-

790 1825 840 1858 veo
853 1815 984 1874 apparent
1001 1811 1104 1877 scopuli
1122 1829 1154 1863 ac
1167 1829 1241 1877 sara,
1262 1829 1332 1880 quae

790 1879 865 1928 durii
875 1895 982 1930 cursum
994 1881 1143 1946 impediant
1153 1888 1332 1936 catarractas-

790 1963 842 2013 que
860 1948 951 2013 plures
966 1950 1101 2014 efficiant,
1121 1953 1260 2018 inquibus
1278 1956 1331 2006 sin-

789 2017 860 2082 gulis
879 2019 1032 2070 indicandis
1054 2038 1108 2072 uon
1125 2038 1236 2087 prorsus
1254 2041 1332 2090 pere-

789 2088 957 2152 grinatorum
976 2091 1149 2142 narrationes
1167 2093 1219 2142 sibi
1234 2109 1331 2146 eonve-

788 2158 875 2207 niunt.

823 2213 906 2282 αδιις
924 2215 951 2282 ἐς
969 2221 1065 2291 ἕτερον
1084 2228 1187 2278 πλοῖον
1204 2221 1289 2298 ἐμβάς
1302 2248 1327 2282 ιι.

788 2309 811 2344 τ.
832 2294 868 2362 λ]
893 2295 983 2358 Haec,
1010 2297 1119 2362 opinor,
1146 2305 1272 2364 spectant
1295 2303 1329 2352 ad

789 2381 835 2415 eas
853 2364 990 2431 regiones,
1010 2383 1080 2432 quae
1090 2368 1156 2419 fines
1170 2373 1330 2436 septentrio-

788 2434 864 2486 nales
892 2439 981 2485 terroe
1005 2437 1130 2503 Dongola
1158 2443 1329 2507 transgresso

788 2509 883 2568 patent
907 2510 935 2554 et
961 2507 997 2556 ad
1020 2507 1137 2558 hieroam
1164 2525 1249 2575 usque
1271 2527 1329 2576 per-

787 2575 885 2624 tinent.
922 2575 980 2624 Iam
1008 2577 1079 2626 enim
1100 2578 1156 2627 Nili
1181 2579 1274 2631 alveus
1298 2581 1330 2630 fit

788 2641 869 2694 latior
886 2659 936 2693 nec
955 2646 1074 2709 seopulis
1093 2647 1251 2712 impeditus:
1269 2650 1329 2714 ipse

789 2713 887 2764 fluvius
910 2713 939 2762 in
962 2713 1040 2778 plura
1061 2715 1173 2768 brachia
1195 2718 1329 2770 dissectus

788 2781 879 2846 plures
898 2781 983 2832 efficit
1004 2783 1107 2834 insulas
1132 2801 1260 2852 perquam
1278 2789 1330 2838 fer-

789 2852 851 2902 tiles
875 2852 1045 2917 omniumque
1070 2869 1158 2904 rarum
1186 2857 1265 2920 copia
1287 2857 1328 2908 ai·

789 2923 913 2972 fluentes.
949 2921 1011 2970 Vid.
1037 2923 1153 2973 Heereu.
1179 2923 1196 2973 l.
1222 2925 1239 2974 l.
1263 2940 1326 2992 pag.

789 2991 840 3044 360
851 3005 926 3054 seqq.
958 2992 1063 3056 Exque
1076 2993 1170 3042 eodem
1184 2992 1250 3044 illud
1260 2995 1328 3044 adii·

789 3061 890 3120 cimus,
919 3059 991 3124 quod
1018 3075 1090 3110 nuno
1115 3061 1224 3113 aliunde
1245 3064 1327 3114 etiam

785 3129 852 3179 satis
871 3133 992 3190 constat,
1012 3145 1116 3180 omnem
1128 3131 1328 3200 hauoceregio-

787 3213 846 3248 nem
865 3197 900 3246 ab
918 3199 1037 3264 Aegypti
1054 3199 1177 3252 confiniis
1190 3217 1275 3269 usque
1292 3204 1326 3254 ad

787 3269 905 3317 hieroam
922 3267 950 3317 in
965 3273 1080 3332 atraque
1093 3270 1148 3320 Nili
1163 3272 1223 3336 ripa
1240 3273 1327 3338 splen·

788 3337 858 3387 didis
873 3337 1033 3402 templorum
1051 3341 1193 3390 ruderibus
1211 3341 1327 3408 aliisque

788 3405 918 3456 aediliciis
947 3407 1120 3472 amplissimis
1146 3411 1262 3460 maxime
1288 3413 1327 3460 in-

787 3477 891 3541 signem
909 3491 981 3536 eese;
1007 3493 1076 3542 quoe
1100 3479 1173 3543 ipsa,
1197 3495 1257 3530 eum
1275 3481 1327 3530 Αε-

785 3620 878 3666 sturae
895 3631 981 3681 genus
999 3617 1157 3678 exhibeant,
1177 3617 1212 3667 ed
1230 3634 1263 3668 ca
1284 3633 1323 3668 re-

784 3689 828 3734 cte
848 3684 1023 3735 diiudicanda
1045 3701 1125 3751 quam
1142 3688 1259 3739 maxime
1280 3703 1326 3738 va·

785 3754 854 3816 lent,
874 3770 943 3819 quae
961 3755 1042 3819 paulo
1060 3761 1124 3806 ante
1142 3757 1279 3820 posuimus
1292 3757 1326 3808 de

785 3825 903 3889 Aegypti
926 3823 1074 3889 originibus
1099 3830 1126 3874 et
1149 3825 1181 3875 de
1199 3841 1326 3878 commer-

785 3894 827 3944 cio
850 3894 922 3943 inter
945 3898 1050 3944 veteres
1074 3894 1220 3960 Aethiopes
1244 3901 1325 3963 etque

785 3963 944 4027 Aegyptios.

820 4028 867 4080 καλ
884 4027 979 4082 ἔπειτα
996 4019 1074 4096 ἥξεις
1092 4023 1119 4089 ἐς
1143 4023 1227 4081 πόλιν
1242 4025 1324 4098 μεμεί-

786 4100 847 4166 λην]
866 4091 945 4166 ἥξεις
963 4102 1046 4155 etiam
1058 4103 1195 4152 Lucienus
1214 4103 1325 4167 praebet

786 4170 820 4220 de
847 4186 904 4221 ver.
937 4171 1031 4221 histor.
1065 4172 1101 4233 11,
1129 4174 1171 4234 27,
1202 4172 1325 4239 idemque

785 4241 843 4290 sine
861 4239 917 4290 ulle
937 4241 1062 4290 lectionis
1085 4242 1219 4294 varietate
1235 4248 1326 4294 exstat

786 4307 858 4374 apud
874 4310 1006 4360 Herodot.
1031 4311 1068 4372 II,
1092 4310 1134 4363 30.
1172 4311 1261 4374 Quare
1281 4327 1326 4364 ec·

982 4532 1047 4552 μ
