<?xml version="1.0" encoding="UTF-8"?>
<!DOCTYPE html PUBLIC "-//W3C//DTD XHTML 1.0 Transitional//EN"
    "http://www.w3.org/TR/xhtml1/DTD/xhtml1-transitional.dtd">
<html xmlns="http://www.w3.org/1999/xhtml" xml:lang="en" lang="en">
 <head>
  <title>
</title>
<meta http-equiv="Content-Type" content="text/html;charset=utf-8" />
  <meta name='ocr-system' content='tesseract 3.04.00' />
  <meta name='ocr-capabilities' content='ocr_page ocr_carea ocr_par ocr_line ocrx_word'/>
</head>
<body>
  <div class='ocr_page' id='page_1' title='image "./herodotihalicar00bhgoog_0508.png"; bbox 0 0 3088 4922; ppageno 0'>
   <div class='ocr_carea' id='block_1_1' title="bbox 555 244 1313 354">
    <p class='ocr_par' dir='ltr' id='par_1_1' title="bbox 555 244 1313 354">
     <span class='ocr_line' id='line_1_1' title="bbox 555 244 1313 354; baseline 0.011 -8"><span class='ocrx_word' id='word_1_1' title='bbox 555 286 801 348; x_wconf 82' lang='lat' dir='ltr'><strong>EU&#39;I&#39;ERPE.</strong></span> <span class='ocrx_word' id='word_1_2' title='bbox 825 288 867 346; x_wconf 84' lang='lat'><strong>11.</strong></span> <span class='ocrx_word' id='word_1_3' title='bbox 888 299 932 352; x_wconf 70' lang='grc'><strong>18.</strong></span> <span class='ocrx_word' id='word_1_4' title='bbox 1117 244 1124 258; x_wconf 94' lang='lat'><strong>·</strong></span> <span class='ocrx_word' id='word_1_5' title='bbox 1254 291 1313 354; x_wconf 86' lang='grc'><strong>481</strong></span> 
     </span>
    </p>
   </div>
   <div class='ocr_carea' id='block_1_2' title="bbox 178 454 1315 1072">
    <p class='ocr_par' dir='ltr' id='par_1_2' title="bbox 178 454 1315 1072">
     <span class='ocr_line' id='line_1_2' title="bbox 178 454 1314 552; baseline 0.006 -24"><span class='ocrx_word' id='word_1_6' title='bbox 178 457 292 547; x_wconf 80' lang='grc' dir='ltr'><em>λήνων</em></span> <span class='ocrx_word' id='word_1_7' title='bbox 312 463 380 527; x_wconf 79' lang='lat' dir='ltr'><strong>suiv</strong></span> <span class='ocrx_word' id='word_1_8' title='bbox 400 454 472 545; x_wconf 74' lang='grc' dir='ltr'><em>ἐμοὶ</em></span> <span class='ocrx_word' id='word_1_9' title='bbox 487 455 702 547; x_wconf 75' lang='grc' dir='ltr'><em>ἀπικομένων</em></span> <span class='ocrx_word' id='word_1_10' title='bbox 718 456 750 538; x_wconf 77' lang='grc' dir='ltr'><strong>ἐς</strong></span> <span class='ocrx_word' id='word_1_11' title='bbox 765 460 895 547; x_wconf 79' lang='grc' dir='ltr'><strong><em>λόγους,</em></strong></span> <span class='ocrx_word' id='word_1_12' title='bbox 910 459 1023 543; x_wconf 74' lang='grc' dir='ltr'><em>οὐδεὶς</em></span> <span class='ocrx_word' id='word_1_13' title='bbox 1043 457 1205 552; x_wconf 77' lang='grc' dir='ltr'><strong><em>ὑπέσχετο</em></strong></span> <span class='ocrx_word' id='word_1_14' title='bbox 1226 465 1314 535; x_wconf 79' lang='grc' dir='ltr'><strong>01δὲ-</strong></span> 
     </span>
     <span class='ocr_line' id='line_1_3' title="bbox 178 557 1315 659; baseline 0.007 -28"><span class='ocrx_word' id='word_1_15' title='bbox 178 589 246 646; x_wconf 84' lang='grc' dir='ltr'><em>ναι,</em></span> <span class='ocrx_word' id='word_1_16' title='bbox 262 566 294 629; x_wconf 83' lang='grc' dir='ltr'><strong>εί</strong></span> <span class='ocrx_word' id='word_1_17' title='bbox 305 559 350 648; x_wconf 79' lang='grc' dir='ltr'><strong>μὴ</strong></span> <span class='ocrx_word' id='word_1_18' title='bbox 366 557 403 630; x_wconf 82' lang='grc' dir='ltr'><em>ἐν</em></span> <span class='ocrx_word' id='word_1_19' title='bbox 417 559 579 655; x_wconf 76' lang='grc' dir='ltr'><em>Αἰγύπτῳ</em></span> <span class='ocrx_word' id='word_1_20' title='bbox 601 559 639 631; x_wconf 80' lang='grc' dir='ltr'><em>ἐν</em></span> <span class='ocrx_word' id='word_1_21' title='bbox 653 561 721 630; x_wconf 78' lang='grc' dir='ltr'><strong><em>Σάι·</em></strong></span> <span class='ocrx_word' id='word_1_22' title='bbox 738 562 814 632; x_wconf 78' lang='grc' dir='ltr'><strong><em>πόλι</em></strong></span> <span class='ocrx_word' id='word_1_23' title='bbox 835 559 853 630; x_wconf 84' lang='grc' dir='ltr'><strong>ὁ</strong></span> <span class='ocrx_word' id='word_1_24' title='bbox 876 565 1123 656; x_wconf 79' lang='grc' dir='ltr'><em>γραμματιστὴς</em></span> <span class='ocrx_word' id='word_1_25' title='bbox 1140 573 1209 637; x_wconf 72' lang='grc' dir='ltr'><em>τῶν</em></span> <span class='ocrx_word' id='word_1_26' title='bbox 1231 573 1315 659; x_wconf 75' lang='lat' dir='ltr'><strong>[poio</strong></span> 
     </span>
     <span class='ocr_line' id='line_1_4' title="bbox 179 654 1313 759; baseline 0.009 -28"><span class='ocrx_word' id='word_1_27' title='bbox 179 662 357 752; x_wconf 78' lang='grc' dir='ltr'><em>χρημάτων</em></span> <span class='ocrx_word' id='word_1_28' title='bbox 370 669 427 752; x_wconf 80' lang='grc' dir='ltr'><strong>τῆς</strong></span> <span class='ocrx_word' id='word_1_29' title='bbox 438 660 625 753; x_wconf 85' lang='grc' dir='ltr'><em>Ἀθηναίης.</em></span> <span class='ocrx_word' id='word_1_30' title='bbox 653 654 750 743; x_wconf 83' lang='grc' dir='ltr'><strong><em>οὗτος</em></strong></span> <span class='ocrx_word' id='word_1_31' title='bbox 768 662 799 734; x_wconf 80' lang='grc' dir='ltr'><strong>δ’</strong></span> <span class='ocrx_word' id='word_1_32' title='bbox 819 663 895 754; x_wconf 81' lang='grc' dir='ltr'><em>ἐμοί</em></span> <span class='ocrx_word' id='word_1_33' title='bbox 905 694 945 753; x_wconf 82' lang='grc' dir='ltr'><strong>γε</strong></span> <span class='ocrx_word' id='word_1_34' title='bbox 959 675 1089 754; x_wconf 81' lang='grc' dir='ltr'><em>παίζειν</em></span> <span class='ocrx_word' id='word_1_35' title='bbox 1108 666 1232 755; x_wconf 75' lang='grc' dir='ltr'><strong><em>ἐδόκεε,</em></strong></span> <span class='ocrx_word' id='word_1_36' title='bbox 1247 671 1313 759; x_wconf 81' lang='lat' dir='ltr'><strong>poi·</strong></span> 
     </span>
     <span class='ocr_line' id='line_1_5' title="bbox 179 757 1314 862; baseline 0.01 -28"><span class='ocrx_word' id='word_1_37' title='bbox 179 793 279 854; x_wconf 80' lang='grc' dir='ltr'><em>μενος</em></span> <span class='ocrx_word' id='word_1_38' title='bbox 293 765 420 836; x_wconf 77' lang='grc' dir='ltr'><em>εἰδέναι</em></span> <span class='ocrx_word' id='word_1_39' title='bbox 433 763 608 854; x_wconf 72' lang='grc' dir='ltr'>ἀτρεκέως.</span> <span class='ocrx_word' id='word_1_40' title='bbox 632 773 725 854; x_wconf 76' lang='grc' dir='ltr'><em>ἔλεγε</em></span> <span class='ocrx_word' id='word_1_41' title='bbox 740 767 777 834; x_wconf 79' lang='lat' dir='ltr'><strong>til</strong></span> <span class='ocrx_word' id='word_1_42' title='bbox 793 757 874 836; x_wconf 77' lang='lat' dir='ltr'><strong>eide·</strong></span> <span class='ocrx_word' id='word_1_43' title='bbox 898 767 998 840; x_wconf 82' lang='grc' dir='ltr'><em>Εἶναι</em></span> <span class='ocrx_word' id='word_1_44' title='bbox 1014 770 1076 842; x_wconf 82' lang='lat' dir='ltr'><strong>‹tv&#39;o</strong></span> <span class='ocrx_word' id='word_1_45' title='bbox 1090 767 1192 862; x_wconf 76' lang='grc' dir='ltr'><strong><em>οὔρεα</em></strong></span> <span class='ocrx_word' id='word_1_46' title='bbox 1208 770 1314 856; x_wconf 69' lang='grc' dir='ltr'><strong>1ςόξύ</strong></span> 
     </span>
     <span class='ocr_line' id='line_1_6' title="bbox 180 866 1315 964; baseline 0.009 -28"><span class='ocrx_word' id='word_1_47' title='bbox 180 867 238 949; x_wconf 77' lang='grc' dir='ltr'><strong>τὰς</strong></span> <span class='ocrx_word' id='word_1_48' title='bbox 257 867 409 958; x_wconf 75' lang='grc' dir='ltr'><strong><em>κορυφὰς</em></strong></span> <span class='ocrx_word' id='word_1_49' title='bbox 422 866 615 960; x_wconf 68' lang='grc' dir='ltr'><em>ἀπηγμένα,</em></span> <span class='ocrx_word' id='word_1_50' title='bbox 630 866 753 957; x_wconf 74' lang='grc' dir='ltr'><em>μεταξὺ</em></span> <span class='ocrx_word' id='word_1_51' title='bbox 769 870 906 958; x_wconf 80' lang='grc' dir='ltr'><em>Συήνης</em></span> <span class='ocrx_word' id='word_1_52' title='bbox 919 899 955 940; x_wconf 86' lang='grc' dir='ltr'><strong>τε</strong></span> <span class='ocrx_word' id='word_1_53' title='bbox 971 872 1086 953; x_wconf 79' lang='grc' dir='ltr'><strong><em>πόλιος</em></strong></span> <span class='ocrx_word' id='word_1_54' title='bbox 1106 883 1243 964; x_wconf 83' lang='grc' dir='ltr'><em>κείμενα</em></span> <span class='ocrx_word' id='word_1_55' title='bbox 1257 883 1315 964; x_wconf 83' lang='grc' dir='ltr'><strong>τῆς</strong></span> 
     </span>
     <span class='ocr_line' id='line_1_7' title="bbox 181 969 1314 1072; baseline 0.004 -30"><span class='ocrx_word' id='word_1_56' title='bbox 181 977 349 1060; x_wconf 77' lang='grc' dir='ltr'><em>Θηβαΐδος</em></span> <span class='ocrx_word' id='word_1_57' title='bbox 363 974 418 1041; x_wconf 78' lang='grc' dir='ltr'><strong>καὶ</strong></span> <span class='ocrx_word' id='word_1_58' title='bbox 429 969 681 1062; x_wconf 78' lang='grc' dir='ltr'><em>Ἐλεφαντίνης·</em></span> <span class='ocrx_word' id='word_1_59' title='bbox 697 969 865 1059; x_wconf 81' lang='grc' dir='ltr'><em>οὐνόματα</em></span> <span class='ocrx_word' id='word_1_60' title='bbox 877 972 913 1042; x_wconf 80' lang='lat' dir='ltr'><strong>di</strong></span> <span class='ocrx_word' id='word_1_61' title='bbox 929 973 1016 1043; x_wconf 83' lang='grc' dir='ltr'><em>εἶναι</em></span> <span class='ocrx_word' id='word_1_62' title='bbox 1030 991 1114 1046; x_wconf 77' lang='grc' dir='ltr'><strong><em>τοῖσι</em></strong></span> <span class='ocrx_word' id='word_1_63' title='bbox 1128 973 1254 1068; x_wconf 76' lang='grc' dir='ltr'><strong><em>οὔρεσι,</em></strong></span> <span class='ocrx_word' id='word_1_64' title='bbox 1268 985 1314 1072; x_wconf 79' lang='grc' dir='ltr'><strong>τῷ</strong></span> 
     </span>
    </p>
   </div>
   <div class='ocr_carea' id='block_1_3' title="bbox 180 1131 1387 4389">
    <p class='ocr_par' dir='ltr' id='par_1_3' title="bbox 180 1131 1387 4389">
     <span class='ocr_line' id='line_1_8' title="bbox 180 1131 1346 1206; baseline 0.004 -19"><span class='ocrx_word' id='word_1_65' title='bbox 180 1137 314 1203; x_wconf 78' lang='lat' dir='ltr'><strong>cambyse</strong></span> <span class='ocrx_word' id='word_1_66' title='bbox 336 1153 399 1203; x_wconf 89' lang='lat' dir='ltr'><strong>rege</strong></span> <span class='ocrx_word' id='word_1_67' title='bbox 416 1143 479 1204; x_wconf 89' lang='lat' dir='ltr'><strong>post</strong></span> <span class='ocrx_word' id='word_1_68' title='bbox 502 1139 645 1202; x_wconf 88' lang='lat' dir='ltr'><strong>subactos,</strong></span> <span class='ocrx_word' id='word_1_69' title='bbox 670 1157 723 1204; x_wconf 92' lang='lat' dir='ltr'><strong>quo</strong></span> <span class='ocrx_word' id='word_1_70' title='bbox 776 1139 836 1190; x_wconf 85' lang='lat' dir='ltr'><strong>cavi</strong></span> <span class='ocrx_word' id='word_1_71' title='bbox 858 1155 918 1190; x_wconf 89' lang='lat' dir='ltr'><strong>cum</strong></span> <span class='ocrx_word' id='word_1_72' title='bbox 941 1145 1053 1190; x_wconf 87' lang='lat' dir='ltr'><strong>recentt.</strong></span> <span class='ocrx_word' id='word_1_73' title='bbox 1078 1131 1346 1206; x_wconf 77' lang='grc' dir='ltr'><strong>011ᾱ.ἆπηημίνα,·</strong></span> 
     </span>
     <span class='ocr_line' id='line_1_9' title="bbox 181 1205 1315 1274; baseline -0.002 -16"><span class='ocrx_word' id='word_1_74' title='bbox 181 1213 302 1272; x_wconf 90' lang='lat' dir='ltr'><strong>tempore</strong></span> <span class='ocrx_word' id='word_1_75' title='bbox 326 1208 394 1272; x_wconf 89' lang='lat' dir='ltr'><strong>ipsis</strong></span> <span class='ocrx_word' id='word_1_76' title='bbox 416 1209 535 1272; x_wconf 77' lang='lat' dir='ltr'><strong>praefuit</strong></span> <span class='ocrx_word' id='word_1_77' title='bbox 551 1209 723 1274; x_wconf 74' lang='lat' dir='ltr'><strong>Thamyras,</strong></span> <span class='ocrx_word' id='word_1_78' title='bbox 775 1209 847 1273; x_wconf 91' lang='lat' dir='ltr'><strong>quod</strong></span> <span class='ocrx_word' id='word_1_79' title='bbox 873 1225 956 1260; x_wconf 89' lang='lat' dir='ltr'><strong>uuum</strong></span> <span class='ocrx_word' id='word_1_80' title='bbox 979 1224 1072 1260; x_wconf 85' lang='lat' dir='ltr'><strong>verum</strong></span> <span class='ocrx_word' id='word_1_81' title='bbox 1100 1208 1144 1260; x_wconf 90' lang='lat' dir='ltr'><strong>bic</strong></span> <span class='ocrx_word' id='word_1_82' title='bbox 1169 1225 1243 1272; x_wconf 87' lang='lat' dir='ltr'><strong>esse,</strong></span> <span class='ocrx_word' id='word_1_83' title='bbox 1271 1205 1315 1262; x_wconf 74' lang='lat' dir='ltr'><strong>rel</strong></span> 
     </span>
     <span class='ocr_line' id='line_1_10' title="bbox 180 1275 1315 1343; baseline 0.002 -15"><span class='ocrx_word' id='word_1_84' title='bbox 180 1277 256 1328; x_wconf 90' lang='lat' dir='ltr'><strong>Inari</strong></span> <span class='ocrx_word' id='word_1_85' title='bbox 279 1275 360 1326; x_wconf 88' lang='lat' dir='ltr'><strong>iilius.</strong></span> <span class='ocrx_word' id='word_1_86' title='bbox 397 1279 438 1328; x_wconf 92' lang='lat' dir='ltr'><strong>Eo</strong></span> <span class='ocrx_word' id='word_1_87' title='bbox 463 1279 534 1328; x_wconf 90' lang='lat' dir='ltr'><strong>enim</strong></span> <span class='ocrx_word' id='word_1_88' title='bbox 560 1293 646 1343; x_wconf 89' lang='lat' dir='ltr'><strong>usque</strong></span> <span class='ocrx_word' id='word_1_89' title='bbox 670 1279 724 1328; x_wconf 86' lang='lat' dir='ltr'><strong>He·</strong></span> <span class='ocrx_word' id='word_1_90' title='bbox 774 1278 858 1328; x_wconf 86' lang='lat' dir='ltr'><strong>simili</strong></span> <span class='ocrx_word' id='word_1_91' title='bbox 881 1279 1037 1330; x_wconf 70' lang='lat' dir='ltr'><strong>Pausaniae</strong></span> <span class='ocrx_word' id='word_1_92' title='bbox 1060 1278 1121 1329; x_wconf 92' lang='lat' dir='ltr'><strong>loco</strong></span> <span class='ocrx_word' id='word_1_93' title='bbox 1145 1279 1194 1341; x_wconf 85' lang='lat' dir='ltr'><strong>IX,</strong></span> <span class='ocrx_word' id='word_1_94' title='bbox 1221 1279 1264 1342; x_wconf 85' lang='grc'><strong>38,</strong></span> <span class='ocrx_word' id='word_1_95' title='bbox 1290 1281 1315 1340; x_wconf 80' lang='grc'><strong>2,</strong></span> 
     </span>
     <span class='ocr_line' id='line_1_11' title="bbox 180 1347 1269 1412; baseline 0.004 -16"><span class='ocrx_word' id='word_1_96' title='bbox 180 1347 305 1397; x_wconf 89' lang='lat' dir='ltr'><strong>rodotum</strong></span> <span class='ocrx_word' id='word_1_97' title='bbox 323 1347 479 1412; x_wconf 85' lang='lat' dir='ltr'><strong>pervenisse</strong></span> <span class='ocrx_word' id='word_1_98' title='bbox 501 1349 613 1410; x_wconf 87' lang='lat' dir='ltr'><strong>statuit,</strong></span> <span class='ocrx_word' id='word_1_99' title='bbox 632 1347 724 1412; x_wconf 78' lang='lat' dir='ltr'>ibique</span> <span class='ocrx_word' id='word_1_100' title='bbox 775 1347 891 1412; x_wconf 81' lang='lat' dir='ltr'><strong>aliisque</strong></span> <span class='ocrx_word' id='word_1_101' title='bbox 910 1347 1031 1398; x_wconf 75' lang='lat' dir='ltr'><strong>ostendit</strong></span> <span class='ocrx_word' id='word_1_102' title='bbox 1047 1348 1164 1398; x_wconf 84' lang='lat' dir='ltr'><strong>Bredov.</strong></span> <span class='ocrx_word' id='word_1_103' title='bbox 1182 1363 1209 1412; x_wconf 91' lang='lat' dir='ltr'><strong>p.</strong></span> <span class='ocrx_word' id='word_1_104' title='bbox 1226 1349 1269 1400; x_wconf 78' lang='lat'><strong>72.</strong></span> 
     </span>
     <span class='ocr_line' id='line_1_12' title="bbox 181 1407 1315 1481; baseline 0 -15"><span class='ocrx_word' id='word_1_105' title='bbox 181 1416 350 1481; x_wconf 75' lang='lat' dir='ltr'><strong>quaesivisse</strong></span> <span class='ocrx_word' id='word_1_106' title='bbox 372 1415 406 1466; x_wconf 84' lang='lat' dir='ltr'><strong>&#39;de</strong></span> <span class='ocrx_word' id='word_1_107' title='bbox 424 1416 481 1467; x_wconf 84' lang='lat' dir='ltr'><strong>Nili</strong></span> <span class='ocrx_word' id='word_1_108' title='bbox 499 1417 630 1468; x_wconf 84' lang='lat' dir='ltr'><strong>lontibus.</strong></span> <span class='ocrx_word' id='word_1_109' title='bbox 667 1417 724 1467; x_wconf 87' lang='lat' dir='ltr'><strong>Nec</strong></span> <span class='ocrx_word' id='word_1_110' title='bbox 809 1407 912 1480; x_wconf 76' lang='grc' dir='ltr'><em>μεταξύ</em></span> <span class='ocrx_word' id='word_1_111' title='bbox 937 1409 1053 1481; x_wconf 76' lang='grc' dir='ltr'><em>Συήνης</em></span> <span class='ocrx_word' id='word_1_112' title='bbox 1077 1431 1105 1466; x_wconf 79' lang='grc' dir='ltr'><strong>τε</strong></span> <span class='ocrx_word' id='word_1_113' title='bbox 1134 1408 1233 1474; x_wconf 73' lang='grc' dir='ltr'><strong><em>πόλιος</em></strong></span> <span class='ocrx_word' id='word_1_114' title='bbox 1259 1415 1315 1466; x_wconf 76' lang='grc' dir='ltr'><em>νεί-</em></span> 
     </span>
     <span class='ocr_line' id='line_1_13' title="bbox 181 1482 1315 1552; baseline 0 -16"><span class='ocrx_word' id='word_1_115' title='bbox 181 1487 288 1537; x_wconf 87' lang='lat' dir='ltr'><strong>omuiuo</strong></span> <span class='ocrx_word' id='word_1_116' title='bbox 308 1485 501 1548; x_wconf 89' lang='lat' dir='ltr'><strong>dubitandum,</strong></span> <span class='ocrx_word' id='word_1_117' title='bbox 521 1487 586 1551; x_wconf 85' lang='lat' dir='ltr'><strong>quin</strong></span> <span class='ocrx_word' id='word_1_118' title='bbox 604 1487 723 1552; x_wconf 90' lang='lat' dir='ltr'><strong>aliquam</strong></span> <span class='ocrx_word' id='word_1_119' title='bbox 774 1499 845 1548; x_wconf 84' lang='grc' dir='ltr'><em>μενα</em></span> <span class='ocrx_word' id='word_1_120' title='bbox 869 1483 919 1549; x_wconf 78' lang='grc' dir='ltr'><strong>τῆς</strong></span> <span class='ocrx_word' id='word_1_121' title='bbox 945 1482 1102 1552; x_wconf 78' lang='grc' dir='ltr'><em>Θηβαΐδος]</em></span> <span class='ocrx_word' id='word_1_122' title='bbox 1132 1485 1221 1551; x_wconf 82' lang='lat' dir='ltr'><strong>Syene</strong></span> <span class='ocrx_word' id='word_1_123' title='bbox 1250 1486 1315 1538; x_wconf 89' lang='lat' dir='ltr'><strong>urba</strong></span> 
     </span>
     <span class='ocr_line' id='line_1_14' title="bbox 181 1553 1316 1621; baseline -0.002 -15"><span class='ocrx_word' id='word_1_124' title='bbox 181 1561 253 1606; x_wconf 89' lang='lat' dir='ltr'><strong>certe</strong></span> <span class='ocrx_word' id='word_1_125' title='bbox 276 1555 382 1620; x_wconf 83' lang='lat' dir='ltr'><strong>Libyae</strong></span> <span class='ocrx_word' id='word_1_126' title='bbox 404 1561 508 1620; x_wconf 90' lang='lat' dir='ltr'><strong>partem</strong></span> <span class='ocrx_word' id='word_1_127' title='bbox 532 1571 660 1621; x_wconf 90' lang='lat' dir='ltr'><strong>oramque</strong></span> <span class='ocrx_word' id='word_1_128' title='bbox 685 1556 724 1604; x_wconf 92' lang='lat' dir='ltr'><strong>in·</strong></span> <span class='ocrx_word' id='word_1_129' title='bbox 776 1570 859 1620; x_wconf 90' lang='lat' dir='ltr'><strong>prope</strong></span> <span class='ocrx_word' id='word_1_130' title='bbox 885 1553 1084 1619; x_wconf 84' lang='lat' dir='ltr'><strong>Elephantinen</strong></span> <span class='ocrx_word' id='word_1_131' title='bbox 1118 1555 1176 1606; x_wconf 91' lang='lat' dir='ltr'><strong>sita</strong></span> <span class='ocrx_word' id='word_1_132' title='bbox 1202 1557 1231 1606; x_wconf 92' lang='lat' dir='ltr'><strong>in</strong></span> <span class='ocrx_word' id='word_1_133' title='bbox 1260 1555 1316 1610; x_wconf 82' lang='lat' dir='ltr'><strong>Nili</strong></span> 
     </span>
     <span class='ocr_line' id='line_1_15' title="bbox 181 1623 1316 1692; baseline 0.001 -18"><span class='ocrx_word' id='word_1_134' title='bbox 181 1625 274 1692; x_wconf 89' lang='lat' dir='ltr'><strong>primis</strong></span> <span class='ocrx_word' id='word_1_135' title='bbox 302 1626 465 1676; x_wconf 87' lang='lat' dir='ltr'><strong>maritimam</strong></span> <span class='ocrx_word' id='word_1_136' title='bbox 489 1627 588 1677; x_wconf 85' lang='lat' dir='ltr'><strong>Noster</strong></span> <span class='ocrx_word' id='word_1_137' title='bbox 615 1623 722 1676; x_wconf 86' lang='lat' dir='ltr'><strong>adierit.</strong></span> <span class='ocrx_word' id='word_1_138' title='bbox 775 1625 834 1688; x_wconf 88' lang='lat' dir='ltr'><strong>ripa</strong></span> <span class='ocrx_word' id='word_1_139' title='bbox 864 1623 1003 1686; x_wconf 84' lang='lat' dir='ltr'><strong>orientali,</strong></span> <span class='ocrx_word' id='word_1_140' title='bbox 1033 1625 1079 1674; x_wconf 92' lang='lat' dir='ltr'><strong>ubi</strong></span> <span class='ocrx_word' id='word_1_141' title='bbox 1093 1663 1096 1670; x_wconf 91' lang='lat'><strong>.</strong></span> <span class='ocrx_word' id='word_1_142' title='bbox 1109 1625 1170 1690; x_wconf 89' lang='lat' dir='ltr'><strong>ipsa</strong></span> <span class='ocrx_word' id='word_1_143' title='bbox 1198 1623 1316 1692; x_wconf 77' lang='lat' dir='ltr'><strong>Aegypti</strong></span> 
     </span>
     <span class='ocr_line' id='line_1_16' title="bbox 180 1693 1315 1762; baseline 0.002 -18"><span class='ocrx_word' id='word_1_144' title='bbox 180 1694 242 1744; x_wconf 77' lang='lat' dir='ltr'><strong>vid.</strong></span> <span class='ocrx_word' id='word_1_145' title='bbox 261 1694 355 1760; x_wconf 86' lang='lat' dir='ltr'><strong>Heyse</strong></span> <span class='ocrx_word' id='word_1_146' title='bbox 373 1695 485 1757; x_wconf 79' lang='lat' dir='ltr'><strong>Quaest.</strong></span> <span class='ocrx_word' id='word_1_147' title='bbox 499 1695 600 1746; x_wconf 86' lang='lat' dir='ltr'><strong>Herod.</strong></span> <span class='ocrx_word' id='word_1_148' title='bbox 614 1696 638 1746; x_wconf 91' lang='lat'><strong>1.</strong></span> <span class='ocrx_word' id='word_1_149' title='bbox 658 1709 721 1760; x_wconf 87' lang='lat' dir='ltr'><strong>pag.</strong></span> <span class='ocrx_word' id='word_1_150' title='bbox 775 1693 842 1743; x_wconf 90' lang='lat' dir='ltr'><strong>ditio</strong></span> <span class='ocrx_word' id='word_1_151' title='bbox 858 1693 955 1758; x_wconf 84' lang='lat' dir='ltr'><strong>incipit</strong></span> <span class='ocrx_word' id='word_1_152' title='bbox 970 1694 1141 1762; x_wconf 75' lang='lat' dir='ltr'><strong>Aegyptique</strong></span> <span class='ocrx_word' id='word_1_153' title='bbox 1156 1700 1220 1744; x_wconf 85' lang='lat' dir='ltr'><strong>aunt</strong></span> <span class='ocrx_word' id='word_1_154' title='bbox 1237 1693 1315 1746; x_wconf 82' lang='lat' dir='ltr'><strong>fines.</strong></span> 
     </span>
     <span class='ocr_line' id='line_1_17' title="bbox 183 1762 1315 1830; baseline -0.001 -15"><span class='ocrx_word' id='word_1_155' title='bbox 183 1765 233 1816; x_wconf 80' lang='grc'><strong>115</strong></span> <span class='ocrx_word' id='word_1_156' title='bbox 253 1779 310 1829; x_wconf 92' lang='lat' dir='ltr'><strong>seq.</strong></span> <span class='ocrx_word' id='word_1_157' title='bbox 333 1765 467 1814; x_wconf 88' lang='lat' dir='ltr'><strong>Heereuio</strong></span> <span class='ocrx_word' id='word_1_158' title='bbox 486 1763 530 1814; x_wconf 90' lang='lat' dir='ltr'><strong>hio</strong></span> <span class='ocrx_word' id='word_1_159' title='bbox 553 1762 724 1829; x_wconf 88' lang='lat' dir='ltr'><strong>intelligendi</strong></span> <span class='ocrx_word' id='word_1_160' title='bbox 775 1762 829 1812; x_wconf 87' lang='lat' dir='ltr'><strong>Ubi</strong></span> <span class='ocrx_word' id='word_1_161' title='bbox 838 1777 898 1812; x_wconf 91' lang='lat' dir='ltr'><strong>cum</strong></span> <span class='ocrx_word' id='word_1_162' title='bbox 914 1762 992 1812; x_wconf 87' lang='lat' dir='ltr'><strong>Nilus</strong></span> <span class='ocrx_word' id='word_1_163' title='bbox 1004 1764 1073 1814; x_wconf 87' lang='lat' dir='ltr'><strong>bene</strong></span> <span class='ocrx_word' id='word_1_164' title='bbox 1083 1763 1255 1830; x_wconf 82' lang='lat' dir='ltr'><strong>.navigabilis</strong></span> <span class='ocrx_word' id='word_1_165' title='bbox 1268 1763 1315 1814; x_wconf 85' lang='lat' dir='ltr'><strong>liat</strong></span> 
     </span>
     <span class='ocr_line' id='line_1_18' title="bbox 183 1832 1314 1898; baseline 0 -16"><span class='ocrx_word' id='word_1_166' title='bbox 183 1833 310 1884; x_wconf 80' lang='lat' dir='ltr'><strong>videntur</strong></span> <span class='ocrx_word' id='word_1_167' title='bbox 342 1833 457 1896; x_wconf 89' lang='lat' dir='ltr'><strong>Libyes,</strong></span> <span class='ocrx_word' id='word_1_168' title='bbox 493 1834 540 1898; x_wconf 92' lang='lat' dir='ltr'><strong>qui</strong></span> <span class='ocrx_word' id='word_1_169' title='bbox 571 1832 724 1885; x_wconf 75' lang='lat' dir='ltr'><strong>commercii</strong></span> <span class='ocrx_word' id='word_1_170' title='bbox 775 1832 937 1896; x_wconf 75' lang='lat' dir='ltr'><strong>Aegyptiam</strong></span> <span class='ocrx_word' id='word_1_171' title='bbox 957 1836 1057 1882; x_wconf 87' lang='lat' dir='ltr'><strong>terram</strong></span> <span class='ocrx_word' id='word_1_172' title='bbox 1081 1834 1160 1898; x_wconf 89' lang='lat' dir='ltr'><strong>qnasi</strong></span> <span class='ocrx_word' id='word_1_173' title='bbox 1181 1834 1314 1898; x_wconf 88' lang='lat' dir='ltr'><strong>aperiens,</strong></span> 
     </span>
     <span class='ocr_line' id='line_1_19' title="bbox 183 1901 1315 1966; baseline 0.001 -13"><span class='ocrx_word' id='word_1_174' title='bbox 183 1917 267 1953; x_wconf 86' lang='lat' dir='ltr'><strong>causa</strong></span> <span class='ocrx_word' id='word_1_175' title='bbox 289 1917 322 1952; x_wconf 84' lang='lat' dir='ltr'><strong>ex</strong></span> <span class='ocrx_word' id='word_1_176' title='bbox 345 1901 411 1966; x_wconf 86' lang='lat' dir='ltr'><strong>ipsis</strong></span> <span class='ocrx_word' id='word_1_177' title='bbox 443 1901 497 1952; x_wconf 86' lang='lat' dir='ltr'><strong>illis</strong></span> <span class='ocrx_word' id='word_1_178' title='bbox 524 1902 592 1954; x_wconf 90' lang='lat' dir='ltr'><strong>locis</strong></span> <span class='ocrx_word' id='word_1_179' title='bbox 615 1902 723 1953; x_wconf 86' lang='lat' dir='ltr'><strong>Thebas</strong></span> <span class='ocrx_word' id='word_1_180' title='bbox 774 1901 861 1965; x_wconf 88' lang='lat' dir='ltr'><strong>ipsum</strong></span> <span class='ocrx_word' id='word_1_181' title='bbox 880 1902 954 1952; x_wconf 87' lang='lat' dir='ltr'><strong>urbis</strong></span> <span class='ocrx_word' id='word_1_182' title='bbox 973 1917 1071 1952; x_wconf 89' lang='lat' dir='ltr'><strong>nomen</strong></span> <span class='ocrx_word' id='word_1_183' title='bbox 1089 1901 1151 1952; x_wconf 88' lang='lat' dir='ltr'><strong>hinc</strong></span> <span class='ocrx_word' id='word_1_184' title='bbox 1171 1901 1315 1954; x_wconf 87' lang='lat' dir='ltr'><strong>deductum</strong></span> 
     </span>
     <span class='ocr_line' id='line_1_20' title="bbox 182 1970 1315 2039; baseline 0 -17"><span class='ocrx_word' id='word_1_185' title='bbox 182 1971 306 2022; x_wconf 85' lang='lat' dir='ltr'><strong>venerint</strong></span> <span class='ocrx_word' id='word_1_186' title='bbox 316 1986 402 2036; x_wconf 90' lang='lat' dir='ltr'><strong>eaque</strong></span> <span class='ocrx_word' id='word_1_187' title='bbox 419 1971 447 2020; x_wconf 91' lang='lat' dir='ltr'><strong>in</strong></span> <span class='ocrx_word' id='word_1_188' title='bbox 457 1971 523 2022; x_wconf 91' lang='lat' dir='ltr'><strong>urbe</strong></span> <span class='ocrx_word' id='word_1_189' title='bbox 539 1972 572 2022; x_wconf 89' lang='lat' dir='ltr'><strong>ab</strong></span> <span class='ocrx_word' id='word_1_190' title='bbox 585 1971 724 2023; x_wconf 84' lang='lat' dir='ltr'><strong>Herodoto</strong></span> <span class='ocrx_word' id='word_1_191' title='bbox 776 1970 900 2034; x_wconf 89' lang='lat' dir='ltr'><strong>creduut,</strong></span> <span class='ocrx_word' id='word_1_192' title='bbox 925 1970 997 2036; x_wconf 90' lang='lat' dir='ltr'><strong>quod</strong></span> <span class='ocrx_word' id='word_1_193' title='bbox 1015 1971 1160 2036; x_wconf 83' lang='lat' dir='ltr'><strong>Coptarum</strong></span> <span class='ocrx_word' id='word_1_194' title='bbox 1182 1976 1209 2022; x_wconf 87' lang='lat' dir='ltr'><strong>ct</strong></span> <span class='ocrx_word' id='word_1_195' title='bbox 1228 1972 1315 2039; x_wconf 76' lang='lat' dir='ltr'><strong>Aegy·</strong></span> 
     </span>
     <span class='ocr_line' id='line_1_21' title="bbox 182 2039 1314 2105; baseline 0.001 -14"><span class='ocrx_word' id='word_1_196' title='bbox 182 2041 284 2091; x_wconf 87' lang='lat' dir='ltr'><strong>inerint</strong></span> <span class='ocrx_word' id='word_1_197' title='bbox 297 2039 426 2100; x_wconf 70' lang='lat' dir='ltr'><strong>consulti,</strong></span> <span class='ocrx_word' id='word_1_198' title='bbox 444 2041 501 2092; x_wconf 84' lang='lat' dir='ltr'><strong>rid.</strong></span> <span class='ocrx_word' id='word_1_199' title='bbox 517 2041 600 2093; x_wconf 87' lang='lat' dir='ltr'><strong>ldaen</strong></span> <span class='ocrx_word' id='word_1_200' title='bbox 617 2047 670 2092; x_wconf 89' lang='lat' dir='ltr'><strong>etc.</strong></span> <span class='ocrx_word' id='word_1_201' title='bbox 685 2039 723 2100; x_wconf 92' lang='lat'><strong>11,</strong></span> <span class='ocrx_word' id='word_1_202' title='bbox 775 2041 892 2104; x_wconf 89' lang='lat' dir='ltr'><strong>ptiorum</strong></span> <span class='ocrx_word' id='word_1_203' title='bbox 916 2055 1040 2091; x_wconf 90' lang='lat' dir='ltr'><strong>sermone</strong></span> <span class='ocrx_word' id='word_1_204' title='bbox 1063 2045 1104 2091; x_wconf 90' lang='lat' dir='ltr'><strong>est</strong></span> <span class='ocrx_word' id='word_1_205' title='bbox 1127 2039 1212 2091; x_wconf 79' lang='lat' dir='ltr'><strong>Souna</strong></span> <span class='ocrx_word' id='word_1_206' title='bbox 1235 2039 1265 2105; x_wconf 93' lang='lat' dir='ltr'><strong>(i.</strong></span> <span class='ocrx_word' id='word_1_207' title='bbox 1289 2057 1314 2092; x_wconf 88' lang='lat' dir='ltr'><strong>s.</strong></span> 
     </span>
     <span class='ocr_line' id='line_1_22' title="bbox 182 2108 1315 2177; baseline -0.001 -17"><span class='ocrx_word' id='word_1_208' title='bbox 182 2111 208 2162; x_wconf 82' lang='lat'><strong>2.</strong></span> <span class='ocrx_word' id='word_1_209' title='bbox 228 2125 256 2174; x_wconf 87' lang='lat' dir='ltr'><strong>p.</strong></span> <span class='ocrx_word' id='word_1_210' title='bbox 272 2109 323 2160; x_wconf 79' lang='grc'><strong>439</strong></span> <span class='ocrx_word' id='word_1_211' title='bbox 340 2108 401 2160; x_wconf 85' lang='grc'><strong>0011.</strong></span> <span class='ocrx_word' id='word_1_212' title='bbox 421 2109 459 2172; x_wconf 91' lang='lat'><strong>11,</strong></span> <span class='ocrx_word' id='word_1_213' title='bbox 480 2111 502 2160; x_wconf 96' lang='lat' dir='ltr'><strong>l.</strong></span> <span class='ocrx_word' id='word_1_214' title='bbox 520 2127 582 2177; x_wconf 88' lang='lat' dir='ltr'><strong>pag.</strong></span> <span class='ocrx_word' id='word_1_215' title='bbox 603 2110 661 2162; x_wconf 82' lang='grc'><strong>195.</strong></span> <span class='ocrx_word' id='word_1_216' title='bbox 775 2112 906 2173; x_wconf 81' lang='lat' dir='ltr'><strong>operiens,</strong></span> <span class='ocrx_word' id='word_1_217' title='bbox 933 2111 1000 2175; x_wconf 83' lang='lat' dir='ltr'><strong>quod</strong></span> <span class='ocrx_word' id='word_1_218' title='bbox 1022 2111 1157 2173; x_wconf 76' lang='lat' dir='ltr'><strong>aperiendi</strong></span> <span class='ocrx_word' id='word_1_219' title='bbox 1172 2111 1247 2160; x_wconf 82' lang='lat' dir='ltr'><strong>latet</strong></span> <span class='ocrx_word' id='word_1_220' title='bbox 1267 2125 1315 2174; x_wconf 72' lang='lat' dir='ltr'><strong>po</strong></span> 
     </span>
     <span class='ocr_line' id='line_1_23' title="bbox 217 2169 1315 2246; baseline 0 -18"><span class='ocrx_word' id='word_1_221' title='bbox 217 2173 244 2228; x_wconf 85' lang='grc' dir='ltr'><strong>εί</strong></span> <span class='ocrx_word' id='word_1_222' title='bbox 264 2171 302 2243; x_wconf 83' lang='grc' dir='ltr'><strong>μὴ</strong></span> <span class='ocrx_word' id='word_1_223' title='bbox 328 2169 358 2228; x_wconf 69' lang='grc' dir='ltr'><em>ἐν</em></span> <span class='ocrx_word' id='word_1_224' title='bbox 378 2171 509 2246; x_wconf 74' lang='grc' dir='ltr'><strong>Αἰγύπτῳ</strong></span> <span class='ocrx_word' id='word_1_225' title='bbox 528 2170 559 2230; x_wconf 77' lang='grc' dir='ltr'><em>ἐν</em></span> <span class='ocrx_word' id='word_1_226' title='bbox 581 2172 639 2230; x_wconf 64' lang='lat' dir='ltr'><strong>adr</strong></span> <span class='ocrx_word' id='word_1_227' title='bbox 657 2172 723 2229; x_wconf 78' lang='grc' dir='ltr'><strong>πόλι</strong></span> <span class='ocrx_word' id='word_1_228' title='bbox 774 2176 911 2240; x_wconf 80' lang='lat' dir='ltr'><strong>testatem),</strong></span> <span class='ocrx_word' id='word_1_229' title='bbox 930 2179 1048 2228; x_wconf 74' lang='lat' dir='ltr'><strong>Arabum</strong></span> <span class='ocrx_word' id='word_1_230' title='bbox 1072 2179 1165 2246; x_wconf 88' lang='lat' dir='ltr'><strong>lingua</strong></span> <span class='ocrx_word' id='word_1_231' title='bbox 1181 2181 1315 2236; x_wconf 79' lang='lat' dir='ltr'><strong>Arsacen,-</strong></span> 
     </span>
     <span class='ocr_line' id='line_1_24' title="bbox 181 2239 1315 2315; baseline 0.001 -17"><span class='ocrx_word' id='word_1_232' title='bbox 181 2239 196 2298; x_wconf 81' lang='grc' dir='ltr'><strong>ό</strong></span> <span class='ocrx_word' id='word_1_233' title='bbox 218 2240 426 2313; x_wconf 74' lang='grc' dir='ltr'><em>γραμματιστὴς</em></span> <span class='ocrx_word' id='word_1_234' title='bbox 447 2245 503 2297; x_wconf 75' lang='grc' dir='ltr'><em>τῶν</em></span> <span class='ocrx_word' id='word_1_235' title='bbox 522 2241 594 2312; x_wconf 74' lang='lat' dir='ltr'><strong>[peis</strong></span> <span class='ocrx_word' id='word_1_236' title='bbox 617 2239 723 2314; x_wconf 73' lang='grc' dir='ltr'><em>ηρημά-</em></span> <span class='ocrx_word' id='word_1_237' title='bbox 775 2247 822 2298; x_wconf 89' lang='lat' dir='ltr'><strong>sed</strong></span> <span class='ocrx_word' id='word_1_238' title='bbox 841 2247 972 2299; x_wconf 89' lang='lat' dir='ltr'><strong>hodierna</strong></span> <span class='ocrx_word' id='word_1_239' title='bbox 990 2249 1054 2298; x_wconf 89' lang='lat' dir='ltr'><strong>urbs</strong></span> <span class='ocrx_word' id='word_1_240' title='bbox 1072 2247 1154 2315; x_wconf 88' lang='lat' dir='ltr'><strong>paulo</strong></span> <span class='ocrx_word' id='word_1_241' title='bbox 1173 2249 1260 2315; x_wconf 90' lang='lat' dir='ltr'><strong>magis</strong></span> <span class='ocrx_word' id='word_1_242' title='bbox 1274 2264 1315 2299; x_wconf 93' lang='lat' dir='ltr'><strong>ae·</strong></span> 
     </span>
     <span class='ocr_line' id='line_1_25' title="bbox 181 2309 1316 2383; baseline 0.002 -18"><span class='ocrx_word' id='word_1_243' title='bbox 181 2332 238 2366; x_wconf 84' lang='grc' dir='ltr'><em>των</em></span> <span class='ocrx_word' id='word_1_244' title='bbox 262 2317 312 2382; x_wconf 78' lang='grc' dir='ltr'><strong>τῆς</strong></span> <span class='ocrx_word' id='word_1_245' title='bbox 337 2309 506 2383; x_wconf 78' lang='grc' dir='ltr'><em>Ἀθηναίης]</em></span> <span class='ocrx_word' id='word_1_246' title='bbox 538 2319 614 2380; x_wconf 81' lang='lat' dir='ltr'><strong>Quae</strong></span> <span class='ocrx_word' id='word_1_247' title='bbox 639 2317 723 2369; x_wconf 86' lang='lat' dir='ltr'><strong>verba</strong></span> <span class='ocrx_word' id='word_1_248' title='bbox 774 2317 953 2382; x_wconf 90' lang='lat' dir='ltr'><strong>ptentrionem</strong></span> <span class='ocrx_word' id='word_1_249' title='bbox 983 2333 1077 2368; x_wconf 82' lang='lat' dir='ltr'><strong>versus</strong></span> <span class='ocrx_word' id='word_1_250' title='bbox 1106 2323 1245 2370; x_wconf 80' lang='lat' dir='ltr'><strong>exstructa</strong></span> <span class='ocrx_word' id='word_1_251' title='bbox 1273 2325 1316 2369; x_wconf 84' lang='lat' dir='ltr'><strong>est</strong></span> 
     </span>
     <span class='ocr_line' id='line_1_26' title="bbox 182 2385 1314 2452; baseline 0.001 -14"><span class='ocrx_word' id='word_1_252' title='bbox 182 2388 270 2438; x_wconf 87' lang='lat' dir='ltr'><strong>citans</strong></span> <span class='ocrx_word' id='word_1_253' title='bbox 289 2387 388 2439; x_wconf 86' lang='lat' dir='ltr'><strong>Pollux</strong></span> <span class='ocrx_word' id='word_1_254' title='bbox 405 2387 433 2436; x_wconf 90' lang='lat' dir='ltr'><strong>iu</strong></span> <span class='ocrx_word' id='word_1_255' title='bbox 454 2385 597 2438; x_wconf 88' lang='lat' dir='ltr'><strong>Onomast.</strong></span> <span class='ocrx_word' id='word_1_256' title='bbox 620 2387 667 2451; x_wconf 87' lang='lat' dir='ltr'><strong>1v,</strong></span> <span class='ocrx_word' id='word_1_257' title='bbox 689 2387 721 2438; x_wconf 95' lang='grc'><strong>19</strong></span> <span class='ocrx_word' id='word_1_258' title='bbox 774 2388 807 2436; x_wconf 90' lang='lat' dir='ltr'><strong>ab</strong></span> <span class='ocrx_word' id='word_1_259' title='bbox 819 2387 967 2452; x_wconf 88' lang='lat' dir='ltr'><strong>antiquiori</strong></span> <span class='ocrx_word' id='word_1_260' title='bbox 979 2388 1045 2438; x_wconf 89' lang='lat' dir='ltr'><strong>urbe</strong></span> <span class='ocrx_word' id='word_1_261' title='bbox 1057 2387 1314 2440; x_wconf 87' lang='lat' dir='ltr'><strong>dudumdestructa.</strong></span> 
     </span>
     <span class='ocr_line' id='line_1_27' title="bbox 180 2448 1314 2523; baseline 0 -17"><span class='ocrx_word' id='word_1_262' title='bbox 180 2448 388 2522; x_wconf 77' lang='lat' dir='ltr'><strong>yquppurroriyi</strong></span> <span class='ocrx_word' id='word_1_263' title='bbox 406 2456 450 2506; x_wconf 88' lang='lat' dir='ltr'><strong>hic</strong></span> <span class='ocrx_word' id='word_1_264' title='bbox 467 2455 537 2507; x_wconf 91' lang='lat' dir='ltr'><strong>idem</strong></span> <span class='ocrx_word' id='word_1_265' title='bbox 552 2472 612 2508; x_wconf 89' lang='lat' dir='ltr'><strong>esse</strong></span> <span class='ocrx_word' id='word_1_266' title='bbox 631 2457 671 2508; x_wconf 88' lang='lat' dir='ltr'><strong>ait</strong></span> <span class='ocrx_word' id='word_1_267' title='bbox 682 2461 722 2506; x_wconf 91' lang='lat' dir='ltr'><strong>at·</strong></span> <span class='ocrx_word' id='word_1_268' title='bbox 774 2458 814 2508; x_wconf 90' lang='lat' dir='ltr'><strong>De</strong></span> <span class='ocrx_word' id='word_1_269' title='bbox 832 2457 977 2522; x_wconf 86' lang='lat' dir='ltr'><strong>utriusque.</strong></span> <span class='ocrx_word' id='word_1_270' title='bbox 992 2457 1079 2521; x_wconf 88' lang='lat' dir='ltr'><strong>urbis,</strong></span> <span class='ocrx_word' id='word_1_271' title='bbox 1104 2463 1131 2508; x_wconf 89' lang='lat' dir='ltr'><strong>et</strong></span> <span class='ocrx_word' id='word_1_272' title='bbox 1153 2457 1314 2523; x_wconf 74' lang='lat' dir='ltr'><strong>antiquioris</strong></span> 
     </span>
     <span class='ocr_line' id='line_1_28' title="bbox 181 2517 1315 2592; baseline -0.002 -14"><span class='ocrx_word' id='word_1_273' title='bbox 181 2541 233 2592; x_wconf 87' lang='lat' dir='ltr'><strong>que</strong></span> <span class='ocrx_word' id='word_1_274' title='bbox 257 2517 444 2591; x_wconf 75' lang='grc' dir='ltr'><strong>γραμματεύς.</strong></span> <span class='ocrx_word' id='word_1_275' title='bbox 486 2526 650 2590; x_wconf 87' lang='lat' dir='ltr'><strong>Larcherus,</strong></span> <span class='ocrx_word' id='word_1_276' title='bbox 676 2527 722 2591; x_wconf 90' lang='lat' dir='ltr'><strong>qui</strong></span> <span class='ocrx_word' id='word_1_277' title='bbox 774 2533 801 2576; x_wconf 90' lang='lat' dir='ltr'><strong>et</strong></span> <span class='ocrx_word' id='word_1_278' title='bbox 816 2526 991 2588; x_wconf 87' lang='lat' dir='ltr'><strong>recentioris,</strong></span> <span class='ocrx_word' id='word_1_279' title='bbox 1011 2527 1074 2588; x_wconf 88' lang='lat' dir='ltr'><strong>situ,</strong></span> <span class='ocrx_word' id='word_1_280' title='bbox 1101 2532 1128 2578; x_wconf 88' lang='lat' dir='ltr'><strong>et</strong></span> <span class='ocrx_word' id='word_1_281' title='bbox 1148 2534 1315 2592; x_wconf 85' lang='lat' dir='ltr'><strong>quantopere</strong></span> 
     </span>
     <span class='ocr_line' id='line_1_29' title="bbox 182 2593 1315 2660; baseline 0 -14"><span class='ocrx_word' id='word_1_282' title='bbox 182 2597 256 2660; x_wconf 92' lang='lat' dir='ltr'><strong>prius</strong></span> <span class='ocrx_word' id='word_1_283' title='bbox 274 2593 445 2647; x_wconf 83' lang='lat' dir='ltr'><strong>intellexerat</strong></span> <span class='ocrx_word' id='word_1_284' title='bbox 461 2596 631 2647; x_wconf 87' lang='lat' dir='ltr'><strong>sacerdotem</strong></span> <span class='ocrx_word' id='word_1_285' title='bbox 642 2611 722 2647; x_wconf 88' lang='lat' dir='ltr'><strong>sacro</strong></span> <span class='ocrx_word' id='word_1_286' title='bbox 774 2597 797 2645; x_wconf 90' lang='lat' dir='ltr'><strong>ia</strong></span> <span class='ocrx_word' id='word_1_287' title='bbox 825 2595 975 2646; x_wconf 84' lang='lat' dir='ltr'><strong>adverterit</strong></span> <span class='ocrx_word' id='word_1_288' title='bbox 1000 2596 1164 2648; x_wconf 84' lang='lat' dir='ltr'><strong>Graecorum</strong></span> <span class='ocrx_word' id='word_1_289' title='bbox 1192 2602 1315 2647; x_wconf 84' lang='lat' dir='ltr'><strong>astrono-</strong></span> 
     </span>
     <span class='ocr_line' id='line_1_30' title="bbox 181 2665 1316 2732; baseline 0.001 -17"><span class='ocrx_word' id='word_1_290' title='bbox 181 2667 286 2716; x_wconf 91' lang='lat' dir='ltr'><strong>aerario</strong></span> <span class='ocrx_word' id='word_1_291' title='bbox 314 2671 396 2730; x_wconf 90' lang='lat' dir='ltr'><strong>atque</strong></span> <span class='ocrx_word' id='word_1_292' title='bbox 427 2665 722 2732; x_wconf 85' lang='lat' dir='ltr'><strong>supellectili·praeie·</strong></span> <span class='ocrx_word' id='word_1_293' title='bbox 775 2681 832 2715; x_wconf 87' lang='lat' dir='ltr'><strong>mos</strong></span> <span class='ocrx_word' id='word_1_294' title='bbox 849 2671 876 2715; x_wconf 91' lang='lat' dir='ltr'><strong>et</strong></span> <span class='ocrx_word' id='word_1_295' title='bbox 892 2666 1076 2730; x_wconf 74' lang='lat' dir='ltr'><strong>geographos,</strong></span> <span class='ocrx_word' id='word_1_296' title='bbox 1095 2666 1316 2726; x_wconf 82' lang='lat' dir='ltr'><strong>Eratosthenem,</strong></span> 
     </span>
     <span class='ocr_line' id='line_1_31' title="bbox 181 2733 1314 2799; baseline -0.003 -12"><span class='ocrx_word' id='word_1_297' title='bbox 181 2739 254 2788; x_wconf 89' lang='lat' dir='ltr'><strong>ctum</strong></span> <span class='ocrx_word' id='word_1_298' title='bbox 274 2737 315 2794; x_wconf 83' lang='lat' dir='ltr'><strong>„lc</strong></span> <span class='ocrx_word' id='word_1_299' title='bbox 331 2735 414 2799; x_wconf 73' lang='lat' dir='ltr'><strong>parde</strong></span> <span class='ocrx_word' id='word_1_300' title='bbox 433 2734 477 2785; x_wconf 85' lang='lat' dir='ltr'><strong>des</strong></span> <span class='ocrx_word' id='word_1_301' title='bbox 494 2737 591 2786; x_wconf 69' lang='lat' dir='ltr'><strong>tresorr</strong></span> <span class='ocrx_word' id='word_1_302' title='bbox 606 2734 724 2796; x_wconf 75' lang='grc' dir='ltr'><em>ναννίν,“</em></span> <span class='ocrx_word' id='word_1_303' title='bbox 775 2735 949 2796; x_wconf 83' lang='lat' dir='ltr'><strong>Strabonem,</strong></span> <span class='ocrx_word' id='word_1_304' title='bbox 971 2733 1168 2792; x_wconf 83' lang='lat' dir='ltr'><strong>Ptolemaeum,</strong></span> <span class='ocrx_word' id='word_1_305' title='bbox 1187 2739 1314 2786; x_wconf 87' lang='lat' dir='ltr'><strong>accurate</strong></span> 
     </span>
     <span class='ocr_line' id='line_1_32' title="bbox 182 2803 1315 2870; baseline -0.003 -15"><span class='ocrx_word' id='word_1_306' title='bbox 182 2809 257 2870; x_wconf 85' lang='lat' dir='ltr'><strong>post,</strong></span> <span class='ocrx_word' id='word_1_307' title='bbox 282 2803 442 2854; x_wconf 87' lang='lat' dir='ltr'><strong>Michoelem</strong></span> <span class='ocrx_word' id='word_1_308' title='bbox 466 2811 575 2856; x_wconf 86' lang='lat' dir='ltr'><strong>secutus</strong></span> <span class='ocrx_word' id='word_1_309' title='bbox 600 2805 724 2855; x_wconf 72' lang='grc'><strong>10000]-</strong></span> <span class='ocrx_word' id='word_1_310' title='bbox 776 2804 844 2869; x_wconf 88' lang='lat' dir='ltr'><strong>egit,</strong></span> <span class='ocrx_word' id='word_1_311' title='bbox 864 2807 988 2854; x_wconf 87' lang='lat' dir='ltr'><strong>monente</strong></span> <span class='ocrx_word' id='word_1_312' title='bbox 1008 2803 1244 2864; x_wconf 81' lang='lat' dir='ltr'><strong>Gr.,10mard.in</strong></span> <span class='ocrx_word' id='word_1_313' title='bbox 1262 2805 1315 2854; x_wconf 88' lang='lat' dir='ltr'><strong>De-</strong></span> 
     </span>
     <span class='ocr_line' id='line_1_33' title="bbox 183 2871 1313 2940; baseline -0.002 -16"><span class='ocrx_word' id='word_1_314' title='bbox 183 2879 277 2924; x_wconf 87' lang='lat' dir='ltr'><strong>meutt.</strong></span> <span class='ocrx_word' id='word_1_315' title='bbox 297 2874 392 2924; x_wconf 86' lang='lat' dir='ltr'><strong>societ.</strong></span> <span class='ocrx_word' id='word_1_316' title='bbox 413 2875 488 2924; x_wconf 76' lang='lat' dir='ltr'><strong>bost.</strong></span> <span class='ocrx_word' id='word_1_317' title='bbox 509 2875 531 2924; x_wconf 89' lang='grc' dir='ltr'><strong>Ι.</strong></span> <span class='ocrx_word' id='word_1_318' title='bbox 551 2891 576 2940; x_wconf 92' lang='lat' dir='ltr'><strong>p.</strong></span> <span class='ocrx_word' id='word_1_319' title='bbox 597 2876 666 2936; x_wconf 82' lang='lat'><strong>271,</strong></span> <span class='ocrx_word' id='word_1_320' title='bbox 685 2877 723 2924; x_wconf 81' lang='lat' dir='ltr'><strong>in·</strong></span> <span class='ocrx_word' id='word_1_321' title='bbox 776 2873 868 2938; x_wconf 85' lang='lat' dir='ltr'><strong>script.</strong></span> <span class='ocrx_word' id='word_1_322' title='bbox 894 2871 927 2920; x_wconf 91' lang='lat' dir='ltr'><strong>de</strong></span> <span class='ocrx_word' id='word_1_323' title='bbox 945 2871 1016 2936; x_wconf 81' lang='lat' dir='ltr'><strong>l&#39;Eg.</strong></span> <span class='ocrx_word' id='word_1_324' title='bbox 1036 2871 1090 2922; x_wconf 88' lang='lat' dir='ltr'><strong>vol.</strong></span> <span class='ocrx_word' id='word_1_325' title='bbox 1114 2871 1138 2922; x_wconf 93' lang='lat'><strong>1.</strong></span> <span class='ocrx_word' id='word_1_326' title='bbox 1159 2887 1219 2936; x_wconf 91' lang='lat' dir='ltr'><strong>cap.</strong></span> <span class='ocrx_word' id='word_1_327' title='bbox 1244 2874 1269 2924; x_wconf 77' lang='lat'><strong>².</strong></span> <span class='ocrx_word' id='word_1_328' title='bbox 1287 2887 1313 2936; x_wconf 90' lang='lat' dir='ltr'><strong>p.</strong></span> 
     </span>
     <span class='ocr_line' id='line_1_34' title="bbox 183 2939 1387 3008; baseline -0.003 -14"><span class='ocrx_word' id='word_1_329' title='bbox 183 2950 318 3007; x_wconf 78' lang='lat' dir='ltr'><strong>terpretem</strong></span> <span class='ocrx_word' id='word_1_330' title='bbox 337 2943 454 2993; x_wconf 82' lang='lat' dir='ltr'><strong>reddidit</strong></span> <span class='ocrx_word' id='word_1_331' title='bbox 470 2943 685 3008; x_wconf 72' lang='lat' dir='ltr'><strong>uereptyploram</strong></span> <span class='ocrx_word' id='word_1_332' title='bbox 701 2959 722 2992; x_wconf 91' lang='lat' dir='ltr'><strong>a.</strong></span> <span class='ocrx_word' id='word_1_333' title='bbox 778 2943 789 2992; x_wconf 95' lang='grc'><strong>1</strong></span> <span class='ocrx_word' id='word_1_334' title='bbox 810 2957 885 3006; x_wconf 85' lang='lat' dir='ltr'><strong>seqq.</strong></span> <span class='ocrx_word' id='word_1_335' title='bbox 904 2942 918 2989; x_wconf 79' lang='lat'>7</span> <span class='ocrx_word' id='word_1_336' title='bbox 940 2955 1015 3006; x_wconf 88' lang='lat' dir='ltr'><strong>seqq.</strong></span> <span class='ocrx_word' id='word_1_337' title='bbox 1036 2939 1158 3003; x_wconf 81' lang='lat' dir='ltr'><strong>(Recueil</strong></span> <span class='ocrx_word' id='word_1_338' title='bbox 1180 2945 1232 2990; x_wconf 91' lang='lat' dir='ltr'><strong>etc.</strong></span> <span class='ocrx_word' id='word_1_339' title='bbox 1251 2955 1278 3004; x_wconf 91' lang='lat' dir='ltr'><strong>p.</strong></span> <span class='ocrx_word' id='word_1_340' title='bbox 1301 2941 1309 2990; x_wconf 94' lang='grc'><strong>1</strong></span> <span class='ocrx_word' id='word_1_341' title='bbox 1384 2961 1387 2968; x_wconf 60' lang='grc'>’</span> 
     </span>
     <span class='ocr_line' id='line_1_35' title="bbox 182 3007 1315 3078; baseline -0.004 -16"><span class='ocrx_word' id='word_1_342' title='bbox 182 3028 314 3063; x_wconf 82' lang='lat' dir='ltr'><strong>sacrarum</strong></span> <span class='ocrx_word' id='word_1_343' title='bbox 335 3016 528 3076; x_wconf 68' lang='lat' dir='ltr'><strong>scripturarum.</strong></span> <span class='ocrx_word' id='word_1_344' title='bbox 565 3013 597 3064; x_wconf 91' lang='lat' dir='ltr'><strong>lu</strong></span> <span class='ocrx_word' id='word_1_345' title='bbox 614 3029 667 3078; x_wconf 91' lang='lat' dir='ltr'><strong>quo</strong></span> <span class='ocrx_word' id='word_1_346' title='bbox 685 3011 725 3062; x_wconf 87' lang='lat' dir='ltr'><strong>illi</strong></span> <span class='ocrx_word' id='word_1_347' title='bbox 776 3026 851 3076; x_wconf 88' lang='lat' dir='ltr'><strong>seqq.</strong></span> <span class='ocrx_word' id='word_1_348' title='bbox 871 3026 896 3074; x_wconf 93' lang='lat' dir='ltr'><strong>p.</strong></span> <span class='ocrx_word' id='word_1_349' title='bbox 916 3011 933 3058; x_wconf 83' lang='lat'>8</span> <span class='ocrx_word' id='word_1_350' title='bbox 951 3009 1055 3074; x_wconf 82' lang='lat' dir='ltr'><strong>seqq),</strong></span> <span class='ocrx_word' id='word_1_351' title='bbox 1075 3009 1122 3058; x_wconf 92' lang='lat' dir='ltr'><strong>ubi</strong></span> <span class='ocrx_word' id='word_1_352' title='bbox 1136 3007 1214 3073; x_wconf 86' lang='lat' dir='ltr'><strong>plura</strong></span> <span class='ocrx_word' id='word_1_353' title='bbox 1227 3009 1261 3059; x_wconf 92' lang='lat' dir='ltr'><strong>de</strong></span> <span class='ocrx_word' id='word_1_354' title='bbox 1274 3023 1315 3058; x_wconf 89' lang='lat' dir='ltr'><strong>re·</strong></span> 
     </span>
     <span class='ocr_line' id='line_1_36' title="bbox 184 3076 1315 3148; baseline -0.005 -15"><span class='ocrx_word' id='word_1_355' title='bbox 184 3082 280 3133; x_wconf 90' lang='lat' dir='ltr'><strong>merito</strong></span> <span class='ocrx_word' id='word_1_356' title='bbox 304 3079 458 3148; x_wconf 88' lang='lat' dir='ltr'><strong>obloquitur</strong></span> <span class='ocrx_word' id='word_1_357' title='bbox 481 3082 631 3147; x_wconf 76' lang='lat' dir='ltr'><strong>Schweigh.</strong></span> <span class='ocrx_word' id='word_1_358' title='bbox 651 3081 725 3133; x_wconf 85' lang='lat' dir='ltr'><strong>Satis</strong></span> <span class='ocrx_word' id='word_1_359' title='bbox 776 3079 866 3144; x_wconf 84' lang='lat' dir='ltr'><strong>liquiis</strong></span> <span class='ocrx_word' id='word_1_360' title='bbox 876 3078 976 3128; x_wconf 83' lang='lat' dir='ltr'><strong>veteris</strong></span> <span class='ocrx_word' id='word_1_361' title='bbox 984 3079 1068 3129; x_wconf 75' lang='lat' dir='ltr'><strong>urbia</strong></span> <span class='ocrx_word' id='word_1_362' title='bbox 1093 3078 1135 3128; x_wconf 82' lang='lat' dir='ltr'><strong>Tu</strong></span> <span class='ocrx_word' id='word_1_363' title='bbox 1146 3077 1210 3128; x_wconf 90' lang='lat' dir='ltr'><strong>add.</strong></span> <span class='ocrx_word' id='word_1_364' title='bbox 1220 3076 1315 3128; x_wconf 85' lang='lat' dir='ltr'><strong>Cham-</strong></span> 
     </span>
     <span class='ocr_line' id='line_1_37' title="bbox 182 3144 1315 3215; baseline -0.004 -13"><span class='ocrx_word' id='word_1_365' title='bbox 182 3152 253 3202; x_wconf 92' lang='lat' dir='ltr'><strong>enim</strong></span> <span class='ocrx_word' id='word_1_366' title='bbox 270 3151 354 3202; x_wconf 82' lang='lat' dir='ltr'><strong>verba</strong></span> <span class='ocrx_word' id='word_1_367' title='bbox 370 3150 464 3201; x_wconf 83' lang='lat' dir='ltr'><strong>addite</strong></span> <span class='ocrx_word' id='word_1_368' title='bbox 487 3148 543 3200; x_wconf 74' lang='grc' dir='ltr'><em>τῶν</em></span> <span class='ocrx_word' id='word_1_369' title='bbox 565 3144 637 3214; x_wconf 79' lang='lat' dir='ltr'><strong>ipoiv</strong></span> <span class='ocrx_word' id='word_1_370' title='bbox 658 3165 723 3215; x_wconf 74' lang='grc' dir='ltr'><em>χρη·</em></span> <span class='ocrx_word' id='word_1_371' title='bbox 776 3147 841 3213; x_wconf 92' lang='lat' dir='ltr'><strong>poll.</strong></span> <span class='ocrx_word' id='word_1_372' title='bbox 862 3147 980 3211; x_wconf 85' lang='lat' dir='ltr'><strong>l&#39;Egypt.</strong></span> <span class='ocrx_word' id='word_1_373' title='bbox 994 3163 1057 3198; x_wconf 88' lang='lat' dir='ltr'><strong>sous</strong></span> <span class='ocrx_word' id='word_1_374' title='bbox 1076 3145 1093 3197; x_wconf 94' lang='grc'><strong>1.</strong></span> <span class='ocrx_word' id='word_1_375' title='bbox 1112 3145 1195 3198; x_wconf 88' lang='lat' dir='ltr'><strong>Phar.</strong></span> <span class='ocrx_word' id='word_1_376' title='bbox 1208 3146 1230 3198; x_wconf 87' lang='lat'><strong>1.</strong></span> <span class='ocrx_word' id='word_1_377' title='bbox 1249 3161 1315 3213; x_wconf 87' lang='lat' dir='ltr'><strong>pag.</strong></span> 
     </span>
     <span class='ocr_line' id='line_1_38' title="bbox 182 3212 1314 3285; baseline -0.004 -15"><span class='ocrx_word' id='word_1_378' title='bbox 182 3212 279 3284; x_wconf 77' lang='grc' dir='ltr'><em>μάτων</em></span> <span class='ocrx_word' id='word_1_379' title='bbox 312 3220 433 3271; x_wconf 88' lang='lat' dir='ltr'><strong>indicare</strong></span> <span class='ocrx_word' id='word_1_380' title='bbox 469 3220 607 3278; x_wconf 85' lang='lat' dir='ltr'><strong>videntur,</strong></span> <span class='ocrx_word' id='word_1_381' title='bbox 645 3218 725 3285; x_wconf 92' lang='lat' dir='ltr'><strong>quale</strong></span> <span class='ocrx_word' id='word_1_382' title='bbox 778 3218 824 3268; x_wconf 86' lang='grc'><strong>1111</strong></span> <span class='ocrx_word' id='word_1_383' title='bbox 838 3231 923 3282; x_wconf 80' lang='lat' dir='ltr'><strong>seqq,</strong></span> <span class='ocrx_word' id='word_1_384' title='bbox 937 3217 1038 3267; x_wconf 86' lang='lat' dir='ltr'><strong>Ritter:</strong></span> <span class='ocrx_word' id='word_1_385' title='bbox 1055 3216 1203 3267; x_wconf 87' lang='lat' dir='ltr'><strong>Erdkonde</strong></span> <span class='ocrx_word' id='word_1_386' title='bbox 1213 3215 1236 3267; x_wconf 94' lang='lat'><strong>1.</strong></span> <span class='ocrx_word' id='word_1_387' title='bbox 1251 3231 1314 3282; x_wconf 87' lang='lat' dir='ltr'><strong>pag.</strong></span> 
     </span>
     <span class='ocr_line' id='line_1_39' title="bbox 183 3284 1315 3353; baseline -0.005 -13"><span class='ocrx_word' id='word_1_388' title='bbox 183 3289 264 3340; x_wconf 87' lang='lat' dir='ltr'><strong>buius</strong></span> <span class='ocrx_word' id='word_1_389' title='bbox 281 3289 434 3340; x_wconf 78' lang='lat' dir='ltr'><strong>sacerdotis</strong></span> <span class='ocrx_word' id='word_1_390' title='bbox 453 3289 534 3340; x_wconf 87' lang='lat' dir='ltr'><strong>fuerit</strong></span> <span class='ocrx_word' id='word_1_391' title='bbox 552 3304 658 3352; x_wconf 90' lang='lat' dir='ltr'><strong>munus,</strong></span> <span class='ocrx_word' id='word_1_392' title='bbox 678 3289 724 3353; x_wconf 91' lang='lat' dir='ltr'><strong>qui</strong></span> <span class='ocrx_word' id='word_1_393' title='bbox 776 3285 827 3338; x_wconf 84' lang='grc'><strong>693</strong></span> <span class='ocrx_word' id='word_1_394' title='bbox 839 3300 926 3351; x_wconf 68' lang='lat' dir='ltr'><strong>seqq„</strong></span> <span class='ocrx_word' id='word_1_395' title='bbox 945 3284 1076 3336; x_wconf 86' lang='lat' dir='ltr'><strong>Rosallini</strong></span> <span class='ocrx_word' id='word_1_396' title='bbox 1089 3287 1258 3336; x_wconf 85' lang='lat' dir='ltr'><strong>Monumenti</strong></span> <span class='ocrx_word' id='word_1_397' title='bbox 1272 3284 1315 3335; x_wconf 88' lang='lat' dir='ltr'><strong>del</strong></span> 
     </span>
     <span class='ocr_line' id='line_1_40' title="bbox 183 3353 1083 3424; baseline -0.004 -14"><span class='ocrx_word' id='word_1_398' title='bbox 183 3359 288 3410; x_wconf 89' lang='lat' dir='ltr'><strong>aerario</strong></span> <span class='ocrx_word' id='word_1_399' title='bbox 312 3374 390 3410; x_wconf 86' lang='lat' dir='ltr'><strong>sacro</strong></span> <span class='ocrx_word' id='word_1_400' title='bbox 416 3359 655 3424; x_wconf 85' lang='lat' dir='ltr'><strong>communibusque</strong></span> <span class='ocrx_word' id='word_1_401' title='bbox 683 3373 725 3406; x_wconf 87' lang='lat' dir='ltr'><strong>aa·</strong></span> <span class='ocrx_word' id='word_1_402' title='bbox 777 3353 856 3405; x_wconf 83' lang='lat' dir='ltr'><strong>Culte</strong></span> <span class='ocrx_word' id='word_1_403' title='bbox 874 3369 936 3419; x_wconf 84' lang='lat' dir='ltr'><strong>pag.</strong></span> <span class='ocrx_word' id='word_1_404' title='bbox 957 3355 1005 3406; x_wconf 87' lang='grc'><strong>191</strong></span> <span class='ocrx_word' id='word_1_405' title='bbox 1026 3371 1083 3420; x_wconf 88' lang='lat' dir='ltr'><strong>seq.</strong></span> 
     </span>
     <span class='ocr_line' id='line_1_41' title="bbox 183 3422 1315 3492; baseline -0.008 -12"><span class='ocrx_word' id='word_1_406' title='bbox 183 3427 725 3492; x_wconf 85' lang='lat' dir='ltr'><strong>oerdotaliscollegiireditibuacumprae·</strong></span> <span class='ocrx_word' id='word_1_407' title='bbox 816 3424 921 3474; x_wconf 76' lang='lat' dir='ltr'><strong>Thebais</strong></span> <span class='ocrx_word' id='word_1_408' title='bbox 939 3429 966 3474; x_wconf 90' lang='lat' dir='ltr'><strong>et</strong></span> <span class='ocrx_word' id='word_1_409' title='bbox 988 3423 1032 3474; x_wconf 91' lang='lat' dir='ltr'><strong>hic</strong></span> <span class='ocrx_word' id='word_1_410' title='bbox 1057 3427 1084 3474; x_wconf 91' lang='lat' dir='ltr'><strong>et</strong></span> <span class='ocrx_word' id='word_1_411' title='bbox 1101 3425 1138 3486; x_wconf 83' lang='lat'><strong>11,</strong></span> <span class='ocrx_word' id='word_1_412' title='bbox 1158 3423 1192 3473; x_wconf 82' lang='lat'><strong>92</strong></span> <span class='ocrx_word' id='word_1_413' title='bbox 1210 3438 1264 3472; x_wconf 90' lang='lat' dir='ltr'><strong>nou</strong></span> <span class='ocrx_word' id='word_1_414' title='bbox 1281 3422 1315 3472; x_wconf 88' lang='lat' dir='ltr'><strong>de</strong></span> 
     </span>
     <span class='ocr_line' id='line_1_42' title="bbox 183 3490 1315 3563; baseline -0.009 -15"><span class='ocrx_word' id='word_1_415' title='bbox 183 3499 289 3563; x_wconf 89' lang='lat' dir='ltr'><strong>positus</strong></span> <span class='ocrx_word' id='word_1_416' title='bbox 307 3503 393 3558; x_wconf 85' lang='lat' dir='ltr'><strong>esset,</strong></span> <span class='ocrx_word' id='word_1_417' title='bbox 418 3498 452 3546; x_wconf 89' lang='lat' dir='ltr'><strong>ab</strong></span> <span class='ocrx_word' id='word_1_418' title='bbox 477 3497 611 3547; x_wconf 84' lang='lat' dir='ltr'><strong>Eeerenio</strong></span> <span class='ocrx_word' id='word_1_419' title='bbox 630 3496 723 3560; x_wconf 88' lang='lat' dir='ltr'><strong>(Ideen</strong></span> <span class='ocrx_word' id='word_1_420' title='bbox 774 3507 854 3544; x_wconf 91' lang='lat' dir='ltr'><strong>nomo</strong></span> <span class='ocrx_word' id='word_1_421' title='bbox 872 3492 1021 3555; x_wconf 82' lang='lat' dir='ltr'><strong>Thebaico,</strong></span> <span class='ocrx_word' id='word_1_422' title='bbox 1041 3493 1086 3558; x_wconf 90' lang='lat' dir='ltr'><strong>qui</strong></span> <span class='ocrx_word' id='word_1_423' title='bbox 1101 3492 1200 3542; x_wconf 88' lang='lat' dir='ltr'><strong>dicitnr</strong></span> <span class='ocrx_word' id='word_1_424' title='bbox 1214 3490 1252 3551; x_wconf 90' lang='lat'><strong>11,</strong></span> <span class='ocrx_word' id='word_1_425' title='bbox 1270 3491 1315 3552; x_wconf 74' lang='lat'><strong>42,</strong></span> 
     </span>
     <span class='ocr_line' id='line_1_43' title="bbox 183 3558 1315 3632; baseline -0.009 -14"><span class='ocrx_word' id='word_1_426' title='bbox 183 3567 221 3626; x_wconf 88' lang='lat'><strong>11,</strong></span> <span class='ocrx_word' id='word_1_427' title='bbox 234 3569 259 3619; x_wconf 81' lang='lat'><strong>2.</strong></span> <span class='ocrx_word' id='word_1_428' title='bbox 281 3583 308 3632; x_wconf 92' lang='lat' dir='ltr'><strong>p.</strong></span> <span class='ocrx_word' id='word_1_429' title='bbox 323 3567 383 3630; x_wconf 76' lang='lat'>1:32)</span> <span class='ocrx_word' id='word_1_430' title='bbox 398 3571 513 3616; x_wconf 84' lang='lat' dir='ltr'><strong>vocatur</strong></span> <span class='ocrx_word' id='word_1_431' title='bbox 525 3567 591 3628; x_wconf 80' lang='lat' dir='ltr'><strong>„der</strong></span> <span class='ocrx_word' id='word_1_432' title='bbox 604 3567 725 3617; x_wconf 82' lang='lat' dir='ltr'><strong>Heutmei-</strong></span> <span class='ocrx_word' id='word_1_433' title='bbox 776 3561 823 3614; x_wconf 88' lang='lat' dir='ltr'><strong>sed</strong></span> <span class='ocrx_word' id='word_1_434' title='bbox 843 3561 876 3612; x_wconf 88' lang='lat' dir='ltr'><strong>de</strong></span> <span class='ocrx_word' id='word_1_435' title='bbox 890 3562 948 3627; x_wconf 88' lang='lat' dir='ltr'><strong>ipsa</strong></span> <span class='ocrx_word' id='word_1_436' title='bbox 959 3561 1077 3627; x_wconf 79' lang='lat' dir='ltr'><strong>Aegypti</strong></span> <span class='ocrx_word' id='word_1_437' title='bbox 1091 3566 1168 3625; x_wconf 86' lang='lat' dir='ltr'><strong>parte</strong></span> <span class='ocrx_word' id='word_1_438' title='bbox 1178 3558 1315 3623; x_wconf 83' lang='lat' dir='ltr'><strong>superiore</strong></span> 
     </span>
     <span class='ocr_line' id='line_1_44' title="bbox 182 3626 1313 3700; baseline -0.008 -13"><span class='ocrx_word' id='word_1_439' title='bbox 182 3645 238 3688; x_wconf 82' lang='lat' dir='ltr'><strong>ster</strong></span> <span class='ocrx_word' id='word_1_440' title='bbox 251 3637 296 3686; x_wconf 85' lang='lat' dir='ltr'><strong>des</strong></span> <span class='ocrx_word' id='word_1_441' title='bbox 313 3636 569 3700; x_wconf 65' lang='lat' dir='ltr'><strong>Priertwcollegisoua</strong></span> <span class='ocrx_word' id='word_1_442' title='bbox 585 3651 616 3685; x_wconf 82' lang='lat' dir='ltr'><strong>zu</strong></span> <span class='ocrx_word' id='word_1_443' title='bbox 631 3635 723 3686; x_wconf 83' lang='lat' dir='ltr'><strong>Snir.“</strong></span> <span class='ocrx_word' id='word_1_444' title='bbox 774 3627 951 3698; x_wconf 84' lang='lat' dir='ltr'><strong>intelligenda</strong></span> <span class='ocrx_word' id='word_1_445' title='bbox 966 3636 1016 3681; x_wconf 88' lang='lat' dir='ltr'><strong>est.</strong></span> <span class='ocrx_word' id='word_1_446' title='bbox 1054 3629 1132 3680; x_wconf 83' lang='lat' dir='ltr'><strong>Conf.</strong></span> <span class='ocrx_word' id='word_1_447' title='bbox 1147 3629 1183 3688; x_wconf 91' lang='lat'><strong>11,</strong></span> <span class='ocrx_word' id='word_1_448' title='bbox 1202 3627 1233 3676; x_wconf 79' lang='lat' dir='ltr'><strong>lb</strong></span> <span class='ocrx_word' id='word_1_449' title='bbox 1247 3626 1313 3692; x_wconf 91' lang='lat' dir='ltr'><strong>ibiq.</strong></span> 
     </span>
     <span class='ocr_line' id='line_1_45' title="bbox 183 3702 828 3756; baseline -0.009 0"><span class='ocrx_word' id='word_1_450' title='bbox 183 3707 225 3756; x_wconf 90' lang='lat' dir='ltr'><strong>De</strong></span> <span class='ocrx_word' id='word_1_451' title='bbox 240 3705 357 3756; x_wconf 79' lang='lat' dir='ltr'><strong>Minerua</strong></span> <span class='ocrx_word' id='word_1_452' title='bbox 376 3705 480 3755; x_wconf 85' lang='lat' dir='ltr'><strong>Saitica</strong></span> <span class='ocrx_word' id='word_1_453' title='bbox 497 3709 524 3754; x_wconf 92' lang='lat' dir='ltr'><strong>et</strong></span> <span class='ocrx_word' id='word_1_454' title='bbox 545 3703 578 3754; x_wconf 92' lang='lat' dir='ltr'><strong>de</strong></span> <span class='ocrx_word' id='word_1_455' title='bbox 596 3705 661 3754; x_wconf 91' lang='lat' dir='ltr'><strong>urbe</strong></span> <span class='ocrx_word' id='word_1_456' title='bbox 678 3702 724 3753; x_wconf 84' lang='lat' dir='ltr'><strong>Sci</strong></span> <span class='ocrx_word' id='word_1_457' title='bbox 773 3705 828 3752; x_wconf 87' lang='lat' dir='ltr'><strong>not.</strong></span> 
     </span>
     <span class='ocr_line' id='line_1_46' title="bbox 184 3760 1315 3834; baseline -0.012 -9"><span class='ocrx_word' id='word_1_458' title='bbox 184 3774 257 3825; x_wconf 85' lang='grc'><strong>0001.</strong></span> <span class='ocrx_word' id='word_1_459' title='bbox 281 3779 338 3824; x_wconf 85' lang='grc'><strong>001.</strong></span> <span class='ocrx_word' id='word_1_460' title='bbox 360 3773 395 3824; x_wconf 92' lang='lat' dir='ltr'><strong>ad</strong></span> <span class='ocrx_word' id='word_1_461' title='bbox 418 3773 456 3834; x_wconf 90' lang='lat'><strong>11,</strong></span> <span class='ocrx_word' id='word_1_462' title='bbox 481 3774 523 3826; x_wconf 83' lang='lat'><strong>59.</strong></span> <span class='ocrx_word' id='word_1_463' title='bbox 548 3773 591 3824; x_wconf 79' lang='lat'><strong>62.</strong></span> <span class='ocrx_word' id='word_1_464' title='bbox 629 3763 724 3834; x_wconf 81' lang='grc' dir='ltr'><em>,,Σά·ι’ν</em></span> <span class='ocrx_word' id='word_1_465' title='bbox 809 3765 856 3818; x_wconf 78' lang='grc' dir='ltr'><strong>καὶ</strong></span> <span class='ocrx_word' id='word_1_466' title='bbox 875 3760 1092 3832; x_wconf 58' lang='grc' dir='ltr'><em>Ἐλεφαντίνης]</em></span> <span class='ocrx_word' id='word_1_467' title='bbox 1113 3767 1155 3816; x_wconf 91' lang='lat' dir='ltr'><strong>De</strong></span> <span class='ocrx_word' id='word_1_468' title='bbox 1177 3761 1315 3828; x_wconf 88' lang='lat' dir='ltr'><strong>Elephan-</strong></span> 
     </span>
     <span class='ocr_line' id='line_1_47' title="bbox 183 3832 1315 3897; baseline -0.009 -5"><span class='ocrx_word' id='word_1_469' title='bbox 183 3837 376 3894; x_wconf 74' lang='grc' dir='ltr'><em>αίθαλοέσσαν</em></span> <span class='ocrx_word' id='word_1_470' title='bbox 386 3841 462 3893; x_wconf 80' lang='lat' dir='ltr'><strong>novit</strong></span> <span class='ocrx_word' id='word_1_471' title='bbox 472 3842 607 3893; x_wconf 87' lang='lat' dir='ltr'><strong>Nicander</strong></span> <span class='ocrx_word' id='word_1_472' title='bbox 618 3842 646 3892; x_wconf 89' lang='lat' dir='ltr'><strong>in</strong></span> <span class='ocrx_word' id='word_1_473' title='bbox 656 3839 724 3892; x_wconf 79' lang='lat' dir='ltr'><strong>The·</strong></span> <span class='ocrx_word' id='word_1_474' title='bbox 776 3841 832 3890; x_wconf 88' lang='lat' dir='ltr'><strong>tine</strong></span> <span class='ocrx_word' id='word_1_475' title='bbox 849 3838 904 3888; x_wconf 85' lang='lat' dir='ltr'><strong>vid.</strong></span> <span class='ocrx_word' id='word_1_476' title='bbox 920 3842 990 3888; x_wconf 89' lang='lat' dir='ltr'><strong>nott.</strong></span> <span class='ocrx_word' id='word_1_477' title='bbox 1006 3836 1041 3886; x_wconf 91' lang='lat' dir='ltr'><strong>ad</strong></span> <span class='ocrx_word' id='word_1_478' title='bbox 1058 3835 1095 3896; x_wconf 91' lang='lat'><strong>11,</strong></span> <span class='ocrx_word' id='word_1_479' title='bbox 1114 3835 1155 3885; x_wconf 83' lang='grc'><strong>17.</strong></span> <span class='ocrx_word' id='word_1_480' title='bbox 1175 3832 1229 3884; x_wconf 90' lang='lat' dir='ltr'><strong>Sed</strong></span> <span class='ocrx_word' id='word_1_481' title='bbox 1245 3845 1315 3897; x_wconf 88' lang='lat' dir='ltr'><strong>quae</strong></span> 
     </span>
     <span class='ocr_line' id='line_1_48' title="bbox 183 3905 1315 3975; baseline -0.011 -13"><span class='ocrx_word' id='word_1_482' title='bbox 183 3913 266 3965; x_wconf 88' lang='lat' dir='ltr'><strong>riacc.</strong></span> <span class='ocrx_word' id='word_1_483' title='bbox 286 3927 327 3962; x_wconf 82' lang='lat' dir='ltr'><strong>vs.</strong></span> <span class='ocrx_word' id='word_1_484' title='bbox 347 3913 407 3973; x_wconf 83' lang='grc'><strong>5119,</strong></span> <span class='ocrx_word' id='word_1_485' title='bbox 432 3911 479 3962; x_wconf 91' lang='lat' dir='ltr'><strong>ubi</strong></span> <span class='ocrx_word' id='word_1_486' title='bbox 502 3911 557 3961; x_wconf 85' lang='lat' dir='ltr'><strong>vid.</strong></span> <span class='ocrx_word' id='word_1_487' title='bbox 583 3911 674 3962; x_wconf 91' lang='lat' dir='ltr'><strong>Schol.</strong></span> <span class='ocrx_word' id='word_1_488' title='bbox 696 3926 723 3975; x_wconf 91' lang='lat' dir='ltr'><strong>p.</strong></span> <span class='ocrx_word' id='word_1_489' title='bbox 775 3909 826 3959; x_wconf 91' lang='lat' dir='ltr'><strong>hoc</strong></span> <span class='ocrx_word' id='word_1_490' title='bbox 844 3909 903 3971; x_wconf 90' lang='lat' dir='ltr'><strong>ipso</strong></span> <span class='ocrx_word' id='word_1_491' title='bbox 921 3905 981 3957; x_wconf 90' lang='lat' dir='ltr'><strong>loco</strong></span> <span class='ocrx_word' id='word_1_492' title='bbox 995 3905 1189 3963; x_wconf 87' lang='lat' dir='ltr'><strong>memorantur,</strong></span> <span class='ocrx_word' id='word_1_493' title='bbox 1210 3915 1243 3951; x_wconf 91' lang='lat' dir='ltr'><strong>ea</strong></span> <span class='ocrx_word' id='word_1_494' title='bbox 1260 3915 1315 3950; x_wconf 89' lang='lat' dir='ltr'><strong>non</strong></span> 
     </span>
     <span class='ocr_line' id='line_1_49' title="bbox 183 3969 1315 4040; baseline -0.014 -4"><span class='ocrx_word' id='word_1_495' title='bbox 183 3979 218 4036; x_wconf 87' lang='grc'><strong>90</strong></span> <span class='ocrx_word' id='word_1_496' title='bbox 241 3981 284 4032; x_wconf 86' lang='lat' dir='ltr'><strong>ed.</strong></span> <span class='ocrx_word' id='word_1_497' title='bbox 308 3981 435 4032; x_wconf 89' lang='lat' dir='ltr'><strong>Schneid.</strong></span> <span class='ocrx_word' id='word_1_498' title='bbox 464 3983 491 4030; x_wconf 90' lang='lat' dir='ltr'><strong>et</strong></span> <span class='ocrx_word' id='word_1_499' title='bbox 515 3979 635 4032; x_wconf 84' lang='lat' dir='ltr'><strong>ciusdem</strong></span> <span class='ocrx_word' id='word_1_500' title='bbox 663 3979 725 4030; x_wconf 77' lang='lat' dir='ltr'><strong>Ani·</strong></span> <span class='ocrx_word' id='word_1_501' title='bbox 776 3977 811 4027; x_wconf 89' lang='lat' dir='ltr'><strong>ad</strong></span> <span class='ocrx_word' id='word_1_502' title='bbox 828 3975 1042 4040; x_wconf 86' lang='lat' dir='ltr'><strong>Elephantinen,</strong></span> <span class='ocrx_word' id='word_1_503' title='bbox 1062 3986 1154 4023; x_wconf 86' lang='lat' dir='ltr'><strong>verum</strong></span> <span class='ocrx_word' id='word_1_504' title='bbox 1174 3969 1209 4020; x_wconf 85' lang='lat' dir='ltr'><strong>ad</strong></span> <span class='ocrx_word' id='word_1_505' title='bbox 1228 3969 1315 4020; x_wconf 75' lang='lat' dir='ltr'><strong>Philus</strong></span> 
     </span>
     <span class='ocr_line' id='line_1_50' title="bbox 186 4033 1315 4108; baseline -0.012 -8"><span class='ocrx_word' id='word_1_506' title='bbox 186 4049 304 4101; x_wconf 84' lang='lat' dir='ltr'><strong>madrss.</strong></span> <span class='ocrx_word' id='word_1_507' title='bbox 343 4089 351 4103; x_wconf 89' lang='lat'><strong>.</strong></span> <span class='ocrx_word' id='word_1_508' title='bbox 371 4050 449 4102; x_wconf 59' lang='lat' dir='ltr'><strong>148st</strong></span> <span class='ocrx_word' id='word_1_509' title='bbox 478 4049 521 4100; x_wconf 86' lang='lat' dir='ltr'><strong>Cr.</strong></span> <span class='ocrx_word' id='word_1_510' title='bbox 776 4045 863 4108; x_wconf 87' lang='lat' dir='ltr'><strong>(cuius</strong></span> <span class='ocrx_word' id='word_1_511' title='bbox 874 4043 980 4094; x_wconf 88' lang='lat' dir='ltr'><strong>insulae</strong></span> <span class='ocrx_word' id='word_1_512' title='bbox 992 4041 1066 4094; x_wconf 83' lang='lat' dir='ltr'><strong>nulla</strong></span> <span class='ocrx_word' id='word_1_513' title='bbox 1078 4039 1233 4105; x_wconf 86' lang='lat' dir='ltr'><strong>caeteroqui</strong></span> <span class='ocrx_word' id='word_1_514' title='bbox 1243 4033 1315 4104; x_wconf 88' lang='lat' dir='ltr'><strong>apud</strong></span> 
     </span>
     <span class='ocr_line' id='line_1_51' title="bbox 220 4067 1316 4184; baseline -0.009 -16"><span class='ocrx_word' id='word_1_515' title='bbox 220 4111 295 4170; x_wconf 76' lang='grc' dir='ltr'><em>εἶναι</em></span> <span class='ocrx_word' id='word_1_516' title='bbox 320 4067 374 4170; x_wconf 70' lang='lat' dir='ltr'><strong>laio</strong></span> <span class='ocrx_word' id='word_1_517' title='bbox 399 4109 486 4184; x_wconf 73' lang='grc' dir='ltr'><strong>οὔρεα</strong></span> <span class='ocrx_word' id='word_1_518' title='bbox 508 4148 544 4159; x_wconf 88' lang='lat'>-</span> <span class='ocrx_word' id='word_1_519' title='bbox 564 4109 725 4182; x_wconf 77' lang='grc' dir='ltr'><em>ἀπηγμένα]</em></span> <span class='ocrx_word' id='word_1_520' title='bbox 775 4113 945 4166; x_wconf 81' lang='lat' dir='ltr'><strong>Herodotum</strong></span> <span class='ocrx_word' id='word_1_521' title='bbox 966 4109 1078 4176; x_wconf 89' lang='lat' dir='ltr'><strong>mentio)</strong></span> <span class='ocrx_word' id='word_1_522' title='bbox 1103 4109 1239 4175; x_wconf 86' lang='lat' dir='ltr'><strong>pertinere</strong></span> <span class='ocrx_word' id='word_1_523' title='bbox 1259 4112 1316 4158; x_wconf 88' lang='lat' dir='ltr'><strong>ata·</strong></span> 
     </span>
     <span class='ocr_line' id='line_1_52' title="bbox 186 4175 1315 4255; baseline -0.007 -19"><span class='ocrx_word' id='word_1_524' title='bbox 186 4188 204 4238; x_wconf 85' lang='lat' dir='ltr'><strong>i.</strong></span> <span class='ocrx_word' id='word_1_525' title='bbox 219 4204 242 4238; x_wconf 92' lang='lat' dir='ltr'><strong>e.</strong></span> <span class='ocrx_word' id='word_1_526' title='bbox 261 4188 323 4240; x_wconf 82' lang='lat' dir='ltr'><strong>daos</strong></span> <span class='ocrx_word' id='word_1_527' title='bbox 340 4203 398 4240; x_wconf 84' lang='lat' dir='ltr'><strong>erse</strong></span> <span class='ocrx_word' id='word_1_528' title='bbox 415 4196 516 4252; x_wconf 82' lang='lat' dir='ltr'><strong>montes,</strong></span> <span class='ocrx_word' id='word_1_529' title='bbox 535 4203 638 4255; x_wconf 70' lang='lat' dir='ltr'><strong>quom</strong></span> <span class='ocrx_word' id='word_1_530' title='bbox 654 4201 727 4237; x_wconf 83' lang='lat' dir='ltr'><strong>cocu-</strong></span> <span class='ocrx_word' id='word_1_531' title='bbox 777 4183 830 4235; x_wconf 87' lang='lat' dir='ltr'><strong>tuit</strong></span> <span class='ocrx_word' id='word_1_532' title='bbox 852 4179 970 4233; x_wconf 88' lang='lat' dir='ltr'><strong>Iomard.</strong></span> <span class='ocrx_word' id='word_1_533' title='bbox 995 4183 1023 4230; x_wconf 87' lang='lat' dir='ltr'><strong>in</strong></span> <span class='ocrx_word' id='word_1_534' title='bbox 1044 4179 1181 4243; x_wconf 87' lang='lat' dir='ltr'><strong>Descript.</strong></span> <span class='ocrx_word' id='word_1_535' title='bbox 1205 4175 1239 4228; x_wconf 90' lang='lat' dir='ltr'><strong>de</strong></span> <span class='ocrx_word' id='word_1_536' title='bbox 1260 4175 1315 4228; x_wconf 82' lang='lat' dir='ltr'><strong>l&#39;E·</strong></span> 
     </span>
     <span class='ocr_line' id='line_1_53' title="bbox 184 4247 1314 4318; baseline -0.01 -12"><span class='ocrx_word' id='word_1_537' title='bbox 184 4258 249 4306; x_wconf 76' lang='lat' dir='ltr'><strong>m&#39;uu</strong></span> <span class='ocrx_word' id='word_1_538' title='bbox 271 4259 297 4307; x_wconf 81' lang='lat' dir='ltr'><strong>in</strong></span> <span class='ocrx_word' id='word_1_539' title='bbox 320 4265 417 4308; x_wconf 84' lang='lat' dir='ltr'><strong>acutum</strong></span> <span class='ocrx_word' id='word_1_540' title='bbox 433 4257 558 4309; x_wconf 76' lang='lat' dir='ltr'><strong>desinant.</strong></span> <span class='ocrx_word' id='word_1_541' title='bbox 594 4257 646 4308; x_wconf 89' lang='lat' dir='ltr'><strong>Pro</strong></span> <span class='ocrx_word' id='word_1_542' title='bbox 664 4249 727 4304; x_wconf 82' lang='lat' dir='ltr'><strong>olus-</strong></span> <span class='ocrx_word' id='word_1_543' title='bbox 777 4257 853 4318; x_wconf 86' lang='lat' dir='ltr'><strong>gypt.</strong></span> <span class='ocrx_word' id='word_1_544' title='bbox 873 4249 983 4316; x_wconf 80' lang='lat' dir='ltr'><strong>Antiqq.</strong></span> <span class='ocrx_word' id='word_1_545' title='bbox 1006 4247 1061 4300; x_wconf 80' lang='lat' dir='ltr'><strong>vol.</strong></span> <span class='ocrx_word' id='word_1_546' title='bbox 1078 4247 1101 4298; x_wconf 93' lang='lat'><strong>1.</strong></span> <span class='ocrx_word' id='word_1_547' title='bbox 1116 4263 1176 4313; x_wconf 89' lang='lat' dir='ltr'><strong>cap.</strong></span> <span class='ocrx_word' id='word_1_548' title='bbox 1196 4247 1222 4298; x_wconf 80' lang='lat'><strong>2.</strong></span> <span class='ocrx_word' id='word_1_549' title='bbox 1246 4249 1314 4296; x_wconf 89' lang='lat' dir='ltr'><strong>sect.</strong></span> 
     </span>
     <span class='ocr_line' id='line_1_54' title="bbox 184 4313 1314 4389; baseline -0.009 -15"><span class='ocrx_word' id='word_1_550' title='bbox 184 4313 727 4389; x_wconf 69' lang='grc' dir='ltr'><strong>ημέννο1100100001911,64πονο·</strong></span> <span class='ocrx_word' id='word_1_551' title='bbox 777 4324 804 4376; x_wconf 80' lang='lat'><strong>2.</strong></span> <span class='ocrx_word' id='word_1_552' title='bbox 824 4336 886 4388; x_wconf 88' lang='lat' dir='ltr'><strong>pag.</strong></span> <span class='ocrx_word' id='word_1_553' title='bbox 907 4319 948 4372; x_wconf 81' lang='lat' dir='ltr'><strong>te.</strong></span> <span class='ocrx_word' id='word_1_554' title='bbox 973 4317 1006 4370; x_wconf 90' lang='grc'><strong>19</strong></span> <span class='ocrx_word' id='word_1_555' title='bbox 1025 4315 1086 4370; x_wconf 91' lang='grc'><strong>0011.</strong></span> <span class='ocrx_word' id='word_1_556' title='bbox 1111 4331 1172 4381; x_wconf 86' lang='lat' dir='ltr'><strong>cap.</strong></span> <span class='ocrx_word' id='word_1_557' title='bbox 1194 4315 1219 4367; x_wconf 81' lang='grc'><strong>9.</strong></span> <span class='ocrx_word' id='word_1_558' title='bbox 1242 4330 1269 4380; x_wconf 92' lang='lat' dir='ltr'><strong>p.</strong></span> <span class='ocrx_word' id='word_1_559' title='bbox 1291 4314 1314 4364; x_wconf 90' lang='grc'><strong>1.</strong></span> 
     </span>
    </p>
   </div>
   <div class='ocr_carea' id='block_1_4' title="bbox 229 4397 1123 4472">
    <p class='ocr_par' dir='ltr' id='par_1_4' title="bbox 229 4397 1123 4472">
     <span class='ocr_line' id='line_1_55' title="bbox 229 4397 1123 4472; baseline 0.008 -5"><span class='ocrx_word' id='word_1_560' title='bbox 229 4427 394 4472; x_wconf 75' lang='lat' dir='ltr'><strong>HERODO&#39;I&#39;·</strong></span> <span class='ocrx_word' id='word_1_561' title='bbox 419 4429 439 4469; x_wconf 89' lang='lat'><strong>1.</strong></span> <span class='ocrx_word' id='word_1_562' title='bbox 1086 4397 1123 4460; x_wconf 73' lang='lat'><strong>³¹</strong></span> 
     </span>
    </p>
   </div>
   <div class='ocr_carea' id='block_1_5' title="bbox 0 0 1552 4922">
    <p class='ocr_par' dir='ltr' id='par_1_5' title="bbox 0 0 1552 4922">
     <span class='ocr_line' id='line_1_56' title="bbox 0 0 1552 4922; baseline 0 0"><span class='ocrx_word' id='word_1_563' title='bbox 0 0 1552 4922; x_wconf 95' lang='lat' dir='ltr'><strong> </strong></span> 
     </span>
    </p>
   </div>
  </div>
 </body>
</html>
