3088 4944
221 261 282 325 334
651 263 921 328 HERODOTI

219 465 272 508 νοι
297 433 331 518 ές
354 433 417 525 τήν
436 433 576 527 ἤπειρον
601 433 638 508 έκ
666 441 735 506 τόν
755 435 880 524 νήσων.
922 432 960 506 τὸ
985 433 1049 526 γὰρ
1080 431 1223 506 παλαιὸν
1243 429 1354 514 ἐόντες

218 546 323 612 Μίνω
346 567 382 610 τε
409 540 584 630 κατήκοοι,
610 541 666 612 καὶ
688 539 884 628 καλεόμενοι
908 538 1069 626 Λέλεγες,
1096 537 1188 628 εἶχον
1213 535 1272 618 τὰς
1291 537 1350 625 νή-

218 667 314 731 σους,
338 643 446 733 φόρου
471 645 534 733 μὲν
556 639 681 718 οὐδένα
705 639 959 730 ὑποτελέοντες,
981 638 1063 712 ὅσον
1084 643 1143 737 καὶΙ
1160 637 1226 729 ἐμοὶ
1245 647 1350 710 δυνα-

100 751 107 764 '
217 747 274 829 τός
292 755 360 838 εἰμι
373 747 582 838 μακρότατον
606 745 775 831 ἐξικέσθαι
795 743 896 836 ἀκοῇ·
920 750 955 816 ολ
975 745 1030 833 δέ,
1053 741 1139 825 ὅπως
1157 751 1279 824 Μίνως
1294 745 1350 813 δέ·

218 877 306 938 octo,
326 848 497 942 ἐπλήρουν
515 855 551 920 ολ
567 848 626 932 τὰς
644 850 734 932 νέας.
773 845 831 922 ἅτε
853 849 891 920 di
907 847 949 938 δή
964 856 1067 919 Μίνω
1088 876 1125 918 τε
1143 870 1349 936 κατεστραμ-

217 954 323 1045 μένου
343 961 408 1046 μήν
426 953 571 1044 πολλήν,
592 956 648 1024 καὶ
671 951 887 1042 εὐτυχέοντος
904 959 951 1047 τῷ
971 951 1125 1050 πολέμῳ,
1143 950 1181 1023 τό
1196 949 1350 1042 Καρικόν

217 1051 261 1149 ήν
288 1065 388 1140 ἔθνος
414 1056 642 1150 λογιμώτατον
665 1063 735 1128 τῶν
771 1054 904 1129 ἐθνέων
926 1053 1086 1128 ἁπάντων
1117 1053 1201 1126 κατὰ
1230 1060 1351 1126 τοῦτον

216 1160 284 1253 ἅμα
308 1161 368 1233 τὸν
392 1162 515 1254 χρόνον
534 1167 651 1256 μακρῷ
672 1161 825 1250 μάλιστα.
867 1167 927 1230 καί
946 1182 1007 1249 σφι
1029 1157 1122 1251 τριξὰ
1144 1157 1351 1248 ἐξευρήματα

217 1263 366 1356 ἐγένετο,
387 1281 473 1338 τοῖσι
490 1261 690 1354 οἰἝλλήνες
707 1263 898 1356 ἐχρήσαντο.
933 1265 990 1334 καλ
1009 1262 1074 1354 μὰρ
1095 1260 1149 1334 έπλ
1167 1261 1207 1332 τὰ
1225 1261 1350 1354 κράνεα

214 1467 305 1536 legum
329 1473 411 1535 geute
432 1468 506 1534 cpud
530 1472 634 1520 veteres
656 1466 760 1532 tradite
809 1466 839 1518 si
856 1465 999 1518 audiemus
1017 1465 1136 1518 Eitsium
1153 1463 1279 1530 (Quaeri.
1297 1463 1351 1514 He-

215 1539 393 1604 reperisutur.
433 1539 475 1590 Τιι
494 1538 566 1590 coni.
586 1538 683 1590 Hoeck
701 1537 719 1588 1.
739 1537 758 1589 l.
809 1534 886 1586 rodd.
910 1552 938 1602 p.
964 1533 1024 1600 12),
1053 1535 1138 1586 verbs
1159 1533 1217 1585 τῶν
1241 1525 1350 1584 ἐθνέων

215 1613 243 1660 st
261 1623 331 1676 quse
352 1608 409 1660 elis
432 1607 564 1660 excitavit
588 1608 618 1660 C.
640 1609 673 1660 F.
691 1609 758 1658 Her·
807 1595 943 1654 ἁπάντων
955 1605 1064 1672 virgula
1081 1621 1098 1656 s
1115 1604 1290 1671 sequentibus
1309 1618 1349 1652 se-

195 1694 306 1730 usun.
325 1678 431 1732 Griecb.
455 1677 660 1730 Stsetsulterth.
685 1681 710 1741 ἃ.
730 1679 755 1730 6.
807 1675 1026 1740 parendum,
1057 1680 1088 1726 ut
1110 1673 1177 1726 bsec
1204 1674 1257 1726 loci
1286 1671 1350 1722 iude

214 1753 273 1804 not.
289 1749 331 1802 ll.
351 1749 393 1801 sd.
412 1753 502 1814 qusrt.
809 1745 910 1796 existet
927 1745 1075 1796 sententis:
1096 1759 1176 1808 „cum
1194 1745 1283 1796 Minos
1296 1757 1351 1793 ms-

249 1817 336 1870 Μίνα
353 1833 383 1868 τε
402 1810 548 1884 κατήκοοι]
565 1819 607 1870 De
620 1822 757 1868 structura
808 1829 890 1880 guum
918 1815 971 1866 sibi
998 1819 1115 1866 tractum
1141 1814 1295 1880 subegisset
1323 1817 1350 1863 et

214 1889 288 1940 conf.
308 1889 343 1940 sd
363 1889 386 1952 1,
407 1888 466 1942 143.
807 1883 879 1934 bello
898 1883 962 1934 felix
978 1890 1065 1947 esset,
1087 1883 1185 1936 Carice
1205 1899 1272 1950 gens
1296 1898 1350 1932 οιιι-

248 1951 327 2024 εἷχον
345 1951 394 2016 τὰς
414 1947 531 2022 νήσους]
551 1956 666 2008 Videtur
681 1955 756 2006 oblo-
808 1953 882 2003 nium
900 1955 1021 2020 gentium
1039 1954 1092 2004 suit
1109 1953 1275 2016 clarissime,
1299 1951 1349 2002 boc

214 2028 260 2092 qui
271 2027 446 2094 Thucydides
457 2027 481 2090 1,
498 2029 523 2090 4,
542 2026 625 2077 Cures
642 2041 756 2076 census
808 2022 888 2074 simul
913 2028 1031 2090 tempore
1063 2023 1127 2090 (quo
1152 2024 1178 2074 ei
1203 2025 1349 2088 Harpagus

213 2112 230 2146 s
247 2097 340 2149 Minoe
357 2096 453 2148 insulis
471 2094 634 2160 cycladibus
653 2097 755 2146 eiectos
806 2092 906 2143 bellum
917 2092 1033 2158 intulit),
1052 2093 1096 2144 vel
1111 2096 1226 2144 maxime
1243 2091 1347 2143 cluru.“

213 2180 283 2218 esse.
313 2169 349 2218 Et
361 2182 391 2216 re
408 2181 473 2218 veru
491 2165 581 2230 potuit
594 2181 640 2216 eos
657 2166 755 2216 eiicere
807 2162 867 2213 Hoc
884 2179 949 2214 vero
964 2163 988 2214 si
1002 2163 1140 2214 declsrure
1153 2162 1349 2214 soluissstNo·

212 2236 315 2299 Minos,
340 2237 363 2286 si
382 2236 428 2301 qui
447 2235 532 2300 ipsius
555 2235 696 2300 imperium
715 2250 755 2284 re-
806 2235 870 2295 ster‚
888 2232 967 2284 siiter
978 2233 1132 2298 scripsisset
1144 2239 1192 2284 sut
1205 2237 1277 2284 certe
1288 2246 1348 2297 pur·

213 2311 341 2356 cussrsut
364 2304 488 2371 aliosque
507 2304 535 2354 iu
556 2320 648 2355 eorum
666 2303 754 2354 iocum
805 2301 918 2378 ticulum
939 2303 1029 2354 serbis
1060 2295 1131 2352 κατὰ
1161 2301 1265 2351 τοῦτον
1291 2291 1349 2365 ἅμα

212 2375 311 2426 ducere
336 2374 461 2436 colonos,
495 2372 600 2438 reliqus
625 2378 699 2424 terre
720 2373 754 2424 iis
806 2386 856 2420 τον
888 2363 994 2437 χρόνον
1025 2387 1050 2422 κ.
1080 2387 1103 2421 τ.
1128 2372 1151 2420 λ.
1182 2371 1347 2424 addidisset:

212 2442 321 2506 relicte,
340 2444 387 2509 qui
404 2443 546 2510 imperium
565 2443 651 2508 ipsius
672 2458 754 2508 ugno-
805 2439 853 2492 sed
871 2441 938 2493 beec
954 2443 1016 2508 ipss
1032 2441 1115 2492 verbe
1131 2429 1210 2507 (ἅμα)
1227 2441 1295 2492 sutis
1310 2441 1348 2490 in·

211 2518 326 2565 scereut.
346 2543 381 2554 -·
408 2513 442 2563 Iu
464 2511 554 2562 verbis
579 2513 753 2578 sequentibus
806 2511 911 2575 dicant,
935 2527 990 2563 uon
1011 2511 1044 2562 de
1069 2510 1123 2562 ulio
1148 2516 1269 2576 tempore
1288 2525 1348 2562 esse

211 2575 336 2640 δυνατός
359 2576 416 2647 εἰμι
438 2573 617 2647 μακρότατον
642 2599 667 2632 κ.
686 2597 709 2632 τ,
728 2581 751 2631 λ.
805 2596 968 2646 sermonem,
988 2581 1127 2632 seddeeo
1146 2581 1346 2646 ipsotemporc,

210 2652 351 2704 Werierus
368 2652 397 2702 iu
414 2655 489 2703 Actt.
508 2649 612 2716 pbiloll.
626 2653 751 2704 Mouscc.
804 2665 857 2714 quo
872 2651 962 2702 Minos
985 2650 1066 2717 louge
1084 2649 1193 2718 lateque
1210 2651 1347 2716 imperite-

210 2721 242 2785 1,
260 2723 286 2774 2.
315 2737 377 2787 psg.
402 2724 454 2774 244
482 2725 547 2772 sutc
575 2715 753 2786 μακρότατον
803 2719 852 2770 but
868 2720 987 2786 felixque
1002 2725 1061 2773 eret
1078 2720 1163 2774 bello:
1183 2723 1212 2772 iu
1230 2736 1283 2787 quo
1301 2735 1346 2786 ge·

209 2790 294 2844 inseri
312 2791 371 2842 vult
395 2781 455 2856 ἐπὶ,
478 2790 549 2857 quod
567 2792 608 2842 uti
632 2791 693 2842 eliis
714 2791 752 2842 lo·
803 2789 886 2842 rsudo
916 2790 1031 2842 Curibus
1059 2793 1087 2840 et
1115 2791 1181 2856 ipsis
1208 2791 1344 2851 utebatur,

209 2861 250 2914 cis
276 2861 397 2914 additum
418 2861 568 2924 invenitur,
592 2861 633 2912 its
660 2865 752 2912 tumen
803 2873 873 2925 quse
892 2875 959 2925 gens
977 2859 1026 2912 ills
1042 2864 1134 2912 setste
1152 2861 1269 2912 omnium
1293 2859 1345 2910 fuit

208 2931 261 2984 boc
289 2931 350 2983 loco
376 2947 423 2982 cur
446 2930 599 2982 necessario
623 2929 752 2982 adiicien-
804 2928 963 2982 clarissime.
999 2931 1123 2996 Harpsgi
1142 2947 1206 2982 vero
1225 2936 1345 2996 tempere

208 3000 272 3052 dum
291 3001 341 3064 sit,
363 3000 439 3052 nulls
461 3000 527 3052 mibi
549 2999 647 3052 idonee
670 3015 752 3066 eppe-
803 2997 886 3050 erres
904 2999 975 3052 hauc
997 3001 1125 3050 virtutem
1143 3001 1253 3052 minime
1275 3015 1346 3051 coru·

208 3075 250 3122 ret
267 3086 361 3123 csuss.
396 3071 476 3122 Ocni.
493 3070 566 3122 iufrs
581 3069 619 3133 11,
637 3069 671 3122 29
688 3071 749 3122 init.
803 3073 983 3132 monstrasse,
1002 3069 1097 3122 Nostri
1116 3070 1201 3120 verbs
1220 3071 1288 3121 setis
1302 3070 1346 3121 de·

208 3140 359 3206 Schweigh.
384 3141 413 3189 iu
429 3140 522 3192 Lexic.
541 3139 643 3190 Herod.
662 3140 700 3191 11.
720 3157 748 3206 p.
802 3137 1090 3202 clsrsut1‚174init.
1120 3139 1163 3190 Ad
1181 3139 1345 3192 locutionem

207 3209 241 3259 84
253 3209 365 3261 scudem
377 3209 482 3275 profert
491 3209 683 3274 suspicionem,
696 3211 751 3260 He·
800 3204 899 3274 μακρῷ
926 3201 1046 3273 μάλιστα
1073 3209 1241 3275 superlativo
1271 3210 1346 3260 eddi-

207 3277 331 3358 rcdotum
355 3279 471 3330 forsitan
503 3279 659 3343 scripsisse:
692 3267 750 3328 ἐπλ
801 3282 858 3328 tem
876 3281 903 3328 et
921 3293 982 3328 curu
1005 3279 1033 3328 vi
1054 3279 1171 3348 quedem
1194 3283 1257 3346 post
1274 3280 1346 3346 posi-

206 3362 399 3412 perspersum
418 3349 507 3414 ipsum
524 3363 587 3400 vero
605 3347 695 3400 locum
709 3350 750 3400 sic
800 3351 857 3400 tem
876 3348 949 3400 conf.
970 3348 1008 3413 11,
1028 3348 1062 3400 7ss
1080 3353 1108 3400 et
1125 3347 1224 3402 Mettb.
1240 3349 1286 3402 Gr.
1298 3349 1343 3402 Gr.

205 3417 336 3470 reddidit:
363 3425 500 3485 ..quantus
516 3433 576 3483 αμα,
594 3421 751 3482 superiorem
801 3419 826 3481 ξ.
848 3415 909 3470 464.

204 3495 339 3554 respersus
362 3491 501 3542 messoriam
530 3488 651 3540 attinetur
675 3503 749 3553 repe·
834 3481 882 3536 καλ
905 3478 958 3551 γὰρ
977 3475 1023 3536 issi
1048 3477 1081 3535 τόι
1105 3477 1210 3550 κράνεα
1236 3475 1343 3548 λόφους

205 3567 275 3618 serre,
293 3559 382 3610 audita
398 3573 549 3624 σομιοιαεντ
583 3555 665 3610 οιιαὶ“
799 3545 964 3606 ἐπιδέεσθαι
983 3571 1008 3604 κ.
1028 3571 1051 3604 τ.
1069 3553 1105 3620 t]
1131 3555 1197 3605 Tris
1218 3553 1285 3603 hsec
1303 3553 1342 3602 in-

239 3621 270 3678 οῑ
285 3622 318 3680 di
333 3658 369 3670 -
386 3617 529 3692 ἐπλήρουν
548 3570 582 3676 sd
600 3617 651 3684 cde
672 3622 748 3692 νέας]
798 3629 883 3676 rents
905 3625 1004 3677 Strabo
1029 3639 1135 3690 quoque
1158 3621 1273 3674 ceribus
1297 3621 1342 3672 sd-

204 3689 234 3746 ολ
249 3691 287 3746 δέ
300 3729 335 3740 -
346 3687 490 3762 ἐπλήρουν
508 3695 591 3762 dixit„
609 3710 643 3746 sc
661 3695 686 3745 si
702 3711 749 3746 ιιι-
800 3694 895 3746 scribit
911 3694 985 3745 XIV.
1005 3709 1032 3758 p.
1054 3693 1107 3746 976
1123 3693 1155 3755 B,
1173 3703 1249 3754 usus,
1269 3690 1342 3758 quod

203 3769 248 3816 tes
269 3765 416 3832 legeretur:
447 3755 542 3828 φόρον
567 3757 619 3828 μὲν
643 3755 749 3814 eddeva
799 3763 835 3814 sd
852 3763 950 3816 cristes
968 3761 1056 3830 galeis
1074 3762 1216 3830 impositas
1234 3761 1342 3824 attinet,

202 3823 367 3897 ὑπετέλουν,
386 3835 427 3884 its
445 3839 476 3884 ut
494 3825 525 3884 os
537 3825 641 3914 δέιιιοιι
656 3833 691 3884 sd
710 3834 748 3884 di·
798 3833 892 3884 Aicsei
916 3833 1083 3884 testimonio.
1131 3831 1189 3884 Nec
1216 3831 1344 3882 dissentit

201 3902 747 4034 {titt.t‚⁰¹'.⁰.t.‘t⁸;t¹¹ttt⁰tttt
796 3901 1195 4036 iiiiiirffldirdf¹'.d¹
1196 3899 1277 4021 {213⁰
1280 3915 1344 4021 st.

202 4055 255 4104 quo
274 4040 480 4102 antecedentis,
500 4041 599 4107 quibus
616 4033 669 4104 μὲν
685 4056 746 4106 per-
796 4039 885 4090 tsrchi
903 4040 993 4090 locum
1011 4041 1039 4090 iu
1057 4041 1203 4092 Artaxerx.
1222 4055 1284 4106 csp.
1300 4039 1340 4088 10.

201 4107 285 4160 ticuls
316 4109 424 4162 sdiscts
452 4113 507 4172 est,
545 4114 678 4175 spectent.
710 4137 745 4146 -
795 4123 860 4174 pag.
888 4106 953 4160 1016
976 4110 1008 4160 B.
1044 4109 1124 4160 Nunc
1153 4123 1232 4171 vero,
1260 4122 1342 4174 quum

200 4177 286 4230 Puuio
301 4183 364 4242 pest
380 4177 570 4230 eSchellersb.
586 4179 744 4243 scripsimus
794 4177 867 4228 iuter
890 4177 948 4228 scul
968 4181 1044 4228 turus
1062 4177 1192 4243 Assyrias
1214 4177 1279 4230 Nini
1297 4191 1341 4226 ve-

200 4262 262 4297 οιιιιι
280 4247 367 4300 Gsisi.
392 4236 440 4296 ἇτε
464 4240 500 4296 δέ
524 4238 567 4312 δή
585 4246 673 4298 Μίνω
693 4261 742 4312 τε,
795 4246 861 4297 teris
886 4194 987 4296 simidiu
1011 4246 1146 4297 cassidum
1172 4251 1340 4308 ornaments,

200 4315 247 4367 ubi
271 4315 353 4382 vulgo
377 4317 507 4368 omittunt
532 4313 568 4366 δέ
592 4322 619 4367 st
642 4329 683 4366 τε.
708 4347 744 4356 -
795 4315 888 4382 qualis
918 4315 962 4366 hic
994 4315 1108 4366 Caribus
1138 4315 1339 4378 adscribuntur,
