3064 4940
235 257 294 320 158
668 255 939 318 HERODOTI

233 433 535 524 ,,παρασκευάζεαι,
562 439 597 502 οἳ
623 437 781 511 σκυτίνας
808 430 871 519 μὲν
892 426 1112 519 ἀναξυρίδας,
1139 436 1303 519 σκυτίνην
1329 429 1367 500 δὲ

233 535 317 626 ,τὴν
329 535 435 626 ἀλλην
456 535 582 625 ἐσθῆτα
595 537 773 624 φορέουσι·
802 536 966 604 σιτέονται
981 533 1019 602 δὲ
1038 529 1100 603 οὐκ
1114 529 1176 602 ὅσα
1198 530 1366 621 ἐθέλουσι,

233 638 329 726 ,ἀλλ’
346 639 408 712 ὅσα
422 649 551 731 ἔχουσι,
572 638 686 729 ηιίρην
700 645 831 726 ἔχοντες
844 644 1017 728 τρηχείην·
1044 634 1127 726 πρὸς
1146 637 1183 706 δὲ
1203 634 1265 708 οὐκ
1284 649 1367 732 οίνςο

232 750 480 836 ,,διαχρέονται,
507 741 592 814 ἀλλὰ
614 740 871 832 ὑδροποτέουσι·
906 737 947 810 οὐ
973 747 1061 810 σῦκα
1084 740 1121 810 δὲ
1143 747 1255 829 ἔχουσι
1278 743 1365 832 τρώ-

233 877 346 938 „parm
367 847 429 920 οὐκ
449 847 531 920 ἄλλο
545 844 678 936 ἀγαθὸν
690 843 802 916 οὐδέν.
830 845 1004 933 τοῦτομὲν
1019 843 1078 936 δη,
1101 851 1132 913 εί
1151 846 1315 936 νικήσεις,
1334 855 1370 916 τί

232 976 360 1043 ,σφεας
372 951 589 1044 ἀπαιρήσεαι,
610 958 699 1022 τοῑσί
715 977 754 1037 νε
768 949 813 1039 μη
833 947 901 1019 ἐστι
915 952 1037 1038 μηδέν;
1065 951 1235 1036 τοῦτοδὲ,
1256 944 1300 1039 ἢν
1312 979 1364 1021 νι-

233 1064 378 1151 ,,κηθῇς,
404 1057 509 1147 μάθε,
530 1051 592 1124 ὅσα
610 1051 724 1143 ἀγαθὰ
747 1051 954 1142 ἀποβαλέεις.
987 1051 1188 1142 γευσάμενοι
1210 1052 1275 1144 γὰρ
1297 1060 1366 1124 τῶν

232 1158 424 1253 ,ἡμετέρων
435 1157 594 1248 ἀγαθῶν,
615 1160 843 1290 περιέξονται,
861 1154 942 1227 οὐδὲ
961 1154 1108 1228 ἀπωστοὶ
1124 1163 1267 1229 ἔσονται.
1301 1155 1367 1246 lyei

232 1270 316 1356 ,μέν
329 1294 394 1336 νυν
407 1276 518 1335 θεοῖσι
534 1270 597 1351 ἔχω
616 1263 732 1352 χάριν,
753 1291 784 1332 οι
805 1259 868 1332 οὐκ
887 1257 1036 1332 έπ1’νοον
1051 1264 1201 1332 ποιέουσι
1217 1265 1366 1356 Πέρσησι

231 1368 495 1462 ,στρατεύεσθαι
518 1364 573 1438 ἐπὶ
593 1365 737 1446 Λυδούς.
741 1372 761 1403 “
810 1371 920 1434 Ταῦτα
945 1368 1055 1453 λέγων
1079 1361 1142 1434 οὐκ
1171 1373 1287 1436 ἔπειθε
1307 1364 1367 1436 τὸν

232 1483 389 1563 Κροῖσον,
435 1475 584 1563 Πέρσησι
609 1499 691 1561 γαρ,
723 1471 804 1558 πρὶν
825 1466 961 1549 Λνδοδς
983 1472 1296 1559 καταστρέψασθαι,
1323 1497 1366 1558 ην

186 1575 275 1646 72
234 1605 311 1648 ουτε
333 1573 439 1668 ἀβρὸν
452 1573 530 1646 οὔτε
550 1572 682 1662 ἀγαθὸν
697 1569 808 1643 οὐδέν.
857 1579 902 1643 Ol
922 1573 959 1642 δέ
974 1570 1231 1644 usewardus!
1213 1572 1280 1643 υπὸ
1294 1569 1364 1643 Ελ-

232 1748 308 1798 libris
341 1750 449 1816 scriptis
484 1749 557 1800 baud
588 1749 697 1814 probari
729 1748 775 1800 do-

233 1818 327 1871 lemus.

265 1885 293 1939 οι
289 1887 439 1947 σκυτίνας
449 1882 501 1972 pls
511 1879 694 2008 dvoefvprffdorc
710 1900 775 1938 σκυ-

231 1959 314 2024 τίνην
333 1951 410 2009 δὲ
382 1974 435 2024 την
456 1950 545 2022 ’ἀλλην
577 1956 672 2023 σθήτα
689 1956 774 2023 φορέ-

231 2028 306 2094 ουσι]
325 2021 496 2093 ἀναξυρίδες
508 2033 573 2078 sunt
586 2029 701 2078 braccae
714 2043 774 2078 eae-

231 2115 282 2164 que
299 2099 428 2150 arctiores
452 2099 658 2163 angustioresve
679 2114 712 2148 ex
731 2114 774 2148 co·

230 2169 271 2218 rio
290 2168 440 2230 coniectae,
460 2167 540 2233 quale
557 2169 665 2217 omnino
683 2167 775 2232 depre-

231 2239 358 2288 henditur
367 2239 524 2288 vestimenti
531 2253 617 2302 genus
629 2238 700 2303 apud
710 2251 774 2302 gen-

231 2313 273 2358 tes
296 2309 377 2358 Asiae
399 2309 429 2356 in
456 2307 612 2373 regionibus
637 2307 773 2358 montanis

231 2377 347 2444 indeque
383 2377 571 2443 frigidioribus
606 2377 773 2428 habitantes.

231 2449 328 2513 ltaque
355 2463 409 2497 non
440 2449 536 2498 mirum
564 2448 656 2498 Persia
690 2448 773 2498 hocce

229 2518 364 2583 placuisse
390 2518 595 2580 vestimentum,
620 2534 680 2568 cum
701 2517 773 2567 Medi

230 2593 370 2638 uterentur
386 2589 555 2638 vestimentis
573 2587 721 2638 laxioribus
740 2603 772 2637 ac

230 2658 438 2710 remissioribus.
456 2659 553 2710 Adhuc
578 2658 607 2707 in
630 2658 772 2708 ruderibus

230 2729 441 2794 Persepolitanis
477 2729 682 2794 conspiciuntur
721 2727 773 2777 viri

826 1749 893 1800 adeo
911 1751 990 1813 vine,
1009 1767 1062 1815 quo
1080 1751 1123 1801 bic
1141 1755 1168 1801 et
1191 1749 1263 1816 apud
1280 1749 1367 1800 Xeno-

825 1820 954 1884 phontem
972 1820 1083 1886 (Cyrop.
1102 1822 1125 1884 1,
1148 1824 1173 1884 2,
1192 1819 1218 1870 8.
1237 1819 1300 1872 coll.
1318 1821 1366 1883 IV,

826 1895 851 1954 5,
870 1891 911 1955 d.)
925 1906 1017 1940 carere
1037 1890 1172 1955 dicuutur,
1185 1890 1265 1942 valde
1282 1890 1367 1940 indul·

825 1961 918 2010 serint.
944 1959 1007 2011 Vid.
1033 1961 1106 2010 infra
1130 1962 1152 2024 1,
1175 1961 1289 2013 133.—
1306 1959 1366 2009 διοι-

824 2028 955 2094 χρέονται
973 2045 1034 2080 cum
1051 1998 1166 2081 reeentl.
1188 2031 1249 2081 edd.
1268 2029 1368 2081 retinui

825 2115 873 2164 pro
888 2097 1105 2182 διαχρέωνται.
1125 2101 1203 2152 (loni.
1219 2101 1245 2180 Ι,
1266 2101 1310 2152 34.

862 2161 895 2220 orl
916 2167 988 2218 σῦκα
1006 2162 1037 2218 δε
1056 2165 1151 2235 έχουσι
1169 2163 1295 2235 τρώγειν,
1314 2160 1366 2219 οὐκ

824 2228 892 2288 sisso
909 2230 1033 2306 ἀγαθόνΙ
1053 2241 1184 2306 Disputat
1201 2240 1233 2290 de
1246 2239 1366 2290 hocloco

825 2324 858 2358 ac
887 2310 1024 2364 sententia
1053 2311 1208 2360 Herodotea
1244 2310 1365 2359 Iulianus

825 2379 953 2445 Imperat.
978 2380 1044 2445 Ep..
1058 2381 1156 2430 XXIV.
1181 2395 1207 2444 p.
1232 2377 1285 2430 390
1306 2395 1363 2442 seq.

825 2465 851 2514 p.
865 2451 899 2501 32
917 2449 959 2500 ed.
972 2449 1094 2515 Heyler„
1113 2451 1189 2500 cuius
1207 2448 1261 2498 vid.
1281 2463 1365 2498 anno-

825 2524 887 2571 tatt.
908 2536 933 2585 p.
953 2521 1013 2571 261.
1033 2521 1156 2586 Namque
1174 2519 1240 2569 licus
1263 2520 1291 2568 in
1310 2519 1365 2568 iru-

824 2591 903 2655 gibus
923 2591 1092 2640 suavissimis
1111 2590 1243 2654 arborque
1261 2589 1320 2654 ipsa
1337 2589 1365 2636 in

824 2661 1067 2724 praestantissimis
1078 2660 1191 2710 babetur
1209 2661 1280 2724 apud
1294 2663 1366 2708 vete-

824 2746 880 2794 res,
904 2731 1002 2796 quippe
1032 2745 1086 2796 qua
1114 2730 1245 2795 quidquid
1269 2735 1367 2779 natura

230 2803 345 2865 utroque
361 2799 478 2849 vestium
501 2814 599 2866 genere
622 2797 709 2848 induti
729 2813 773 2848 eo·
825 2815 911 2850 suase
939 2815 971 2850 aa
1002 2799 1081 2850 dulce
1118 2802 1239 2865 prolerre
1275 2803 1366 2865 queat,

230 2885 282 2935 que
297 2870 356 2935 ipso
370 2869 437 2919 bene
449 2869 519 2919 inter
535 2883 565 2918 se
577 2867 771 2933 distinguendi.
824 2869 1367 2932 omninoindicatumaxistimemus.Quo-

230 2941 337 2991 Monuit
365 2938 588 2990 Heeren.1deen
616 2939 771 3001 etc.1‚l.
824 2942 898 2991 circa
925 2941 967 2991 Cr.
994 2940 1101 2990 confert
1128 2941 1239 2991 Homeri
1266 2940 1365 3006 Odyss.

230 3025 292 3075 pag.
321 3010 387 3072 215,
419 3009 464 3059 oui
490 3008 552 3058 add.
580 3010 679 3059 Rittar.
707 3007 774 3059 Erd·
824 3011 887 3074 VII,
909 3011 958 3061 1111
976 3026 1052 3092 seq.

227 3079 321 3138 kunde
341 3079 378 3128 ΙΙ.
398 3095 424 3143 p.
445 3079 506 3129 784.
534 3079 591 3129 Nee
610 3080 773 3128 recentiores
859 3094 944 3129 τουτο
956 3093 1008 3144 μεν
1022 3072 1069 3144 δη
1082 3073 1109 3129 εί
1119 3092 1281 3142 νικησιτςκ
1293 3094 1317 3127 τ.
1321 3075 1366 3157 32]

230 3149 332 3198 Persae
355 3147 540 3198 huiuscemodi
559 3149 664 3198 braccis
684 3164 773 3198 caeru·
825 3149 929 3230 Quibus
943 3149 1071 3199 continuo
1084 3153 1269 3214 opponuntur:
1281 3162 1366 3197 τουτο

230 3218 280 3268 leis
299 3217 342 3268 vel
362 3218 451 3268 rubris
477 3217 628 3280 abstineut3
653 3218 715 3268 illae
735 3219 772 3268 di·
825 3211 897 3269 di
877 3235 918 3284 ην
942 3217 1107 3302 νικηθῇς.
1115 3219 1172 3270 Nec
1191 3224 1282 3269 tamen
1305 3233 1366 3268 raro

231 3295 328 3339 cuntur
346 3288 418 3352 apud
428 3289 531 3338 'lurcos
547 3256 677 3340 Sobolloor
695 3289 773 3352 (σαρ-
824 3291 864 3340 sic
876 3289 976 3354 opponi
994 3285 1025 3338 εί
1042 3294 1069 3339 et
1087 3281 1137 3354 ἢν,
1140 3289 1281 3370 'exemplis
1296 3303 1366 3338 com-

170 3370 174 3378 ·
230 3355 365 3426 βαρίδες),
385 3357 435 3408 bae
457 3355 636 3409 Tasbaclsclrir
656 3349 772 3422 (ἀναξυ-
825 3360 987 3409 monstravit
1005 3359 1146 3410 Werier.
1139 3374 1167 3406 ιιι
1190 3359 1266 3411 Actt.
1288 3357 1365 3424 phill.

230 3427 329 3492 ρίδις).
348 3429 427 3479 Coni.
445 3429 610 3479 Hammer.
603 3445 644 3478 ιιι.
662 3429 772 3478 Wiener
824 3431 948 3480 Monacc.
966 3429 989 3492 Ι,
1009 3430 1032 3480 1.
1052 3445 1115 3510 pag.
1137 3427 1195 3479 101.

230 3497 380 3551 dabrblieh.
399 3499 479 3550 VIII.
498 3513 526 3564 p.
545 3497 607 3549 385.
850 3488 896 3582 ἦν
918 3489 984 3550 οὔτε
1011 3489 1135 3564 ἀβρὸν,
1163 3487 1229 3545 οὔτε
1252 3485 1366 3561 ἀγαθὸν

264 3563 361 3634 χώρην
391 3564 502 3634 ἔχοντες
527 3565 671 3632 τρηχείην]
698 3567 773 3616 Ιι1ειιι
824 3560 956 3633 οὖδὲν]’
948 3587 967 3618 ι.
992 3585 1015 3618 e.
1044 3569 1112 3617 nihil
1139 3567 1239 3616 Persae
1262 3566 1366 3616 deliciis

230 3640 389 3704 praedicant
409 3641 509 3689 Persae
534 3639 588 3700 IX,
608 3637 667 3698 121,
692 3636 773 3685 idam·
824 3639 866 3703 (ut
887 3637 994 3704 postea)
1019 3635 1197 3704 indulgebant
1219 3652 1269 3686 nec
1291 3635 1367 3702 quid-

231 3725 284 3774 que
302 3709 350 3758 alii
373 3713 509 3758 testentur
532 3675 693 3772 scriptores,
711 3707 774 3756 Per·
824 3725 904 3774 qnam
934 3723 1026 3758 eorum
1056 3711 1116 3758 erat
1145 3705 1200 3754 illis
1225 3707 1366 3768 bonorum,

231 3793 322 3828 aarum
335 3783 434 3828 terram
448 3779 533 3828 fuisse
545 3792 669 3842 asperam
688 3775 774 3826 cultu·
824 3795 893 3844 quae
916 3779 951 3829 ad
974 3776 1080 3828 mollem
1104 3777 1188 3826 vitam
1212 3775 1368 3827 delicatam·

232 3863 283 3912 que
303 3846 491 3897 difficillimam
510 3847 544 3896 ob
562 3853 677 3908 montes,
696 3860 772 3908 saxa,
823 3865 876 3914 que
893 3847 1050 3913 perducant.

231 3917 286 3966 alia
294 3917 321 3965 id
333 3931 429 3982 genus,
437 3916 553 3982 indeque
564 3921 673 3981 gentem
686 3914 772 3979 ipsam

233 3987 336 4048 duram,
356 3987 450 4050 paucis
474 3991 629 4037 contentam
654 3991 681 4035 et
700 3985 775 4034 tenui
995 4019 1062 4070 cu,
1082 4017 1195 4069 Lm

232 4057 321 4105 victus
357 4057 449 4120 generi
483 4057 652 4107 adstrictam.
694 4054 773 4104 Coni.

233 4125 312 4175 modo
331 4127 453 4192 Xenoph.
465 4127 565 4192 Cyrop.
585 4127 607 4187 1,
626 4125 651 4186 3,
670 4127 696 4174 2.
711 4123 773 4186 vu,
861 4115 900 4172 Οί
920 4117 953 4172 δὲ
970 4111 1203 4172 Καππαδόκαι
1190 4113 1248 4170 υτιὸ
1272 4111 1368 4184 Είλη

233 4197 257 4256 5,
276 4195 320 4246 61.
339 4197 372 4258 V,
397 4199 422 4260 2,
443 4197 485 4248 16.
509 4195 657 4246 Postbac'
650 4209 678 4242 ιιι
696 4207 774 4243 omne
826 4207 883 4241 νων
911 4185 1014 4256 Σύριοι
1042 4183 1259 4255 οὖνομάζσνται]
1285 4191 1369 4239 Hisce

232 4232 389 4324 delicias-ulo
407 4273 434 4317 at
451 4265 567 4316 luxuriei
580 4263 774 4328 genusPersas
825 4261 970 4327 iungenda,
986 4276 1055 4325 quae
1077 4261 1100 4323 1,
1118 4262 1148 4310 71
1169 4261 1229 4310 init.
1245 4263 1368 4309 exeunt:

185 4371 190 4380 .
232 4335 373 4401 prolapsos
405 4351 479 4397 esse,
511 4334 580 4384 satis
612 4337 719 4394 notum,
744 4337 774 4380 ut
825 4331 951 4398 Κροισος
969 4325 1054 4383 dl-
1071 4298 1197 4380 ἒάοιέετο
1214 4324 1370 4394 στρατηίην
