3088 4922
238 256 300 318 498

668 264 940 326 HHRODO'I'I

229 429 355 526 Ἴστρος
368 463 404 506 τε
416 436 481 525 γὰρ
495 437 639 528 ποταμὸς
653 435 837 527 ἀρξάμενος
857 434 894 506 ἐκ
908 442 1049 508 Κελτῶν
1062 439 1119 508 καὶ
1133 435 1295 528 Πυρήνης
1310 431 1375 508 Ιτιό-

238 553 307 623 λιος
332 546 401 632 (ides
420 545 526 631 μέσην
547 549 667 630 σχίζων
684 540 747 630 τήν
764 538 945 631 Εὐρώπην.
981 545 1016 611 οἱ
1031 541 1070 611 δὲ
1083 548 1208 612 Κελτοί
1227 547 1291 611 εἰσι
1313 545 1375 624 ἔξω

237 717 366 762 accurate
385 709 526 775 disputans
553 710 596 760 in:
627 711 741 762 Jahrbb.
761 709 780 758 l.

237 779 334 832 Philol.
353 796 381 831 n.
400 779 520 845 Paedag.
539 779 632 845 Suppl.
650 780 732 830 XIII.
753 795 780 844 p.

238 851 255 901 8
272 865 330 916 seq.
375 851 417 900 De
436 865 515 902 cursu
533 849 598 900 Istri
616 851 690 900 coni.
709 850 782 900 inira

239 921 286 983 IV,
302 920 345 970 49.
382 919 447 969 Istri
471 935 504 970 ec
522 919 579 970 Nili
603 920 781 985 comparatio·

238 1005 298 1040 uem
316 989 436 1040 institult
453 989 535 1039 etiam
559 987 676 1054 Oppian.
696 989 782 1054 Cyne-

238 1065 293 1125 get.
309 1059 346 1122 11,
363 1059 422 1112 tas.
451 1059 493 1110 De
506 1060 571 1109 latri
588 1059 709 1129 fqntibus
728 1060 782 1124 pri-

238 1130 339 1179 marius
353 1133 443 1178 exstat
453 1129 564 1179 Pindari
581 1129 655 1179 locus
672 1129 779 1194 Olymp.

239 1198 293 1260 111,
314 1197 428 1249 250011.
446 1198 524 1262 VIII,
543 1197 593 1260 63,
611 1199 683 1249 nude
702 1197 781 1264 proli-

238 1268 352 1320 cIscitur
366 1269 519 1320 Pausanias
537 1269 571 1331 V,
591 1271 615 1320 7.
651 1267 781 1334 Reliquos

237 1343 359 1388 ueterum
376 1337 461 1400 locos,
481 1338 638 1401 Strabonis,
657 1338 781 1400 aliorum,

238 1408 285 1473 qui
302 1407 364 1457 inde
383 1408 417 1458 ab
437 1409 554 1474 Augusti
571 1413 663 1458 aetate
683 1408 781 1459 deDs-

238 1477 314 1527 nubii
332 1477 453 1527 sontibus
472 1477 636 1538 retulerunt,
661 1477 783 1528 exhibuit

237 1552 420 1611 accurateque
430 1548 561 1598 tractavit
572 1547 601 1597 O.
612 1549 644 1598 B.
657 1550 689 1598 A.
700 1547 781 1597 Fick-

238 1617 290 1667 ler:
317 1617 369 1667 Die
391 1616 628 1681 Dones-Quellen
653 1617 709 1667 und
731 1615 781 1666 das

237 1685 449 1752 Abnobagebirg
467 1687 514 1737 der
525 1687 615 1738 Alton.
637 1685 781 1737 Oarlsruhs

239 1755 315 1807 1840.
340 1771 365 1821 p.
395 1755 425 1805 14
443 1771 518 1823 seqq.
555 1757 625 1808 Add.
649 1758 781 1822 Porbiger

238 1825 347 1876 Hsndb.
368 1824 394 1874 d.
414 1824 463 1877 alt.
482 1827 581 1892 osogr.
601 1826 779 1894 111.p.32⁴.

240 1895 316 1958 Quas
334 1895 434 1946 Noster
452 1895 484 1946 de
507 1897 573 1946 Istri
593 1897 714 1947 lontibus
736 1895 781 1944 hic

239 1965 348 2027 scribit,
378 1969 408 2014 ut
431 1965 467 2016 ab
490 1967 629 2017 Hecataeo
656 1967 781 2017 desumta

239 2035 346 2085 credam
377 2032 418 2098 (ut
444 2035 605 2088 Grotefend:
633 2037 686 2086 Zur
713 2036 782 2086 Geo-

238 2104 333 2172 graph.
353 2119 380 2154 u.
400 2104 498 2156 Gesch.
517 2121 543 2156 v.
566 2105 725 2156 Ait-Italion
742 2105 780 2155 II.

238 2191 265 2240 p.
284 2171 342 2236 lu),
361 2174 409 2223 vix
428 2173 528 2226 adduci
545 2191 669 2241 possum,
689 2175 780 2236 certis,

239 2243 336 2310 quibus
352 2245 532 2308 comprobem,
552 2247 718 2311 argumentis
737 2245 781 2295 de-

239 2315 365 2364 stitutus:
402 2313 456 2362 nisi
489 2315 541 2365 huc
575 2315 683 2366 trahere
712 2315 780 2366 velis

239 2383 404 2462 verbascap.
424 2382 470 2434 ills
498 2375 513 2433 ὁ
538 2378 590 2449 μὲν
613 2378 650 2451 δὴ
672 2375 781 2450 Ἴστρος

239 2481 274 2494 -
285 2465 358 2514 προς
376 2451 513 2503 πολλῶν
530 2447 704 2518 γινώσκεται,
724 2455 781 2520 qui-

239 2523 290 2574 bus
312 2522 480 2574 Hecataeum
506 2539 612 2591 quoque
634 2525 712 2589 tangi
734 2539 781 2574 vo·

239 2592 312 2651 lunt3
328 2591 470 2642 ci.Ulrsrt:
489 2594 634 2644 Damastes
648 2596 780 2644 etHecat.

239 2677 266 2727 p.
288 2660 320 2712 16
337 2675 394 2728 seq.
430 2662 498 2712 Mihi
521 2663 689 2729 probabilius
708 2663 782 2714 vide-

239 2736 297 2793 tur,
323 2731 491 2782 Herodotum
513 2733 581 2786 haec
603 2735 741 2800 accepIsss
765 2749 781 2783 a

239 2801 330 2851 nantis
349 2817 372 2853 s.
386 2805 595 2868 mercatoribus,
614 2820 682 2872 quos
694 2805 727 2854 de
739 2804 781 2854 hia

240 2876 299 2921 arat
317 2871 482 2923 sciscitatus.

267 2930 377 3004 Ἴστρος
396 2955 424 2992 τε
443 2934 496 3022 γὰρ
515 2934 643 3006 ποταμὸς
660 2933 781 3007 ἀρξάμε-

241 3023 290 3067 νος
308 3000 337 3059 ἐν
361 3010 474 3060 Kaleon
498 3008 546 3061 καὶ
565 3003 703 3076 Πυρήνης
730 3003 781 3060 πό-

239 3077 309 3145 λιος]
328 3079 433 3144 Pyrene
447 3081 511 3132 urbs
522 3082 569 3132 rix
584 3081 693 3131 aliunde
706 3085 779 3130 nota.

241 3147 308 3198 Cum
334 3163 400 3200 vero
427 3151 495 3200 satis
524 3155 647 3214 constet,
680 3151 781 3201 Istrum

240 3231 295 3268 non
322 3217 351 3267 in
379 3221 515 3272 montibus
539 3222 687 3286 Pyrenaeis
706 3219 781 3287 ,(quo

241 3285 349 3352 quldem
371 3287 446 3340 ducit
468 3291 624 3341 Herodotea
645 3291 710 3341 urbs
730 3292 783 3356 Py-

242 3354 335 3419 rene),
367 3373 460 3410 verum
490 3361 518 3411 in
547 3360 661 3412 Abnoba
691 3366 782 3410 monto

242 3424 472 3494 (Sobuarzwald)
508 3431 620 3492 exoriri,
657 3430 691 3480 sd
722 3445 782 3480 eum

240 3497 328 3562 ipsum
342 3503 460 3550 montem
475 3500 647 3565 einsdenrquc
660 3501 717 3550 fore
735 3505 783 3550 snt

241 3568 352 3632 cognati
365 3570 481 3619 nomiuis
492 3571 584 3620 urbem
596 3570 719 3620 locumve
729 3573 783 3622 He-

241 3636 330 3687 rodoti
362 3633 503 3704 Πυρήνην
533 3640 654 3690 nonnulli
683 3642 783 3690 referre

240 3706 410 3759 studuerunt.
442 3709 520 3772 Quod
538 3710 608 3759 enim
627 3711 731 3760 duobus
749 3711 785 3759 ri-

241 3775 326 3840 vulis,
344 3778 442 3842 quibua
458 3793 529 3829 nuno
547 3795 643 3830 nornen
663 3781 740 3844 Priep
757 3785 784 3829 et

242 3843 327 3911 Breps
344 3863 366 3897 s.
385 3847 498 3914 Brs'pucd
517 3854 544 3899 et
564 3849 664 3916 Brepe,
684 3851 784 3900 torma·

240 3919 285 3964 tur
296 3915 437 3967 Danubius
450 3919 521 3969 intra
534 3919 659 3984 oppidum
673 3921 784 3970 Donau-

241 3983 401 4051 eachiugen,
420 3989 502 4038 tertio
514 3989 630 4054 quodam
650 3989 724 4040 fonte
741 4005 784 4040 ac·

242 4052 368 4118 cedente,
395 4071 444 4106 nec
466 4057 545 4123 louge
563 4060 597 4109 ab
615 4059 666 4110 hoc
685 4059 784 4124 oppido

241 4121 379 4174 invenitur
396 4130 474 4176 vicus
487 4129 613 4190 Psobreu,
634 4145 667 4179 ex
682 4128 725 4179 bis
738 4145 785 4179 no-

241 4191 371 4257 minibus,
403 4196 561 4248 obscuriora
584 4200 656 4265 quod
684 4205 783 4262 esseut,

240 4259 285 4310 rel
304 4261 460 4329 depravatis
483 4265 527 4316 vel
545 4269 717 4319 commutatis
741 4285 784 4319 ex-

241 4331 344 4383 stitisse
365 4334 482 4400 Pyrenes
507 4351 603 4388 nornen
622 4337 695 4404 apud
719 4341 783 4388 scri-

832 715 924 776 ptores
954 709 1133 772 celebratum,
1164 707 1212 759 sed
1245 706 1313 757 nihil
1341 705 1376 756 ad

832 779 904 830 huno
922 778 1011 830 locum
1033 780 1171 844 pertinens
1194 780 1248 828 iam
1266 776 1377 829 Glarea-

832 865 883 900 nus
907 848 996 914 (cqus
1014 849 1103 900 locum
1121 847 1201 899 affert
1218 847 1336 899 Piclsler.
1355 847 1375 896 l.

831 918 850 970 l.
871 935 897 984 p.
921 919 962 984 12)
983 919 1197 970 existimaverat.
1234 918 1324 982 Atque
1342 916 1375 968 ds

832 988 928 1039 itsdem
940 990 1096 1054 regionibns
1109 988 1318 1052 nominibusque
1333 1001 1376 1037 co·

832 1059 924 1125 gitans
942 1059 1060 1110 fortasse
1076 1055 1218 1124 πρυγένης
1235 1055 1329 1124 χώρας
1339 1055 1377 1120 le-

833 1128 949 1194 gendum
973 1145 1033 1180 esse
1054 1131 1162 1194 putastt
1182 1125 1375 1192 Daleoampius

832 1199 948 1249 adPlin.
966 1199 1166 1262 H.N.1v,12.
1183 1197 1261 1258 §.tt
1280 1197 1376 1248 Adri-

832 1283 893 1320 cum
907 1268 982 1318 illum
994 1269 1114 1320 Piolrreu
1128 1267 1313 1320 Herodoteam
1324 1267 1376 1332 Py-

832 1353 915 1389 renen
933 1338 1028 1389 rsierri
1051 1353 1158 1404 quoque
1180 1335 1266 1386 voluit
1285 1339 1374 1402 Eques

833 1409 865 1458 de
882 1408 973 1474 Lange
992 1409 1108 1458 Baierns
1127 1408 1223 1459 Gaueu
1241 1413 1294 1456 eto.
1308 1423 1334 1472 p.
1348 1405 1373 1456 3.

833 1477 905 1541 Quid
940 1477 1012 1542 quod
1044 1478 1078 1528 de
1106 1477 1243 1528 Tirolensi
1274 1480 1374 1537 monte,

832 1561 911 1612 quern
925 1561 997 1598 nunc
1010 1553 1111 1598 vocant
1126 1547 1254 1610 Brcuuer,
1266 1545 1310 1596 hio
1321 1559 1376 1595 ser-

832 1631 938 1667 monem
949 1633 1009 1668 esse
1018 1618 1126 1682 putarit
1136 1618 1254 1668 Ioannes
1264 1631 1282 1666 a
1289 1613 1383 1666 uus·

832 1686 872 1737 ler
890 1686 975 1752 (Opp.
986 1688 1036 1738 VI.
1051 1705 1077 1753 p.
1093 1687 1166 1752 398).
1203 1685 1308 1748 Quibus
1320 1683 1375 1736 noli

833 1763 863 1806 tu
890 1758 1031 1818 assentiri3
1061 1757 1195 1809 Herodoti
1224 1757 1295 1806 enim
1317 1754 1376 1805 nui·

832 1841 938 1876 versam
956 1829 1141 1878 narrationem
1159 1831 1187 1878 et
1202 1825 1375 1886 sententiam,

832 1911 913 1962 qnam
938 1896 971 1946 ds
989 1896 1052 1947 Nilo
1076 1903 1159 1962 atque
1178 1897 1250 1946 Istro
1275 1910 1307 1944 ex
1330 1895 1376 1944 iis·

833 1967 893 2016 dem
912 1966 1034 2017 lontibus
1047 1967 1197 2031 profluente
1209 1965 1375 2030 eundemque

833 2049 940 2086 cursum
966 2035 1010 2100 (ex
1037 2037 1163 2102 opposito
1191 2035 1310 2102 quidem)
1337 2039 1375 2083 te-

832 2111 914 2156 nente
931 2106 1061 2170 protulit,
1081 2108 1237 2158 accuratius
1255 2103 1375 2156 conside-

831 2176 904 2225 ranti
921 2177 967 2225 vix
989 2175 1114 2240 dubium,
1140 2175 1205 2242 quin
1222 2176 1375 2240 Pyrenaeo-

831 2261 890 2296 rum
914 2246 1045 2296 montium
1065 2248 1189 2312 regiones
1212 2244 1376 2296 intellexerit

832 2315 924 2380 ibique
936 2316 1001 2365 Istri
1014 2316 1106 2366 sontes
1117 2315 1298 2366 collocaverit.
1323 2314 1375 2364 Ns·

832 2401 885 2452 que
903 2400 968 2436 varo
991 2385 1055 2436 inde
1079 2386 1214 2452 sequitur,
1238 2386 1267 2434 in
1289 2384 1375 2434 Hero·

832 2456 897 2506 doto
909 2455 1052 2521 legendnm
1068 2471 1128 2507 esse
1139 2446 1276 2518 Πυρήνης
1288 2444 1375 2516 ὄρους

833 2541 855 2576 s.
875 2515 976 2589 ὅρεους
1000 2523 1084 2589 (certe
1103 2515 1216 2588 οὔριος,
1240 2527 1272 2573 ut
1289 2523 1373 2572 Hero-

833 2595 890 2644 doti
901 2593 1017 2646 dialeoto
1028 2593 1194 2658 conveniat),
1206 2593 1298 2658 pronti
1310 2591 1373 2642 olim

832 2665 860 2714 in
878 2669 995 2714 mentem
1018 2669 1131 2716 venerat
1147 2663 1245 2714 Stulrio
1269 2661 1305 2712 ad
1324 2662 1375 2712 Pe-

832 2733 892 2799 ripl.
913 2735 996 2784 Ponti
1013 2735 1115 2786 Euxini
1136 2749 1162 2799 p.
1185 2732 1235 2784 lor
1258 2732 1292 2782 ob
1316 2731 1376 2782 Ari-

833 2803 939 2854 stotelis
952 2805 1048 2869 opinor
1060 2804 1162 2866 locum,
1175 2804 1222 2870 qui
1235 2803 1264 2852 in
1275 2802 1376 2852 Meteo-

832 2873 918 2938 rolog.
929 2873 958 2937 1,
977 2874 1008 2925 ts
1025 2873 1240 2940 Pyrensn'dicit
1259 2877 1376 2922 montem

833 2957 893 2994 ssse
917 2944 946 2993 in
964 2943 1070 2995 Celtica
1095 2949 1182 3008 tarra,
1211 2942 1281 2994 unde
1305 2939 1376 2990 Ister

832 3013 976 3079 proveniat
986 3018 1073 3065 totam
1083 3015 1221 3080 Europam
1234 3025 1375 3079 permeans

832 3084 861 3133 iu
879 3084 997 3134 Pontum
1014 3085 1160 3134 Euxinum.
1202 3084 1325 3148 Namque
1346 3085 1376 3130 ut

832 3158 953 3218 taceam,
972 3154 1092 3219 Ρητειιιιε
1103 3155 1242 3204 civitatem
1259 3153 1323 3202 oIIm
1337 3149 1376 3200 di-

831 3223 966 3273 tissimam
996 3229 1024 3274 et
1056 3229 1225 3274 mercaturae
1258 3221 1377 3271 deditam

834 3294 1038 3343 commemorari
1064 3293 1098 3344 ab
1122 3293 1227 3343 Avieno
1251 3291 1299 3342 Or.
1319 3291 1377 3341 m·-

833 3364 879 3412 rit.
892 3363 952 3424 558,
966 3362 1136 3426 Herodotus,
1151 3364 1196 3428 qui
1207 3363 1275 3412 haec
1287 3360 1378 3412 omnia

835 3449 867 3482 ex
885 3431 979 3482 auditu
997 3431 1105 3495 retulit,
1131 3447 1221 3482 errore
1239 3446 1271 3482 so
1289 3429 1376 3496 magle

835 3503 886 3552 erit
905 3501 1092 3564 excusandus,
1112 3515 1165 3567 quo
1183 3501 1234 3552 bac
1251 3501 1377 3566 regiones

834 3573 919 3637 ipsius
932 3578 1023 3623 aetate
1034 3585 1144 3637 prorsus
1154 3571 1311 3637 incognitae
1321 3570 1377 3619 lue·

835 3647 911 3704 runt,
924 3643 1037 3708 ipseque
1052 3642 1184 3692 historIas
1198 3647 1276 3706 pater
1288 3655 1320 3690 eo
1334 3653 1378 3688 ns·

835 3727 887 3778 que
897 3713 924 3762 in
936 3713 1078 3763 itineribus
1090 3713 1146 3762 suis
1157 3711 1297 3776 pervenire
1305 3707 1378 3759 haud

834 3783 963 3847 potuerit.
990 3783 1067 3834 Coni.
1083 3781 1166 3832 stiam
1178 3779 1378 3831 Dahlmannnm

833 3853 862 3901 in
877 3853 1009 3903 Herodot.
1029 3867 1056 3917 p.
1070 3851 1105 3902 89
1121 3850 1255 3901 Herodoti
1272 3849 1378 3916 lapsum

835 3921 863 3970 in
875 3921 917 3971 his
930 3927 1117 3988 exponentem.
1136 3921 1206 3971 Add.
1216 3921 1313 3970 Zeuss:
1334 3915 1379 3969 die

834 3992 990 4042 Deutschen
1012 4007 1039 4041 n.
1057 3991 1116 4041 ihre
1134 3990 1378 4040 Nachbarstllmms

835 4077 861 4126 p.
884 4061 933 4112 160
957 4077 1013 4128 seq.
1046 4060 1172 4112 Luelren:
1196 4059 1308 4111 Einbeit
1330 4059 1378 4109 des

835 4129 1154 4198 Henscheugeschlechts
1172 4145 1199 4196 p.
1218 4130 1276 4180 147.
1295 4129 1378 4180 Piclx·

834 4200 874 4251 lsr
891 4199 910 4251 l.
930 4200 950 4252 l.
969 4217 996 4266 p.
1013 4201 1109 4254 8-13,

870 4263 900 4319 of
907 4262 938 4319 dl
952 4269 1056 4320 Κελτοί
1064 4266 1117 4320 εἶσι
1131 4265 1184 4332 ἔξω
1199 4262 1380 4335 Ἡρακληΐων

836 4335 970 4406 στηλέων]
990 4341 1103 4393 Hetiuui
1117 4332 1313 4406 Ἡρακληΐυν,
1344 4339 1379 4390 ab
