3020 4930
474 275 827 369 An'unnonou.
851 306 876 381 Ι,
898 314 942 370 oe.
1213 309 1274 375 aar

138 475 171 538 sd
186 476 217 536 dl
238 471 304 534 dno
319 480 402 550 σῆμα,
417 477 496 548 χῶμα
511 477 562 548 γῆς
576 508 611 517 -
626 465 706 548 οὖροι
720 473 750 534 δὲ
765 475 845 534 πέντε
860 473 966 551 ἐόντες,
988 477 1026 535 ἔτι
1041 479 1089 536 καὶ
1103 475 1130 545 ἐς
1144 476 1188 552 ἐμὲ
1203 472 1275 555 ἦσαν

140 563 186 624 ἐπὶ
202 568 253 621 τοῦ
270 560 392 637 σήματος
403 557 464 620 ἅνω
481 594 516 604 -
532 565 691 635 repuleram,
706 565 859 622 saluatoris
877 587 890 621 e
903 569 1052 638 grandibus
1067 569 1211 639 lapidibus,
1230 591 1274 625 re-

141 656 240 724 liquam
255 662 343 707 autera
357 653 506 722 sepulcrum
521 657 610 705 terroe
626 653 743 705 tumulus
758 660 796 706 est
813 682 848 692 -
867 652 973 706 termini
985 662 1082 724 autem,
1103 654 1148 723 qai
1161 656 1275 725 quiesque

141 749 203 794 sunt
219 741 304 793 adhue
322 741 358 791 orl
372 756 458 791 aream
470 743 583 790 oetatem
596 736 624 789 ia
640 755 741 791 samam
754 740 875 808 repulere
891 747 984 808 eant,
1003 739 1036 790 ab
1051 739 1093 792 his
1109 739 1196 807 igitur
1211 759 1272 795 ver—

141 826 183 878 bis
204 824 228 876 si
249 823 432 876 discedimus:
455 821 542 889 ipsam
556 821 706 874 Herodotei
729 821 781 874 loci
798 823 961 876 sententiam
982 829 1044 894 apte
1065 829 1094 877 et
1112 826 1271 895 percepisse

140 917 168 964 et
185 908 339 962 reddidisse
354 907 519 959 indicandus
535 906 573 957 sit
583 905 765 960 Etruscorum
778 915 1012 962 monumentorum
1026 909 1174 977 interpres.
1202 912 1273 966 Nam

139 995 254 1066 primum
270 993 444 1046 Chandlerns
463 991 482 1043 l.
498 989 516 1043 l.
539 989 573 1042 de
588 990 630 1042 bis
647 990 753 1060 Lydiae
768 992 904 1062 sepulcris
920 993 960 1045 ita
974 996 1061 1046 refert
1079 1011 1107 1063 p.
1122 999 1175 1054 369
1195 1013 1270 1049 vers.

140 1082 249 1133 Germ:
274 1118 317 1146 ‚‚„
328 1077 387 1130 Alle
402 1077 465 1129 sind
478 1075 527 1129 mit
541 1075 657 1144 grunem
673 1075 764 1130 Rasen
782 1077 913 1146 bedeckt‚
930 1079 988 1131 und
1002 1097 1033 1131 so
1049 1078 1102 1131 viel
1117 1079 1167 1132 mir
1184 1080 1211 1132 in
1227 1081 1271 1134 die

141 1163 240 1232 Augen
256 1163 354 1230 helen,
372 1161 413 1214 als
431 1162 475 1214 ich
491 1165 573 1214 anter
589 1159 672 1213 ihnen
690 1162 935 1231 herumwandelte,
954 1163 1042 1217 haben
1057 1163 1127 1217 noch
1142 1164 1201 1218 ihre
1216 1165 1271 1220 Ke-

140 1249 270 1318 gellam,
294 1249 363 1300 ohne
384 1247 449 1300 dass
467 1247 512 1300 die
527 1245 622 1315 Spitze
641 1248 710 1299 auch
730 1263 784 1299 nur
800 1248 843 1300 ein
867 1249 959 1316 wenig
981 1248 1169 1318 eingesunlren
1185 1250 1270 1304 wire.

140 1335 228 1388 Einer
247 1334 297 1386 der
312 1333 469 1400 Grablriigel
490 1332 541 1385 anf
559 1329 651 1384 dieser
665 1332 758 1400 Hebe,
781 1332 830 1385 der
852 1333 932 1386 meist
952 1333 980 1386 in
999 1334 1048 1386 der
1061 1333 1141 1386 Mitte
1158 1335 1209 1387 aui
1222 1335 1272 1388 der

139 1419 214 1472 Seite
238 1419 307 1472 nach
328 1418 431 1471 Sardes
451 1417 534 1486 liegt,
557 1431 616 1466 war
639 1415 689 1468 des
714 1416 843 1470 Grabmal
864 1418 913 1470 des
934 1417 1074 1486 Alyattes,
1099 1419 1200 1472 Vaters
1221 1421 1272 1474 des

139 1505 327 1558 Croesus.““
346 1501 375 1570 *)
410 1503 517 1556 Deinde
543 1501 571 1553 in
594 1502 761 1555 monumenti
785 1501 897 1568 Albani,
920 1503 994 1572 qnod
1016 1503 1201 1556 Curiatiorum
1221 1523 1271 1558 no-

138 1590 210 1642 mine
225 1588 334 1658 vulgari
351 1588 442 1656 venit,
461 1586 609 1640 ruderibus
625 1602 710 1655 super
725 1587 785 1639 basi
800 1606 815 1640 e
829 1587 966 1658 lapidibus
982 1592 1122 1642 exstructa
1136 1589 1271 1660 hodieque

140 1679 298 1744 comparent
321 1674 438 1741 vestigia
453 1675 566 1742 quinque
580 1689 706 1726 canorum
727 1672 891 1744 (lnghirami
905 1671 952 1724 lv.
974 1691 1001 1742 p.
1019 1677 1084 1732 168:
1106 1673 1226 1742 ,‚,‚Cosi
1241 1675 1269 1728 in

140 1759 223 1824 Alba,
246 1757 353 1810 colonia
372 1758 416 1810 dei
433 1757 526 1826 Frigi,
550 1756 610 1808 cive
629 1756 741 1824 digerite
758 1757 807 1810 che
827 1757 852 1810 si
866 1759 921 1828 pud
936 1762 1031 1810 tenere
1048 1775 1189 1828 compress
1207 1759 1270 1812 nell'

141 1843 233 1897 sirtica
249 1843 377 1910 Meonia,
406 1842 426 1894 il
443 1841 620 1896 recchissiruo
636 1859 651 1894 e
667 1841 811 1896 notissimo
828 1842 953 1913 sepolcro
969 1843 1141 1896 denominato
1163 1845 1196 1897 de
1214 1845 1270 1898 Cu-

142 1929 209 1983 riazi
233 1931 248 1981 e
273 1927 351 1980 anch‘
377 1946 440 1980 esso
462 1947 499 1982 ua
518 1930 590 1984 dodo
609 1927 699 1998 lapide
720 1930 866 1996 quadrato,
895 1929 937 1982 sal
956 1930 1035 1997 prole
1048 1947 1166 2001 rorgono
1180 1930 1273 1999 cinquw

140 2014 330 2088 groneoni.““
351 2043 383 2052 —
406 2012 442 2066 Se
458 2032 492 2066 ne
506 2029 595 2081 seggo
613 2012 638 2064 la
653 2013 743 2080 ligum
758 2012 810 2065 alla
825 2031 880 2066 ser.
888 2013 936 2066 vl.
950 2017 1007 2065 tar.
1024 2015 1056 2066 F.
1072 2018 1089 2072 6
1104 2031 1176 2067 num.
1192 2015 1249 2082 10).

226 2098 334 2166 „Unde
354 2097 426 2150 haud
445 2097 540 2168 inepte
561 2097 721 2150 coniectura
736 2102 793 2166 est,
815 2097 936 2166 Alyattei
954 2095 1028 2150 illias
1048 2099 1169 2170 sepulcri
1189 2099 1270 2153 basin

142 2184 275 2254 lapideam
297 2182 386 2235 irrisae
405 2185 513 2237 cabum:
534 2181 666 2234 tumulum
688 2200 703 2234 e
724 2185 798 2235 terra
821 2187 978 2252 aggestum,
999 2200 1104 2238 conum.
1139 2183 1229 2254 Atque
1246 2185 1271 2237 si

142 2275 314 2340 reputamus,
338 2284 476 2320 numerum
496 2266 665 2337 pyramidum
683 2267 833 2336 quinariam
855 2269 898 2321 bis
920 2269 1060 2320 memorari
1077 2269 1157 2322 etiam
1171 2269 1200 2322 in
1215 2288 1271 2324 mo·

141 2361 270 2408 numento
285 2352 448 2406 Porsennae
469 2352 539 2426 (vid.
555 2352 643 2405 Varro
658 2370 702 2422 ap.
718 2351 790 2406 Plin.
806 2353 825 2406 l.
842 2352 891 2422 l.),
921 2353 994 2406 haud
1010 2353 1129 2408 absurde
1144 2355 1270 2410 censebi-

140 2457 216 2509 mus,
247 2438 380 2492 eiusmodi
402 2439 602 2491 architecturae
625 2437 720 2506 Lydos
749 2437 824 2491 inter'
843 2444 926 2510 atque
947 2439 1084 2493 Etruscos
1110 2445 1271 2494 concentum

140 2533 269 2596 tanquam
292 2541 391 2576 norum
415 2529 605 2594 argumentum
625 2523 757 2592 accedere
777 2523 827 2590 iis,
853 2541 923 2595 quae
938 2523 1018 2596 plura
1037 2526 1072 2579 ad
1088 2524 1271 2580 narrationem

138 2610 273 2664 Herodoti
293 2609 330 2679 (1,
348 2610 397 2678 94)
421 2610 454 2664 de
470 2609 611 2678 Lydorum
627 2607 656 2660 in
673 2609 753 2662 Italia
773 2609 891 2663 adventu
908 2611 1062 2665 firrnondam
1084 2612 1175 2682 posita
1193 2619 1269 2666 sunt.

140 2695 193 2747 Cui
209 2695 249 2748 rei
268 2695 348 2748 etiam
360 2695 503 2749 Osannum
521 2713 548 2748 v.
562 2694 595 2747 cl.
613 2693 692 2748 fidem
708 2695 809 2748 habere
826 2694 905 2748 video
920 2696 948 2748 in
963 2695 1150 2767 disputatione
1165 2697 1199 2750 de
1213 2714 1269 2750 mo·

140 2787 269 2832 numento
286 2779 407 2847 Phrygio
422 2798 512 2850 nuper
525 2784 648 2849 reperto.
681 2779 743 2833 Vid.
765 2780 825 2832 eius
840 2780 893 2833 viri
909 2780 1028 2848 libellus,
1045 2781 1093 2852 qui
1108 2781 1271 2834 inscribitur
1346 2807 1351 2820 ·

141 2865 231 2917 Midas
246 2882 273 2932 p.
290 2869 323 2921 10
339 2863 421 2916 infra.
433 2866 492 2904 -“
524 2865 607 2918 CRE
616 2865 641 2920 U
646 2864 702 2918 ΖΕ
708 2866 742 2917 n.

211 3109 237 3177 *)
265 3109 433 3178 [Nuperrime
456 3113 575 3166 tumulos
592 3115 731 3180 Lydorum
748 3132 840 3181 regum
857 3114 1034 3181 Alyattisqne
1052 3113 1207 3179 sepulcrum
1225 3129 1269 3164 ao-

141 3184 264 3236 curatius
288 3183 485 3248 perquisivisse
511 3184 638 3236 dicuntur
659 3187 713 3237 viri
731 3185 822 3248 docti,
845 3183 1014 3252 Spiogelthal
1036 3188 1064 3234 et
1080 3183 1269 3250 Behr-Negen-

141 3253 230 3314 danlr‚
255 3267 272 3302 a
291 3253 389 3317 quibus
414 3259 441 3304 et
468 3255 586 3306 certiora
611 3259 639 3306 et
657 3257 831 3308 accuratiora
849 3257 897 3306 des
914 3255 957 3305 his
981 3257 1184 3320 exspectamus:
1213 3255 1267 3306 vid.

140 3322 358 3372 Monatsberioht
384 3324 410 3374 d.
435 3324 536 3374 Berlin.
560 3324 648 3376 Akad.
675 3327 701 3377 d.
720 3325 888 3376 Wisseasoh.
915 3324 981 3377 1853
1004 3324 1134 3376 Novemb.
1159 3341 1185 3390 p.
1207 3323 1268 3375 653.

143 3391 209 3444 1854
222 3392 350 3443 Decemb.
365 3409 390 3458 p.
401 3394 467 3456 700,
485 3393 533 3444 ubi
551 3395 646 3446 addita
664 3401 707 3448 est
725 3397 816 3462 imago
830 3411 954 3447 camerae
973 3394 1167 3447 subterraneae
1185 3409 1270 3460 nuper

141 3462 257 3514 effossae
276 3461 372 3514 tumuli
384 3462 514 3530 Alyattis.
552 3463 610 3531 Bm]
