3096 4930
1269 269 1351 350 nr·

578 273 828 335 EUTERPE.
851 275 942 338 11.9.

195 446 349 538 Λιβυκὸν
368 447 586 536 καλεύμενον.
627 445 664 516 τὸ
685 447 722 516 dl
743 451 907 517 ἐνθεῦτεν
926 436 1020 525 αὖτις
1042 440 1141 532 εὐρέα
1162 441 1334 530 Αἴγυπτός

198 558 277 623 ἐστι.
309 555 450 639 Πέφνκε
464 555 525 638 μέν
540 545 746 639 νννὴχώρη
761 547 845 639 αὕτη
865 545 963 619 οὕτω.
996 547 1075 618 Ἀπὸ
1090 548 1127 617 δὲ
1142 542 1257 616 Ἡλίου
1270 546 1359 616 τιό-9

200 667 270 736 λιος
293 659 326 735 ἐς
346 655 461 744 Θήβας
479 655 548 723 ἐστὶ
571 651 739 734 ἀνάπλοος
763 651 860 723 ἒννεά
880 648 1049 742 ἡμηρέων,
1070 651 1199 723 στάδιοι
1220 651 1257 720 δὲ
1275 657 1333 740 τῆς

200 856 290 920 recepi
312 845 415 912 πλέους
445 870 494 920 pro
519 853 647 918 πλείους,
679 855 745 904 Din-

201 925 264 975 dori
281 925 391 990 scripsit
408 921 535 980 πλεῦνες.

401 1098 467 1148 Car.
491 1097 540 1147 lx.

235 1192 292 1251 ἐστὶ
318 1191 464 1258 ἀνάπλοος
492 1191 574 1250 ἐννέα
604 1187 741 1264 ἡμερέων]

200 1271 458 1337 Schweighaeusero
476 1269 520 1321 hic
531 1284 657 1320 numerus
669 1269 741 1318 iusto

201 1345 288 1392 minor
304 1341 421 1403 videtur,
441 1357 500 1390 oum
521 1341 572 1390 hoo
591 1343 672 1404 paeto
690 1339 742 1387 540

200 1413 291 1463 stadia
319 1412 514 1476 navigantibus
538 1409 659 1475 quotidie
688 1409 742 1457 aint

201 1482 368 1533 conficienda
386 1497 472 1546 eaque
490 1481 605 1530 adverso
617 1479 742 1537 flumine;

200 1554 228 1603 id
241 1552 313 1617 quod
330 1551 373 1602 vel
388 1553 412 1602 si
429 1553 558 1600 minorem
575 1549 658 1598 stadii
671 1563 743 1597 men-

202 1638 292 1673 snram
310 1621 461 1687 intelligas,
480 1621 591 1670 nimiam
608 1618 743 1680 videatur,

202 1693 360 1757 praesertim
388 1693 412 1741 ei
436 1692 553 1756 cogites,
582 1704 666 1738 naves
690 1703 743 1736 non

202 1763 255 1812 nisi
282 1762 391 1810 funibus
410 1761 525 1810 adverso
549 1759 658 1809 flumine
679 1757 743 1806 ierri

203 1846 295 1896 posse,
322 1837 392 1882 teste
408 1833 467 1895 ipso
486 1830 625 1881 Herodoto
644 1828 686 1890 11,
699 1829 742 1878 00.

203 1903 305 1951 Contra
331 1901 404 1951 docti
432 1900 503 1951 Galli
535 1903 645 1950 monent
678 1899 744 1962 (De-

204 1973 298 2035 script.
324 1971 355 2020 de
374 1971 443 2034 l'Eg.
460 1972 571 2036 Antiqq.
593 1971 616 2020 1.
636 1967 697 2018 livr.
716 1969 742 2017 ·2.

204 2057 266 2106 pag.
296 2043 368 2104 411),
401 2041 518 2090 stadium
545 2040 743 2105 Aegyptiacnm

204 2115 329 2161 constare
345 2127 377 2160 ex
392 2115 499 2160 centnm
513 2113 605 2160 metris
619 2107 742 2171 (metres3

203 2182 277 2232 coni.
301 2187 358 2232 not.
381 2181 415 2230 ad
437 2178 545 2243 11,0),
569 2181 609 2228 ita
632 2185 662 2228 ut
680 2192 745 2242 qua·

203 2259 265 2301 tuor
277 2250 349 2300 mille
361 2251 519 2315 octingenta
531 2251 675 2314 sexaginte
691 2253 745 2296 stn-

204 2322 258 2384 din,
277 2322 356 2372 modo
368 2320 564 2385 longitudinem
581 2325 657 2368 recta
673 2317 745 2366 linea

204 2392 320 2440 indicari
339 2391 389 2440 tibi
406 2390 586 2455 persuadeas,
606 2403 665 2438 cunr
680 2403 746 2437 vera

128 2467 132 2478 '
203 2477 343 2522 mensura,
374 2477 444 2526 quae
468 2477 483 2510 e
506 2461 610 2524 mappis
633 2473 746 2524 geogra-

202 2532 290 2596 phicis
316 2531 499 2596 intelligutur,
528 2535 654 2580 accurate
684 2543 746 2577 con-

204 2603 323 2656 reniant.
362 2601 414 2662 Qui
431 2601 513 2650 iidem
532 2599 677 2661 adiiciunt,
696 2612 745 2646 nn·
772 2631 777 2640 .

795 851 897 916 grande
921 851 1066 915 schoenos,
1092 850 1112 902 il
1133 868 1149 902 a
1170 854 1226 918 pris
1250 869 1336 920 appa-

796 926 927 971 remment
948 921 1005 971 l'un
1022 937 1090 986 pour
1111 921 1238 973 l'antre.“
1275 924 1334 974 Mc-

794 994 862 1042 iorer
880 991 964 1056 igitur
982 991 1032 1041 hoc
1051 991 1111 1041 loco
1130 993 1262 1043 schoenos
1283 994 1333 1060 (cf.

795 1079 821 1127 p.
840 1063 888 1112 651
905 1060 975 1125 seq.)
995 1060 1159 1111 intellexisse
1174 1062 1269 1112 volunt
1280 1064 1333 1112 He·

795 1131 930 1193 rodotnm,
959 1131 1005 1195 qni
1027 1131 1070 1192 11,
1095 1133 1112 1180 4
1139 1132 1255 1181 minores
1282 1133 1335 1197 ipsi

795 1202 863 1251 alian
887 1201 1003 1252 usitatos
1027 1199 1199 1252 intellexerit.
1234 1203 1335 1251 Postea

794 1272 863 1320 hunc
889 1286 995 1336 quoque
1021 1270 1110 1320 locum
1132 1271 1263 1321 tractavit
1285 1273 1335 1320 Le·

794 1342 918 1391 tronnins
937 1341 986 1392 1.1.
1003 1357 1029 1406 p.
1045 1343 1093 1390 142
1107 1355 1180 1406 seqq.
1205 1346 1278 1390 recte
1296 1341 1335 1390 in·

794 1412 897 1473 dicens,
911 1411 1053 1475 duplicem,
1066 1426 1145 1478 quarn
1157 1411 1181 1460 h.
1193 1410 1212 1461 l.
1224 1411 1336 1475 praebet

794 1481 957 1544 Herodotus,
980 1481 1086 1534 itineris
1109 1481 1336 1546 significationem

796 1557 837 1614 [et
857 1567 932 1614 eam,
951 1565 1020 1616 qaae
1039 1551 1223 1616 navigationis
1242 1550 1336 1600 diebus

796 1620 966 1683 declaratur,
986 1627 1014 1670 et
1027 1637 1100 1682 eam,
1120 1635 1190 1686 qnae
1207 1620 1336 1671 schoeno-

794 1707 853 1740 rum
869 1692 984 1755 indeque
997 1691 1173 1742 deductorum
1187 1691 1335 1741 stadiorum

795 1777 905 1810 numero
918 1761 962 1825 tit)
976 1761 1045 1810 bone
1058 1761 1237 1824 separandam
1249 1774 1336 1826 neque

795 1832 835 1880 ita
855 1846 946 1880 secum
971 1830 1188 1880 contundendam
1208 1845 1282 1894 esse,
1305 1834 1337 1879 ut

795 1901 861 1951 iecit
873 1901 1025 1950 Larcherus
1043 1899 1082 1950 sic
1097 1902 1288 1964 interpretans,
1306 1903 1337 1948 ut

795 1986 940 2028 enumero
965 1971 1067 2019 dierum
1090 1970 1275 2034 navigationis
1298 1967 1337 2017 al·

794 2047 835 2092 ter
860 2041 1037 2091 schoenorum
1059 2040 1261 2104 studiorumque
1289 2054 1337 2088 nu·

795 2127 884 2160 merus
913 2111 1046 2160 deductus
1072 2110 1106 2159 ab
1128 2110 1268 2160 Herodoto
1296 2109 1336 2158 vi·

796 2183 900 2242 deatur,
919 2181 964 2246 qni
979 2181 1037 2244 ipse
1055 2179 1231 2230 schoenornm
1245 2193 1337 2229 nume-

794 2266 853 2300 rum
869 2250 1023 2314 primariam
1041 2249 1136 2299 habuit
1157 2249 1192 2300 ad
1215 2250 1276 2300 viae
1297 2249 1336 2297 di-

795 2322 924 2372 stantiam
948 2326 1022 2370 recta
1046 2317 1118 2370 linea
1136 2319 1335 2381 declarandam,

795 2406 875 2456 quam
903 2396 975 2440 recte
1003 2390 1054 2440 hoe
1080 2389 1257 2440 schoeuorum
1281 2395 1336 2440 ete-

796 2461 953 2526 diorumquo
968 2475 1079 2510 numero
1096 2459 1261 2510 declaratam
1278 2475 1338 2510 esse

795 2535 1009 2580 commonstrant
1043 2532 1161 2580 virorum
1197 2531 1338 2580 doctorum

796 2601 978 2652 dimensiones
997 2615 1091 2650 recens
1110 2601 1201 2651 iactae
1213 2606 1242 2650 et
1258 2616 1275 2650 a
1287 2601 1337 2650 Le·

198 2671 305 2721 'merum
324 2671 483 2733 stadiorum,
502 2671 612 2735 quiuno
629 2669 671 2718 die
687 2683 745 2732 per·
796 2671 904 2721 tronnio
923 2669 1045 2734 prolatae
1069 2685 1131 2736 pag.
1156 2672 1215 2721 142.
1259 2670 1338 2731 Quod

203 2743 248 2792 fici
265 2741 376 2802 debeat,
394 2740 503 2790 minime
521 2753 581 2790 esse
599 2753 746 2804 exaggera·
797 2741 832 2790 ad
854 2756 937 2790 nonem
955 2739 1058 2789 dierum
1077 2741 1279 2805 navigationem
1298 2745 1339 2789 at·

203 2817 270 2872 tum,
289 2827 349 2860 cum
365 2811 429 2876 ipsi,
448 2810 522 2860 coelo
542 2816 569 2860 et
583 2813 746 2874 tempestate
796 2812 879 2871 tinet,
914 2825 1007 2858 verum
1036 2809 1145 2873 quidem
1174 2815 1229 2870 est,
1268 2809 1337 2858 hane

204 2881 312 2946 quidem
336 2881 460 2942 invente,
489 2880 532 2930 vel
558 2880 666 2944 longius
694 2879 746 2928 iter
797 2880 964 2930 notationem
986 2893 1041 2927 non
1058 2893 1169 2942 prorsus
1193 2879 1338 2928 convenire

205 2965 259 3000 nno
277 2950 320 2998 die
335 2951 509 3002 confecerint.
542 2951 612 3000 Add.
627 2949 745 2999 lomard.
798 2965 858 3000 curn
876 2950 924 3010 iis,
947 2963 1016 3012 quae
1036 2948 1073 3008 ΙΙ,
1096 2949 1143 2997 175
1161 2946 1302 3010 leguntur:
1321 2961 1338 2996 a

207 3019 285 3082 (ibid.
307 3019 368 3070 livr.
388 3019 414 3070 3.
435 3036 498 3085 pag.
517 3021 577 3072 508.
596 3019 675 3085 625),
700 3017 747 3067 nbi
799 3019 881 3068 Saide
898 3032 984 3081 usque
1008 3016 1042 3066 ad
1061 3016 1261 3081 Elephantinen
1278 3031 1338 3066 esse

206 3090 258 3138 hoc
275 3089 354 3139 modo
377 3095 479 3139 sumtas
501 3105 641 3140 mensurae
663 3093 691 3138 et
709 3087 747 3136 di·
796 3091 882 3153 arpino·
904 3087 1006 3136 dierum
1024 3087 1241 3150 navigationem,
1267 3101 1337 3148 cnm,

206 3159 324 3209 otentico
334 3159 478 3208 convenire
489 3159 573 3210 ferma
585 3163 671 3220 notat,
686 3173 747 3207 enm
797 3159 865 3208 haec
877 3158 900 3206 si
914 3155 1006 3206 valeat
1020 3157 1106 3218 ratio,
1121 3157 1150 3205 in
1163 3156 1338 3221 navigatione

206 3229 276 3280 4800
295 3229 386 3279 stadia
415 3227 445 3293 (i.
470 3245 493 3280 e.
518 3228 632 3292 486,000
657 3227 746 3292 metr.)
798 3229 833 3278 ab
846 3225 982 3290 Heliopoli
997 3241 1018 3275 s.
1032 3226 1151 3291 regionis
1163 3225 1246 3276 Delta
1261 3227 1338 3290 apice

207 3314 261 3348 non
279 3299 359 3350 valde
377 3297 506 3350 recedant
526 3315 542 3348 a
561 3314 626 3349 vera
643 3297 748 3346 distan-
796 3311 883 3362 nsque
901 3296 935 3345 ad
949 3295 1057 3345 Thebae
1076 3297 1203 3346 duedecim
1216 3295 1274 3346 dies
1291 3295 1338 3344 ad-

207 3370 259 3430 tia,
288 3385 357 3434 quae
381 3370 456 3418 rectt
479 3368 550 3418 linet
574 3369 610 3418 sit
633 3367 747 3429 400100
798 3369 856 3417 dito
883 3365 995 3416 alterius
1022 3365 1134 3416 dimidio
1163 3364 1339 3416 consumendi

207 3443 284 3489 metr.
321 3440 425 3504 Quibus
442 3439 509 3490 liaeo
526 3439 603 3488 addit
614 3437 655 3501 (p.
669 3435 746 3494 02511
797 3437 864 3487 sint:
888 3437 936 3486 sed
954 3434 1061 3486 videtur
1078 3435 1233 3485 Herodotus
1256 3450 1339 3484 nocem

207 3510 303 3572 „Cette
321 3511 457 3571 distance,
484 3509 555 3574 prise
574 3509 655 3558 d'une
673 3512 747 3556 carte
791 3507 930 3572 posuisse,
952 3505 1023 3570 quod
1035 3520 1117 3554 nocem
1134 3505 1267 3554 schoenos
1285 3517 1339 3553 uno

206 3584 314 3642 exacte,
341 3580 380 3630 lni
400 3579 470 3644 (scil.
491 3577 630 3639 Herodoto)
650 3592 667 3625 a
684 3591 748 3626 sene
796 3575 980 3641 navigationis
996 3575 1040 3624 die
1056 3573 1138 3638 vulgo
1158 3573 1263 3624 absolvi
1280 3573 1340 3622 ani-

207 3649 290 3700 doute
314 3647 359 3700 dte
382 3647 488 3698 donnde
509 3663 558 3712 par
576 3647 615 3696 les
633 3647 746 3710 pretrcn,
797 3646 992 3696 madverteret:
1005 3644 1077 3710 quod
1089 3643 1340 3708 ipsumadhucfleri

207 3731 235 3770 et
252 3720 272 3768 11
296 3735 313 3768 a
331 3735 378 3772 orn
396 3733 448 3783 qne
467 3717 561 3768 o'dtoit
578 3717 604 3766 lc
623 3716 747 3766 distance
796 3731 877 3781 posse
911 3715 983 3764 idern
1017 3719 1131 3764 annotat
1165 3714 1340 3774 Letronnina,

207 3787 330 3840 meenrde
353 3804 399 3838 sur
420 3787 445 3836 le
469 3787 570 3848 denae,
594 3791 679 3851 ayant
701 3800 748 3834 na·
798 3800 877 3851 quem
899 3785 961 3834 vide
985 3799 1011 3849 p.
1032 3783 1170 3834 144-110
1192 3781 1272 3847 plura
1295 3797 1340 3831 ex·

207 3857 289 3924 vigne
302 3859 448 3908 ini-meme
464 3857 581 3921 pendant
594 3855 661 3906 neni
669 3854 748 3919 jonra
798 3859 951 3920 ponentem.
994 3854 1070 3902 Haec
1094 3852 1177 3916 igitur
1201 3851 1236 3901 ad
1255 3852 1341 3902 Hero-

207 3928 363 3978 d'unlieui
379 3928 486 3988 l'autre,
505 3927 524 3976 il
540 3941 556 3976 a
574 3926 670 3976 conclu
683 3923 749 3974 mal·
799 3925 891 3974 dotum
914 3923 958 3972 vel
982 3921 1170 3986 explicandum
1194 3921 1236 3970 vel
1261 3937 1340 3971 excu-

174 3991 176 3998 ⁴
207 3999 345 4062 i-propoe
369 4001 468 4062 qu’une
483 3993 598 4060 journde
620 3995 654 4044 de
672 3995 747 4044 navi·
799 3994 913 4043 sendum
926 3994 948 4042 ei
962 3992 1027 4056 quid
1041 3989 1147 4053 valent,
1165 3998 1285 4040 remanet
1300 3997 1342 4040 ta-

208 4069 302 4132 gation
324 4065 392 4115 dtoit
410 4066 442 4116 de
457 4065 615 4116 lischoonee
628 4065 661 4114 de
675 4069 747 4114 cette
798 4079 859 4112 men
878 4077 976 4112 novem
1001 4061 1104 4110 dierum
1121 4076 1248 4111 numerus
1267 4062 1340 4110 insto

207 4134 313 4200 espdce.
356 4135 517 4200 D'aillenrs,
550 4149 652 4184 comme
682 4133 703 4181 il
729 4149 747 4197 y
798 4133 885 4182 minor
900 4131 934 4181 ad
950 4137 1056 4180 tantum
1067 4131 1120 4179 iter
1131 4129 1340 4181 conficiendum:

207 4206 283 4254 avoit
294 4205 364 4254 deux
379 4205 504 4254 diffdrens
521 4204 663 4262 schoenos,
684 4207 747 4252 tous
799 4202 867 4251 adeo
879 4205 923 4264 ut,
944 4201 997 4251 nisi
1010 4199 1134 4250 mendum
1153 4201 1180 4248 in
1192 4200 1279 4265 ipsum
1292 4215 1341 4250 nu·

207 4275 277 4323 deux
301 4275 334 4325 de
352 4275 386 4326 00
408 4275 499 4326 stades
518 4273 592 4324 aussi
610 4269 745 4332 differens,
797 4285 900 4320 merum
920 4261 1025 4332 (ἐννέα)
1043 4269 1199 4333 irrepserit,
1219 4269 1342 4319 Herodo-

208 4349 236 4392 et
259 4357 312 4407 que
334 4341 359 4392 le
380 4343 479 4394 dronae
500 4343 575 4394 croit
598 4341 615 4392 0
640 4341 674 4391 de
700 4355 745 4392 ees
796 4345 854 4390 tam
872 4339 958 4390 minus
982 4341 1107 4390 accurate
1128 4335 1196 4389 haec
1214 4337 1341 4389 retulisse
