3064 4940
650 311 909 406 emessa⁸
1278 311 1336 372 rm

202 489 240 558 dl
268 482 465 575 Ἑλληνικὸν
497 493 607 566 ἔθνος.
654 487 709 554 καὶ
739 483 777 556 τὸ
809 486 872 575 μὲν
902 484 1035 578 οὐδαμῇ
1067 513 1115 556 κω
1143 481 1336 577 ἐξεχώρησε,

205 688 283 737 detur
297 687 453 736 Hecataeus
466 686 600 748 Milesius,
620 685 666 750 qni
683 693 745 736 ante
795 689 818 752 1,
831 689 880 750 l'l.,
892 689 990 754 quibus
1002 688 1078 739 addit
1091 691 1134 740 Or.
1147 689 1287 740 Eustathii
1298 687 1336 739 lo-

207 757 325 807 Graecos
347 749 414 819 (πρὸ
431 745 652 818 τῶνἙλλήνων)
670 755 746 805 Pelo·
796 773 856 806 cum
876 759 1010 824 insignem
1037 759 1073 808 ad
1099 761 1209 810 Homeri
1234 759 1334 826 Odyss.

206 839 355 890 ponnesum
372 825 520 874 habitasse.
535 823 631 872 scribit
652 823 748 874 barha-
796 827 870 876 XIX.
903 845 928 892 p.
955 828 1015 892 699,
1043 828 1076 880 39
1099 829 1141 880 ed.
1172 829 1257 880 Basil.
1287 843 1336 878 πε-

208 910 252 944 ros
272 893 302 957 (i.
314 910 338 944 e.
353 892 509 958 Pelasgos),
527 897 597 942 teste
612 892 747 944 Strabone
798 889 942 960 ριώνομον
964 891 995 945 ol
1018 890 1050 947 rh
1076 896 1133 948 sois
1162 889 1259 956 ἁπλοῖς
1282 896 1336 948 lle·

207 964 272 1016 Vll.
289 979 317 1028 p.
334 963 413 1025 929,
437 963 484 1028 qui
500 962 558 1026 ipse
575 977 667 1012 omnes
691 963 748 1012 iera
797 962 907 1030 insyria
925 963 1018 1028 φῦλον
1034 962 1082 1016 nal
1097 962 1271 1031 notocaeeple
1288 959 1337 1017 διὰ

206 1032 360 1084 consentire
376 1031 532 1111 scribit‚[V.
551 1047 577 1112 p.
595 1031 647 1082 220
664 1031 747 1096 seq),
797 1023 829 1080 τὸ
848 1027 1035 1096 nilamnion
1055 1035 1117 1086 coll.
1140 1037 1277 1101 Pragmm.
1297 1037 1335 1086 hi-

205 1103 338 1166 Pelasgos
356 1117 417 1152 esse
441 1103 581 1166 „aptatos
603 1117 630 1150 τι
655 1099 750 1165 φῦλον
800 1105 881 1152 storr.
899 1118 926 1168 p.
946 1103 989 1152 41.
1010 1103 1085 1164 Quae
1108 1105 1191 1168 igitur
1212 1107 1335 1171 Pelasgis

203 1163 275 1220 κατὰ
297 1163 351 1234 τήν
373 1162 493 1221 Ἑλλάδα
515 1167 609 1220 πᾶσαν
629 1161 750 1234 ἕμπολά-
799 1172 924 1222 tribuunt
942 1171 1050 1233 Strabo,
1069 1170 1127 1232 alii,
1150 1189 1182 1222 aa
1199 1174 1234 1222 ab
1252 1176 1337 1224 Hero·

202 1240 276 1289 ooes“
294 1255 320 1288 rr.
340 1254 363 1290 r.
383 1239 406 1290 i.
443 1239 554 1305 Pelasgi
576 1241 673 1306 igitur,
701 1240 747 1306 qni
799 1241 865 1292 doto
894 1239 1053 1292 Hellenibus
1074 1241 1178 1292 tributa
1201 1243 1337 1302 videsne-3

201 1309 386 1374 antiquissimi
405 1310 537 1361 Graeciae
559 1309 664 1360 incolae
688 1325 746 1375 per·
797 1325 860 1362 nam
878 1310 1012 1362 Herodoti
1024 1311 1117 1372 verba,
1135 1315 1167 1360 nt
1179 1311 1339 1374 quibusdam

201 1379 341 1441 hibentur,
360 1394 422 1430 cnm
440 1379 475 1430 ad
493 1379 622 1430 barbaros
641 1380 675 1429 ab
688 1381 745 1430 He·
796 1381 859 1432 olim
882 1382 971 1431 visum
995 1384 1050 1442 est,
1078 1381 1115 1430 ad
1143 1379 1275 1445 Pelasgos
1301 1395 1340 1429 re-

200 1449 296 1500 rodoto
319 1464 405 1516 aeque
433 1455 516 1515 atque
544 1449 578 1499 ab
601 1449 743 1500 Hecataeo
795 1448 873 1514 ferri,
893 1465 947 1516 quo
963 1449 1064 1501 Strabo
1082 1455 1165 1514 atqua
1181 1449 1339 1500 Herodotus

200 1519 367 1582 referantur,
398 1519 417 1569 i.
446 1535 470 1571 e.
501 1519 546 1569 ad'
563 1533 609 1568 eas
637 1525 742 1584 gentes,
795 1537 886 1572 seeum
900 1518 1087 1584 concilientur,
1105 1535 1159 1570 non
1178 1520 1272 1570 sinunt
1288 1519 1339 1569 lin·

201 1603 271 1654 qnae
287 1605 342 1640 non
359 1588 495 1652 Graecae,
519 1588 567 1640 aed
584 1589 744 1655 peregrinae
794 1605 865 1657 gnae
881 1589 965 1656 leges,
989 1605 1075 1656 neque
1098 1589 1158 1656 ipse
1180 1589 1337 1655 Stephanus

201 1659 293 1724 stirpis
311 1659 381 1722 sint,
406 1659 528 1724 proiecto
546 1659 581 1719 qb
597 1659 664 1724 ipsis
677 1658 743 1710 Hel·
794 1661 939 1726 Byzantin.
974 1675 996 1710 s.
1028 1677 1054 1710 v.
1086 1652 1202 1724 Δώριον
1231 1675 1257 1726 p.
1285 1659 1337 1711 746

201 1727 307 1778 lenibus
324 1729 496 1783 discernendi
507 1732 595 1790 erunt,
612 1743 646 1778 ex
658 1729 743 1778 orien-
793 1735 867 1781 recte
881 1731 952 1780 hunc
968 1727 1057 1780 locum
1074 1730 1221 1794 accipiens.
1247 1729 1337 1792 Quare

202 1799 237 1847 tis
256 1802 344 1849 tarrae
361 1799 518 1864 regionibns
539 1798 630 1862 prisco
653 1797 744 1848 admo-
794 1799 991 1864 Wessalingius
1019 1800 1189 1849 Herodotum
1219 1813 1274 1848 non
1303 1799 1337 1848 de

203 1868 265 1918 dnm
291 1883 360 1918 aevo
395 1868 423 1918 in
451 1869 588 1932 Europam
622 1868 744 1932 adeoque
794 1861 923 1920 universa
951 1867 1129 1932 Pelasgorum
1155 1867 1268 1917 natione
1293 1867 1338 1916 hic

203 1937 345 1988 Graeciam
371 1937 547 2004 transgressi,
579 1937 638 1986 aire
664 1937 744 1987 Arios
795 1937 871 2004 loqui
886 1942 988 2000 censet,
1008 1937 1056 1986 aad
1076 1937 1110 1986 de
1127 1935 1338 1988 atneniemibus

204 2006 279 2056 dicas
297 2024 312 2057 ο
330 2007 476 2072 superioris
488 2007 569 2058 Asiae
585 2007 665 2057 terris
684 2021 745 2071 pro·
795 2013 911 2071 tanturn,
929 2007 976 2072 qni
996 2021 1013 2056 a
1034 2005 1158 2072 Pelasgia
1181 2020 1268 2070 genas
1291 2005 1338 2055 du-

205 2076 305 2138 lectos,
328 2081 359 2128 nt
375 2078 473 2128 statuit
496 2077 611 2128 Kortiim
635 2075 744 2128 Griach.
795 2077 892 2128 serint.
922 2075 990 2128 Cum
1007 2077 1077 2126 enim
1095 2075 1228 2126 latissime
1244 2079 1339 2140 pateat

177 2155 182 2164 ·
206 2144 304 2195 Gesch.
324 2147 346 2196 l.
361 2161 388 2211 p.
402 2147 419 2197 9
433 2163 501 2213 seq.,
520 2147 578 2196 sire
593 2145 744 2196 Phoenices
794 2147 971 2213 Pelasgorum
989 2161 1065 2210 gens,
1080 2161 1128 2196 eos
1147 2145 1221 2196 solos
1238 2144 1273 2194 ab
1283 2145 1337 2196 Ha-

207 2229 239 2262 ax
264 2216 385 2280 Aegypto
409 2217 502 2282 pulsos
525 2216 743 2281 Philistaaosqne
794 2218 891 2268 rodoto
915 2216 1119 2267 commemorari
1136 2213 1265 2266 credibile
1284 2218 1335 2278 est,

207 2283 327 2334 homines
345 2287 434 2350 stirpis
453 2285 606 2349 Semiticae,
625 2291 656 2336 ut
674 2286 743 2336 Roe·
794 2287 841 2352 qni
858 2286 894 2336 ad
911 2286 1031 2338 Atticam
1054 2286 1207 2351 pertineant
1224 2299 1336 2350 eamque

207 2352 263 2402 thio
281 2352 369 2418 placat
387 2355 496 2420 (Geach.
516 2355 542 2405 d.
559 2353 667 2406 ahendl.
682 2354 744 2405 Phi·
795 2361 895 2408 terram
913 2357 949 2406 ah
966 2355 1157 2421 antiquissimo
1175 2369 1244 2405 aare
1259 2359 1336 2404 tenn-

204 2422 307 2489 losoph.
326 2424 348 2474 1.
368 2441 394 2490 p.
412 2425 447 2477 90
463 2441 539 2491 seqq.
558 2430 628 2476 nott.
646 2441 672 2490 p.
688 2423 743 2490 84),
795 2427 879 2490 erint,
911 2426 982 2476 anda
1008 2425 1154 2492 indigenae
1176 2425 1235 2475 aive
1257 2427 1336 2476 anto·

203 2493 262 2543 aive
280 2493 412 2560 deniqne,
435 2493 507 2561 quod
529 2496 617 2560 ipsum
635 2495 745 2560 quibus·

203 2564 265 2614 dam
283 2563 400 2627 placuit,
423 2565 458 2616 ad
475 2563 583 2616 Indiam
599 2579 685 2630 usque
704 2579 745 2614 ra-

203 2632 336 2700 gradiaris
353 2633 469 2699 indeque
491 2639 598 2700 repetas
616 2634 745 2698 Pelasgo·

203 2719 261 2752 rum
274 2709 382 2768 gentem
395 2704 655 2768 Indogermanicam.
676 2705 744 2754 Roa-

204 2773 262 2822 thio
277 2787 364 2837 nuper
383 2787 510 2824 assensus
528 2780 570 2824 est
582 2775 614 2824 1..
628 2775 699 2824 Rosa
716 2773 745 2822 in

203 2841 274 2906 sug.
288 2841 603 2908 Monatschriit1853p.
617 2841 743 2893 2780011.

206 2911 281 2962 1850.
300 2911 323 2963 1.
347 2929 375 2978 p.
395 2913 431 2964 85
447 2912 476 2962 il.
500 2913 538 2964 11.
563 2929 589 2978 p.
614 2911 648 2962 82
666 2927 744 2976 seqq.

203 2983 244 3032 De
267 2981 327 3046 ipso
351 2981 527 3048 Pelasgorum
552 2983 659 3032 nomina
682 2985 745 3046 post

203 3066 250 3112 ea,
282 3067 353 3118 qnae
375 3053 464 3102 Kruse
490 3052 509 3102 l.
534 3051 553 3102 l.
581 3051 604 3102 1.
623 3067 650 3118 p.
671 3049 743 3112 432,

204 3119 310 3185 Hitaig:
346 3121 542 3187 Urgaschichte
579 3121 605 3172 d.
636 3119 743 3172 Philist.

205 3205 272 3254 pag.
285 3189 319 3241 38
337 3205 422 3256 seqq,
441 3191 472 3241 C.
484 3191 516 3242 P.
530 3191 668 3241 Hermann
685 3191 705 3242 l.
724 3189 743 3240 l.

204 3263 229 3322 §-
257 3260 275 3310 9
300 3267 359 3311 not.
387 3260 404 3310 9
437 3259 601 3324 attulerunt,
639 3259 743 3312 consul.

204 3328 300 3380 ltoeth.
332 3329 351 3380 l.
385 3329 402 3382 l.
432 3334 502 3381 nott.
529 3345 555 3394 p.
585 3330 601 3381 8
633 3345 689 3396 seq.
717 3334 745 3380 et

204 3413 273 3464 qnae
290 3400 442 3464 nuperrime
460 3401 494 3450 de
511 3399 554 3449 hia
572 3399 699 3450 disseruit
715 3399 742 3450 J.

204 3467 399 3520 oronnam:
417 3469 745 3520 albanensisch.Stndien

203 3553 230 3603 p.
250 3539 302 3589 244
318 3553 376 3604 seq.
410 3597 414 3606 ,

239 3601 287 3655 sal
314 3600 346 3656 τὸ
370 3601 421 3671 pls
448 3595 561 3673 οὐδαμῇ
583 3621 622 3656 κω
648 3596 746 3671 ἐξεχώ-

204 3673 377 3812 illisi?
394 3676 541 3798 :sisai
558 3675 746 3796 {fresis

205 3817 278 3868 viros
297 3816 402 3880 doctos,
418 3831 477 3866 cum
499 3814 585 3865 multa
605 3815 679 3880 apud
701 3829 746 3864 ve·

205 3891 277 3936 teres
287 3886 390 3936 tradita
399 3886 565 3951 reperiamus
578 3883 746 3949 dePelasgo·

205 3971 263 4005 rnrn
273 3955 549 4022 commigrationihns,
566 3969 637 4019 qnae
654 3952 745 4003 omnia

205 4025 326 4089 proierra
344 4025 468 4090 putidum
486 4029 538 4075 ast.
567 4025 656 4075 Unum
675 4023 746 4072 axci-

206 4094 271 4144 tabc
283 4095 466 4158 ¹Strabonem,
502 4093 531 4144 ni
551 4092 682 4158 Pelasgos
700 4107 745 4141 vo-

207 4168 252 4213 cat
280 4155 467 4214 calculosos
484 4109 577 4220 lhvoc
599 4159 647 4213 sul
676 4153 746 4228 ταχὺ

206 4223 281 4296 πρὸς
299 4223 467 4290 ἀναστάσεις
485 4233 578 4300 (xlll.
597 4249 623 4297 p.
643 4232 704 4282 921.
722 4246 744 4284 s.

206 4303 257 4354 922
287 4303 334 4368 0),
367 4303 515 4368 eademqne
543 4303 599 4354 iere
631 4317 748 4367 pronun·

206 4371 320 4424 tiantam
338 4373 499 4438 Dionysium
522 4371 612 4424 Halia.
635 4371 747 4436 Antiqq.

795 2495 924 2546 ohthones
936 2495 993 2546 sint
1003 2493 1144 2561 appellati,
1163 2509 1218 2560 qua
1226 2494 1335 2558 qnidam

794 2565 978 2632 appellatione
995 2564 1173 2616 Athenienses
1190 2573 1255 2629 prae
1274 2562 1335 2614 reli·

795 2635 855 2700 quis
875 2635 986 2690 Graecis
1009 2634 1129 2700 insignes
1148 2633 1268 2686 voluisse
1290 2647 1336 2682 ne·

795 2705 892 2755 minem
918 2704 997 2770 fugit.
1033 2704 1113 2754 Unda
1140 2719 1195 2754 non
1223 2701 1336 2752 multum

797 2774 895 2836 differt,
914 2775 938 2824 si
960 2773 1091 2839 Pelasgos
1114 2773 1223 2823 Atticae
1246 2777 1336 2822 terrae

795 2843 861 2894 lines
880 2845 1017 2910 ingressos
1034 2843 1124 2908 prisco
1143 2857 1211 2892 aevo
1230 2847 1257 2890 at
1275 2855 1336 2891 cnm

794 2913 931 2979 indigenis
946 2914 975 2964 in
986 2927 1069 2963 unam
1081 2912 1139 2961 iera
1150 2915 1258 2976 geniem
1276 2925 1338 2960 coa·

795 2983 878 3034 luisse
894 2983 1008 3042 dixerim
1024 2997 1077 3048 quo
1092 2981 1168 3034 ducit
1183 2979 1285 3030 Herod.
1298 2979 1336 3042 11,

796 3053 826 3103 51
847 3052 910 3104 coll.
927 3053 972 3116 (nt
990 3053 1033 3103 ch.
1047 3046 1153 3122 monet)
1163 3047 1194 3099 C.
1209 3047 1337 3100 O.Mnel·

794 3122 844 3174 lar.
868 3123 897 3172 in
923 3121 1085 3172 Orchomen.
1113 3135 1175 3184 pag.
1204 3117 1256 3170 439
1278 3133 1335 3184 seq.

797 3191 846 3243 129
864 3207 921 3258 seq.
938 3192 1008 3242 liam
1029 3197 1103 3242 tarra
1120 3189 1213 3240 Attica
1227 3188 1337 3239 commi-

795 3262 934 3328 grationes
952 3260 1101 3312 incolarum
1113 3260 1201 3309 minus
1219 3263 1262 3310 est
1278 3273 1337 3323 par-

795 3346 891 3397 passs,
914 3335 987 3380 testa
1008 3329 1169 3394 Thucydide
1189 3327 1216 3390 1,
1241 3329 1257 3376 2
1278 3326 1335 3386 fin.;

797 3415 829 3450 ax
848 3415 901 3465 qno
918 3398 991 3450 hand
1010 3399 1067 3448 scio
1084 3399 1230 3448 anliostro
1247 3399 1337 3460 patro-

796 3463 1337 3608 ilii‹l‘T'illillisl'iisill‘ill

797 3601 950 3672 χαιότατον
966 3598 1018 3669 μὲν
1034 3598 1123 3660 ἔθνος
1140 3613 1337 3676 παρεχομξνοι,

802 3672 906 3738 μοῦνοι
928 3666 959 3722 dl
986 3663 1079 3730 isiacae
1107 3661 1142 3720 ori
1168 3681 1337 3735 praevectus

786 3733 929 3808 Ἓλληνες.
961 3743 1039 3793 Haec
1051 3739 1190 3792 sufficiant
1208 3738 1243 3788 ad
1253 3738 1338 3788 Hero-

797 3814 855 3865 doti
872 3812 1057 3864 testimoninm
1075 3809 1252 3876 probandum,
1265 3807 1337 3873 quod

797 3899 857 4003 dmin
875 3897 986 4003 plinus
1008 3880 1108 3966 salsum
1128 3879 1269 4001 pffrhilm
1284 3877 1337 3998 (ὶὲ-

798 3969 892 4074 (lidae.
917 3967 1059 4074 ehlnlldellldld⁸
1079 3965 1280 4088 illaipslsslssdil
1308 3963 1337 4084 pl

797 4094 813 4142 4
832 4107 908 4158 seqq.
930 4091 1060 4159 (Opnsce.
1078 4091 1141 4143 Vll.
1160 4106 1187 4154 p.
1207 4089 1267 4140 292.
1285 4089 1337 4139 295

798 4161 895 4228 seqq),
913 4161 1091 4232 Athenienses
1107 4158 1273 4212 nullomodo
1287 4159 1337 4208 Pe·

797 4232 889 4298 lasgos
917 4233 1002 4284 inisse
1026 4233 1156 4284 dictitans
1180 4241 1269 4294 nequa
1289 4241 1355 4299 nn-¹

798 4317 878 4368 quam
898 4303 980 4354 etiam
994 4303 1046 4354 hcc
1061 4299 1262 4368 pronuntiasse,
1272 4294 1337 4344 licat

799 4375 944 4424 vetustatis
969 4389 1035 4424 suae
1064 4371 1166 4434 nbiqna
1188 4366 1336 4416 iaciatoras
