3008 4924
460 307 707 370 EUTERPE.
731 308 773 369 H.
799 313 857 372 167.
883 315 942 371 168.
1207 305 1268 370 800

137 480 256 552 ἐκατόν
281 483 415 572 πηχέων
436 484 504 552 ἐστὶ
526 489 725 570 Αἰγυπτίων
743 483 860 574 πάντη.
900 480 977 556 iet
998 482 1182 572 Αἰγύπτιος
1204 487 1267 571 πῆ-

93 597 144 652 186
150 615 209 675 χυς
225 587 382 675 τυγχάνει
400 585 469 666 ἰσος
489 583 555 655 ἐων
575 592 621 679 τῷ
636 593 764 679 Σαμίῳ.
792 589 977 678 ταῦταμὲν
999 585 1039 677 dr}
1062 603 1147 656 τοῖσι
1165 583 1269 656 ἅπασι

137 682 180 780 ἦν
193 691 454 780 ἐξαραιρημένα,
474 689 554 760 τάδε
569 690 606 760 δέ
621 692 657 758 ἐν
671 697 855 782 περιτροπῇ
869 695 1077 782 ἐκαρποῦντο
1094 693 1149 760 καί
1164 686 1267 761 οὐδα-

136 791 181 882 μὰ
196 788 308 863 ωντοί.
349 800 566 883 Καλασιρίων
584 799 684 882 χίλιοι
699 796 754 862 καὶ
765 790 992 885 Ἑρμοτυβίων
1009 791 1126 879 [ἄλλοι]
1149 798 1266 882 ἐδορυ-

136 896 262 987 φόρεον
285 895 442 968 ἐνιαυτίιν
466 901 598 968 ἕκαστοι
620 895 679 966 τὸν
698 902 853 985 βασιλέα·
889 899 1035 969 τούτοισι
1062 894 1094 967 d'
1117 890 1165 967 ὦν
1188 897 1269 966 τάδε

136 1000 239 1090 πάρεξ
259 1006 328 1070 τῶν
350 997 525 1089 ἀρουρέων
545 998 630 1070 ἅλλα
650 1003 781 1070 ἐδίδοτο
802 1000 855 1071 ἐπ’
875 998 981 1092 ἡμέρῃ
1005 1001 1142 1090 ἑκάστῃ,
1164 997 1270 1070 ὀπτοῦ

136 1110 231 1174 σίτου
244 1102 393 1194 σταθμὸς
413 1107 512 1175 πέντε
530 1107 627 1192 μνέαι
651 1103 795 1199 ἑκάστῳ,
818 1111 929 1196 κρεῶν
948 1108 1057 1194 βοέων
1077 1103 1139 1174 δύο
1160 1107 1269 1193 μνέαι,

136 1305 267 1370 appellari
285 1295 414 1371 ἄρουραν
432 1312 460 1357 et
478 1307 677 1374 quinquaginta
728 1308 827 1360 Iacobs
849 1308 869 1358 l.
892 1307 912 1358 l.
931 1323 992 1373 pag.
1014 1308 1045 1358 14
1069 1322 1145 1373 seqq.
1181 1306 1270 1371 Aegy-

136 1375 250 1440 pedibus
278 1381 418 1438 constare,
447 1377 475 1426 id
500 1377 534 1428 ad
553 1383 677 1428 nostrum
728 1378 814 1444 ptium
837 1377 922 1444 igitur
949 1377 1083 1440 cubitum,
1111 1376 1158 1442 qui
1178 1375 1269 1427 Samio

138 1443 227 1496 locum
238 1447 480 1497 commodereierri
492 1448 595 1512 nequit.
620 1449 678 1498 Ma·
727 1463 855 1514 parasse
874 1447 986 1507 dicitnr,
1005 1447 1132 1497 maiorem
1145 1445 1270 1496 eundem·

138 1515 179 1580 gis
197 1515 249 1566 huc
265 1516 346 1578 facit,
371 1515 442 1582 quod
466 1522 557 1567 monet
573 1518 676 1568 Wurm.
729 1533 781 1582 qne
799 1518 902 1582 regium
920 1515 954 1566 28
971 1516 1117 1582 digitorum
1135 1515 1191 1566 iere
1211 1531 1270 1565 esse

137 1583 171 1634 de
188 1585 288 1649 pondd.
308 1589 372 1635 ratt.
392 1601 455 1651 pag.
478 1585 592 1638 940011.
614 1603 677 1652 pag.
728 1601 874 1652 paremque
887 1585 1040 1650 Babylonio
1054 1585 1124 1636 idem
1136 1590 1271 1635 monstrn-

138 1654 197 1716 100,
225 1645 353 1716 ἄρουραν
376 1669 437 1705 csse
458 1659 547 1706 terrae
573 1663 678 1721 partem
730 1655 928 1706 vitvirdoctus.
943 1655 1269 1706 Gonf.etiamLetronner

138 1728 258 1782 aratam,
282 1739 387 1786 aream,
409 1738 464 1774 non
480 1723 677 1790 longitudinem
728 1727 837 1792 Fragm.
856 1725 986 1775 d’Herou.
1004 1740 1067 1790 pag.
1090 1724 1124 1774 80
1142 1740 1217 1789 seqq.
1242 1728 1270 1774 et

136 1793 335 1856 quinquaginta
354 1793 462 1857 pedum.
498 1793 595 1859 Itaque
612 1795 640 1845 h.
658 1793 677 1844 l.
728 1796 816 1844 virum
840 1793 947 1844 doctum
966 1795 994 1843 in
1012 1795 1104 1845 Revue
1126 1792 1270 1844 d’Archeo-

137 1861 315 1926 intelligenda
339 1868 381 1912 eat
399 1877 461 1912 aree
479 1868 585 1913 centum
605 1863 679 1914 cubi·
729 1865 784 1930 leg.
795 1865 829 1915 Χ.
840 1877 903 1928 pag.
918 1864 968 1915 738
983 1879 1069 1930 seqq,
1082 1865 1117 1914 H.
1131 1863 1268 1928 Brugsch:

137 1932 173 1982 tis
191 1945 396 1996 quaquaversus
409 1937 522 1984 extensa
539 1934 597 1984 sive
615 1949 679 1984 area
729 1935 853 1984 Numerr.
867 1948 910 1997 ap.
925 1937 994 1984 vett.
1007 1934 1125 2002 Aegypt.
1143 1933 1268 1984 demotic.

137 2001 228 2051 decem
242 1999 313 2050 mille
324 2001 473 2052 cubitorum
486 2001 679 2066 quadratorum
730 2003 816 2054 doctr.
833 2018 895 2067 pag.
915 2003 930 2053 5
948 2018 1004 2068 seq.

137 2086 159 2121 s.
171 2069 268 2131 22‚500
278 2069 374 2135 pedum
386 2071 588 2136 quadratorum.
607 2072 677 2124 Add.
764 2064 831 2121 reida
844 2066 875 2122 dl
892 2062 922 2121 ἐν
936 2069 1096 2139 περιτροπῇ
1111 2063 1269 2135 ἐκαρποῦν-

46 2135 50 2142 ’
137 2138 676 2207 lomard.inDescript.del'Eg.Autiqq.
729 2141 774 2208 τυ]
793 2133 860 2192 τάδε
879 2142 998 2207 pertinet
1020 2143 1055 2194 sd
1078 2157 1125 2202 sa,
1149 2157 1218 2207 quae
1241 2142 1270 2190 in

136 2209 195 2273 1(3
212 2208 286 2274 lirr.)
306 2225 370 2276 pag.
389 2210 440 2262 083
463 2226 536 2276 seqq.
575 2212 611 2263 si*
626 2211 677 2262 boc
728 2211 781 2262 fine
797 2227 857 2276 cap.
875 2211 1043 2274 indicantur,
1065 2212 1159 2276 panis,
1179 2211 1270 2262 carnis

137 2279 198 2330 leco
213 2277 349 2330 desubito
364 2281 677 2346 Aegyptiorummsiori,
728 2297 761 2332 ac
780 2282 836 2332 vini
855 2282 1002 2347 portiones.
1022 2311 1056 2322 -
1073 2271 1124 2344 ,,ἐν
1139 2295 1269 2343 περιτρο-

136 2349 183 2414 qui
201 2349 353 2414 Babylonio
372 2350 428 2400 fere
445 2366 494 2415 par
512 2351 608 2414 tuerit,
632 2367 678 2402 eo·
728 2349 778 2416 πῇ,
796 2353 816 2404 i.
829 2367 852 2405 e,
865 2343 895 2400 ἐκ
912 2343 1058 2413 περιόδου,
1076 2365 1124 2413 μιν
1137 2353 1211 2410 vices,
1231 2351 1270 2400 in·

136 2419 262 2484 gitemus‚
282 2434 361 2469 arura
374 2435 407 2470 ex
420 2420 463 2482 iis,
482 2435 551 2484 quae
568 2437 678 2486 compu-
727 2425 894 2486 terpretanta
912 2421 934 2472 1.
952 2421 999 2472 Fr.
1013 2421 1149 2472 Gronovio
1167 2419 1203 2470 ad
1218 2421 1270 2470 Ta-

136 2488 221 2538 tendo
240 2489 344 2539 invenit
362 2489 460 2540 Iacobs
476 2489 529 2554 (De
545 2505 678 2542 meneurr.
729 2491 778 2542 citi
802 2492 927 2543 German.
948 2507 1008 2557 cap.
1032 2491 1095 2544 w
1139 2493 1181 2542 Or.
1205 2489 1269 2542 Vid.

135 2556 255 2608 Hsrodd.
270 2573 333 2624 pag.
351 2557 404 2624 10),
422 2558 504 2610 habet
519 2559 605 2612 28446
615 2561 676 2626 ped.
728 2561 832 2612 Herod.
850 2562 903 2624 111,
918 2559 962 2612 00.

135 2627 257 2678 Rhenan.
277 2627 424 2692 quadratos
443 2629 501 2679 sive
515 2628 677 2682 '2802metra
764 2629 945 2694 Καλασιρίων
963 2627 1047 2696 γίλιυι
1073 2624 1120 2679 καί
1135 2619 1271 2692 Ἑρμοτυ-

135 2696 250 2749 Gallica.
289 2699 605 2764 ‚‚ltaque‚ait1acobs,
624 2702 677 2752 init
728 2697 799 2766 βίων
813 2691 904 2764 ἄλλοι]
924 2690 1016 2763 ἄλλοι,
1038 2717 1070 2750 ex
1091 2698 1191 2750 Aldina
1205 2699 1290 2764 duo-A

136 2767 245 2817 circiter
264 2767 288 2829 1,
309 2769 320 2818 l
342 2769 399 2818 eius
418 2783 574 2831 mensurae,
597 2785 677 2834 quam
728 2771 832 2834 busque
851 2769 929 2820 cedd.
949 2784 1021 2819 nnnc
1037 2774 1190 2832 receptum,
1216 2769 1270 2816 iam

135 2851 184 2886 nos
199 2836 307 2899 Meroen
323 2853 462 2900 vocamus,
483 2853 552 2902 quae
570 2843 679 2888 constat
729 2840 863 2901 expressit
881 2837 976 2897 Valla3
1002 2853 1019 2888 s
1038 2839 1175 2903 plerisque
1193 2836 1269 2886 libris

136 2905 223 2957 25000
236 2904 317 2968 pedd.
332 2906 436 2958 Rbenn.
449 2907 600 2972 quadratis.
619 2907 678 2957 Sin·
729 2909 816 2972 iisque
834 2907 990 2958 melioribus
1009 2908 1100 2966 abest;
1120 2920 1203 2970 qnare
1222 2921 1270 2954 uu-

137 2972 208 3037 gnlia
226 2973 357 3022 militibus
370 2990 439 3039 quae
454 2975 609 3039 adscriptae
623 2975 678 3025 lue·
729 2977 769 3027 cis
784 2977 974 3027 includendum
988 2976 1094 3036 censui,
1114 2973 1186 3040 quod
1199 2974 1270 3023 idem

135 3048 198 3092 runt
216 3042 356 3092 duodenas
379 3059 475 3095 arurae
494 3048 611 3108 aequant
629 3045 679 3094 cir·
729 3048 794 3096 fecit
822 3045 952 3105 Dietscb;
988 3045 1118 3104 Dindori‚
1150 3041 1270 3107 Lbsrdy‚

135 3110 678 3172 citer13,2huiusnostraemsnsarae.“
729 3116 776 3166 alii
797 3131 907 3180 prorsus
932 3115 1089 3164 omiserunt.
1127 3113 1270 3164 Caeterum

136 3182 169 3230 In
199 3182 343 3232 Rosettani
374 3181 473 3246 lapidis
502 3183 679 3248 inscriptions
728 3185 772 3234 bic
790 3183 1056 3246 militumnumerus‚
1076 3182 1192 3234 collatus
1210 3197 1270 3232 cum

137 3251 243 3301 Graeca
252 3249 344 3300 eadem
357 3242 676 3317 voxc'ipevpureperitur.
727 3253 840 3304 militnm
859 3269 970 3304 numero
989 3269 1048 3318 cap.
1072 3255 1131 3305 105.
1152 3251 1210 3314 100,
1230 3252 1271 3302 iu-

171 3310 186 3368 ὁ
206 3312 237 3368 δὲ
260 3311 414 3383 Αἰγύπτιος
435 3320 528 3385 πῆχυς
546 3313 677 3386 τυγχάνει
728 3330 771 3376 sto
783 3324 869 3373 minor
883 3323 1138 3389 Schweighaeusero
1151 3322 1268 3373 videtur.

136 3379 198 3444 ἶσος
215 3378 270 3437 ἐῶν
292 3386 331 3454 τῷ
355 3387 466 3455 Σαμίῳ]
487 3390 607 3442 Samium
632 3408 678 3442 cu·
728 3393 783 3446 Sed
800 3397 927 3458 poterant
943 3392 1128 3458 illicintelligi
1146 3408 1199 3442 non
1218 3393 1270 3442 viri

134 3457 221 3506 bitum
246 3457 310 3507 inde
338 3459 433 3522 opinor
458 3463 677 3512 commemoravit
728 3467 835 3515 tentum
854 3479 929 3513 arma
949 3468 1088 3528 gerentes,
1112 3461 1269 3513 acdeorum

134 3527 248 3588 Noster,
265 3526 338 3592 quod
356 3529 414 3593 ipse
433 3528 538 3594 longius
552 3531 580 3580 iu
595 3531 676 3582 Samo
727 3548 834 3599 quoque
846 3531 979 3594 familiae,
994 3534 1035 3583 ita
1050 3537 1081 3582 ut
1095 3532 1213 3582 omnium
1224 3532 1271 3582 ho-

135 3601 317 3646 commoratus
352 3613 492 3648 mensuras
525 3599 676 3650 Samiorum
726 3605 827 3653 minum
848 3602 882 3652 ed
901 3603 1017 3652 militum
1036 3599 1117 3666 γένος
1135 3602 1270 3665 portinen-

135 3665 203 3716 bene
226 3666 352 3731 cognitas
381 3667 491 3718 habuit:
516 3668 587 3720 bunc
611 3685 675 3720 vero
727 3673 794 3723 tium
814 3677 908 3723 tantus
927 3673 1009 3722 luerit
1027 3685 1164 3721 numerus.
1182 3697 1216 3706 —
1237 3671 1270 3720 In

135 3734 254 3786 Samium
277 3735 396 3786 cubitum
422 3753 439 3788 a
462 3738 569 3804 vulgari
594 3740 677 3790 Grae·
729 3758 805 3808 seqq.
831 3743 1023 3793 destructura
1046 3740 1122 3790 verbi
1142 3736 1270 3802 δορυφο-

135 3820 227 3854 οοττττττ
250 3805 344 3855 cubito
365 3806 500 3858 diversum
522 3809 616 3874 utique
637 3809 677 3858 fu·
729 3815 790 3872 ρείν
808 3827 868 3862 cum
887 3811 1048 3862 accusativo
1067 3808 1140 3860 coni.
1156 3809 1270 3858 similem

134 3874 189 3924 isse
212 3890 300 3940 neque
325 3875 388 3925 inde
412 3877 494 3926 etiam
513 3879 676 3942 Aegyptium
728 3881 822 3931 Nostri
835 3880 924 3932 locum
938 3881 992 3942 ΙΙΙ,
1009 3881 1058 3930 127
1072 3883 1099 3929 et
1109 3877 1166 3928 vid.
1181 3878 1271 3929 Kueb-

135 3944 269 4007 cubitum,
288 3944 334 4010 qui
355 3945 446 3996 Samio
464 3963 513 4011 par
530 3947 557 3998 h.
573 3947 592 3998 l.
612 3947 677 3998 dici·
727 3965 784 4000 ner.
804 3951 851 4001 Gr.
877 3951 924 4002 Gr.
950 3954 976 4010 it.
996 3951 1055 4003 550.
1076 3979 1110 3989 -
1133 3949 1166 3998 Iu
1192 3962 1268 4013 seqq.

134 4017 193 4074 tur,
221 4029 313 4079 parem
336 4013 422 4064 fuisse
445 4015 548 4067 Graeco
570 4017 677 4080 vulgari
727 4020 763 4070 ad
780 4009 824 4068 ἐπ’
843 4010 933 4083 ἡμέρῃ
951 4012 1053 4082 ἑκάστῃ
1070 4018 1270 4084 (inanumqaem-

136 4081 238 4145 cubito,
263 4088 338 4133 recte
355 4084 461 4150 colligit
479 4085 589 4138 Boeckb
608 4087 678 4152 (Μο-
729 4105 776 4155 qne
793 4087 868 4146 diem)
886 4089 942 4140 vid.
960 4087 1063 4138 Herod.
1086 4089 1121 4150 V,
1140 4087 1183 4138 53.
1204 4087 1269 4151 VII,

134 4150 233 4216 trolog.
252 4153 491 4218 Untersucbungg.
510 4171 536 4220 p.
549 4157 600 4204 ‘222
619 4171 676 4222 seq.
729 4159 789 4210 187.
809 4157 857 4220 lv,
878 4158 927 4208 112
946 4158 1039 4223 ibique
1056 4162 1125 4208 nott.

134 4219 366 4272 Monatsberiehte
385 4223 411 4273 d.
426 4224 528 4274 Berlin.
544 4224 633 4274 Akae.
649 4226 676 4276 d.
762 4218 918 4290 σταθμὸς
929 4223 1011 4275 πέντε
1022 4224 1114 4290 μνέαι]
1126 4227 1178 4278 i.e.
1192 4227 1270 4292 quin-

134 4287 301 4341 Wissensch.
331 4291 406 4344 1854.
439 4308 500 4358 pag.
532 4295 565 4343 77
599 4308 676 4358 seqq.
728 4312 779 4358 qne
801 4297 889 4346 minae
910 4296 1035 4359 pondere.
1073 4296 1181 4347 Etenim
1205 4309 1269 4346 στα-

135 4358 234 4410 meneis
257 4359 404 4425 Febrem.)
425 4377 539 4429 eumque
566 4367 676 4416 secutus
727 4357 803 4429 ομὸς
831 4365 924 4418 eodem
956 4365 1036 4416 modo
1065 4365 1188 4420 additum
1215 4381 1268 4431 quo
