3020 4930
627 279 897 342 EXCURSUS
921 279 967 340 IV

592 695 915 774 EXOURSUS
950 697 1006 773 IV

456 869 541 934 Au
585 833 943 934 unuouou.
988 865 1024 949 1,
1073 869 1141 930 uo.

719 1067 877 1076 ——-·---

277 1213 384 1293 Μῆδοι
400 1211 432 1274 di
446 1203 607 1289 ὑπέκυψαν
623 1208 756 1294 Πέρσῃσι
771 1200 820 1270 διὰ
834 1199 889 1304 τὴν
904 1203 1011 1271 τούτου
1025 1203 1204 1288 πικρότητα,
1227 1200 1372 1286 ἄρξαντες

359 1314 412 1390 τῆς
422 1304 486 1372 ἅνιο
497 1303 607 1385 ’Ἅλυος
621 1311 756 1389 ποταμοῦ
767 1303 867 1388 Ἀσίης
879 1302 926 1372 ἐπ’
942 1308 1009 1371 ἔτεα
1022 1304 1183 1390 τριήκοντα
1195 1307 1245 1370 καὶ
1261 1298 1371 1370 ἐντατὸν

361 1414 443 1476 δυῶν
459 1409 578 1490 δέοντα,
600 1400 726 1494 ττᾶρεξῆ
742 1402 815 1472 ὅσον
830 1411 863 1472 οῖ
872 1405 997 1472 Σκύθαι
1012 1394 1116 1489 ἦρχον.

318 1576 398 1638 Quae
413 1573 446 1624 de
462 1569 586 1624 hocloco
607 1570 642 1622 ad
657 1569 769 1622 Ctesias
783 1571 906 1638 iragmm.
924 1588 952 1640 p.
964 1573 1018 1630 439
1034 1569 1250 1640 disputavimus,
1273 1585 1369 1621 eorum

233 1679 360 1716 summam
376 1658 418 1711 hic
433 1655 636 1721 adscribamus,
653 1654 715 1708 aliia
731 1654 893 1726 quibusdam
908 1656 1019 1709 additis.
1052 1657 1122 1710 Nam
1134 1653 1269 1710 Herodoti
1282 1655 1371 1707 uerba

233 1767 250 1802 a
266 1746 378 1800 Ctesias
394 1741 554 1796 narratione
568 1741 603 1794 de
622 1739 766 1793 Medorum
780 1741 895 1810 regibus
910 1759 942 1794 ac
957 1741 992 1794 de
1010 1746 1147 1812 tempore,
1170 1758 1220 1811 per
1236 1739 1311 1810 quod
1326 1739 1368 1792 illi

234 1850 350 1902 regnum
369 1826 525 1893 tenuerint,
547 1826 642 1880 mirum
658 1831 790 1896 quantum
812 1826 980 1897 discrepant.
1013 1827 1076 1880 Vid.
1095 1827 1209 1879 Diodor.
1226 1824 1311 1877 Sicul.
1330 1825 1367 1890 II,

233 1925 277 1979 32.
311 1917 382 1969 Octo
395 1912 505 1966 Ctesias
519 1911 639 1964 nominat
655 1911 798 1966 Medorum
815 1929 913 1980 reges,
935 1913 982 1982 qui
1001 1931 1052 1982 per
1071 1912 1205 1965 ducentos
1226 1909 1370 1978 octoginta

234 2005 289 2056 duo
307 1987 395 2056 annos
410 2013 526 2066 regnum
541 2001 726 2066 occuparunt3
749 1998 850 2067 quibus
874 2013 965 2050 nonus
982 1997 1087 2050 accedit
1104 1995 1251 2064 Astyages.
1284 1995 1368 2048 Unda

234 2089 307 2159 apud
325 2083 445 2155 Syncell.
463 2081 593 2135 chronic,
611 2081 732 2151 pascbal.
749 2100 776 2152 p.
790 2084 873 2142 1158
896 2083 1039 2136 Medorum
1054 2099 1141 2150 regno
1158 2080 1222 2133 anni
1239 2080 1367 2132 tribuun-

234 2181 280 2227 tur
298 2170 396 2224 CCLX
413 2173 442 2222 et
461 2166 535 2238 apud
551 2167 761 2236 chronograph.
784 2184 811 2236 p.
822 2172 875 2227 235
894 2167 984 2220 Paris.
1007 2168 1050 2220 ed.
1073 2187 1100 2237 p.
1115 2170 1166 2226 188
1180 2165 1279 2218 Vsuet.
1300 2165 1367 2217 anui

235 2255 412 2322 CCLXXV13
435 2252 567 2321 Agathias
582 2269 649 2304 vcro
667 2252 715 2322 (de
732 2253 814 2304 rebus
824 2252 923 2304 lustin.
940 2253 968 2304 II
986 2269 1013 2322 p.
1022 2258 1056 2314 46
1072 2252 1109 2320 A)
1127 2249 1251 2304 aCtesia
1267 2250 1369 2320 opinor

234 2341 358 2414 pendens
373 2355 461 2391 annos
477 2337 555 2406 ponit
570 2354 624 2389 non
640 2336 729 2388 minus
742 2341 892 2390 trecentos.
926 2338 985 2390 Nec
1000 2337 1118 2407 denique
1134 2336 1194 2406 ipse
1204 2334 1368 2388 Herodotus

234 2427 288 2481 sibi
305 2429 437 2479 constans
452 2421 592 2492 reperitur
605 2421 634 2474 in
650 2421 739 2488 cunis,
758 2439 808 2490 per
818 2438 889 2492 quos
904 2422 1007 2491 singoli
1025 2421 1169 2492 regnarint
1183 2437 1274 2488 reges,
1291 2425 1367 2475 recta

234 2508 434 2580 computandis.
466 2505 576 2570 Quodsi
591 2506 660 2560 euim
676 2523 772 2573 annos,
788 2523 858 2576 quos
873 2513 993 2578 quatuor
1007 2508 1070 2560 istis
1082 2505 1225 2560 Medorum
1240 2505 1366 2574 regibus,

235 2595 342 2649 incluso
358 2592 495 2660 Astyage,
516 2590 562 2644 ille
584 2591 730 2659 adscribit,
753 2591 781 2643 iu
804 2607 886 2646 unum
907 2591 1058 2646 contuleris
1077 2593 1121 2661 (I,
1138 2594 1197 2648 1⁰2·
1217 2594 1277 2650 106.
1293 2592 1367 2659 130).

234 2680 350 2736 exsistet
367 2693 468 2731 summa
480 2693 613 2729 annorum
628 2683 736 2730 centum
751 2675 968 2746 quinquaginta3
991 2677 1064 2731 unde
1077 2675 1195 2730 XXVIII
1210 2676 1301 2742 anuis,
1316 2676 1367 2750 qui

235 2767 269 2821 sd
284 2765 446 2832 scytharum
458 2761 663 2831 occupationem
680 2762 830 2832 pertinent,
846 2763 986 2832 detractis,
1006 2765 1159 2834 supersunt
1174 2760 1239 2813 anni
1252 2759 1366 2828 CXXII,

235 2867 324 2920 neque
339 2847 494 2914 CXXVIII,
517 2851 549 2898 ut
570 2846 621 2899 boo
639 2847 773 2900 Herodoti
796 2847 855 2900 loco
876 2848 987 2917 legitur.
1020 2849 1100 2912 Quae
1118 2863 1172 2918 quo
1192 2845 1287 2912 modo,
1310 2845 1366 2899 uisi

236 2934 409 3004 negligenter
432 2931 592 3002 scriptorem
608 2937 730 2985 nostrum
752 2931 843 3000 egisse
863 2941 911 2986 aut
928 2933 1056 2985 librarios
1076 2934 1136 2986 eius
1153 2932 1238 2984 verba
1257 2929 1366 2984 literas-

236 3039 290 3092 que
305 3019 484 3090 perturbasse
499 3017 621 3086 dixeris,
644 3017 791 3071 convenire
812 3017 934 3087 possint,
959 3037 1013 3070 nou
1037 3019 1122 3088 magis
1142 3016 1266 3084 intelligo
1284 3033 1365 3086 qnam

236 3123 294 3160 cum
316 3103 436 3156 numeris
451 3102 591 3156 Cteaisuis
607 3103 630 3155 si
649 3103 713 3173 quis
728 3103 775 3155 ills
799 3102 828 3154 in
846 3103 1016 3157 concordiam
1034 3105 1160 3172 redigere
1180 3100 1256 3154 velit.
1287 3100 1365 3153 Peri-

236 3191 325 3244 culum
339 3191 429 3241 lecere
446 3187 517 3240 haud
532 3187 611 3256 pauci
626 3186 678 3240 viri
694 3187 783 3252 docti,
806 3203 866 3241 curu
882 3189 959 3240 modo
974 3205 1051 3240 sacru
1066 3207 1100 3242 ex
1115 3187 1262 3256 scriptura,
1286 3187 1365 3239 modo

146 3307 148 3311 v
237 3272 408 3327 orientalium
428 3271 591 3339 scriptorum
608 3291 623 3324 e
640 3271 779 3340 lontibus,
804 3273 880 3325 modo
902 3289 936 3325 ex
956 3290 1007 3326 suo
1023 3273 1147 3343 ipsorum
1164 3271 1276 3340 ingenio
1298 3273 1366 3323 baec

236 3375 327 3412 secum
345 3357 490 3410 conciliare
506 3356 659 3427 iustumque
677 3361 825 3426 temporum
842 3357 939 3411 seriem
963 3358 1026 3410 iude
1043 3357 1213 3412 constituere
1231 3373 1364 3408 conaren-

235 3453 291 3497 tur.
326 3443 369 3495 Tu
388 3441 444 3494 vid.
463 3441 552 3493 Beck:
572 3441 685 3510 Allgem.
701 3441 869 3510 Weltgesob.
885 3442 907 3495 I.
927 3461 954 3512 p.
970 3448 1021 3502 612
1036 3461 1098 3514 sqq.
1117 3445 1169 3502 635
1184 3459 1263 3511 seqq.
1277 3446 1367 3501 641-

236 3533 289 3590 644
305 3533 333 3580 et
348 3527 448 3580 dudum
463 3529 526 3579 aute
541 3525 575 3578 de
590 3527 632 3578 his
651 3527 831 3581 disserentem
842 3525 953 3580 Reiner.
969 3529 1095 3582 Reinecc,
1115 3528 1143 3579 in
1160 3525 1268 3580 lamiliis
1284 3543 1363 3594 regg.

236 3614 311 3668 Med.
328 3617 357 3666 et
372 3611 479 3664 Bactrr.
495 3610 586 3680 (Lips.
605 3611 685 3678 1572)
700 3629 727 3681 p.
742 3615 777 3670 M
791 3629 869 3680 seqq.
885 3616 929 3671 29.
941 3618 985 3672 31.
1017 3613 1077 3666 Nec
1090 3611 1267 3682 praetermitti
1283 3611 1366 3664 debet

236 3697 367 3752 Lurcheri
378 3694 528 3764 disputatio
540 3694 568 3746 in
579 3697 635 3748 tab.
648 3695 768 3748 chronol.
786 3701 806 3748 t.
821 3696 883 3747 VII.
900 3713 960 3766 cap.
973 3697 1020 3750 IV.
1036 3715 1064 3767 p.
1078 3701 1129 3756 158
1141 3714 1229 3768 seqq,
1252 3697 1300 3748 ubi
1316 3713 1364 3748 va·

237 3783 293 3837 riae
316 3789 344 3834 et
365 3787 487 3833 veterum
513 3785 540 3830 et
561 3781 741 3833 recentiorum
763 3781 917 3833 sententiae
939 3780 1067 3834 collectae
1089 3781 1278 3834 inveniuntur.
1317 3781 1364 3834 Iu-

238 3868 352 3936 geuiose
365 3881 476 3936 qnoque
488 3864 515 3918 in
526 3863 591 3917 haec
607 3865 753 3934 inquisivit
764 3865 862 3917 Gallus
877 3865 975 3918 doctus
991 3867 1019 3920 in
1032 3866 1111 3932 libro,
1126 3867 1173 3937 qni
1189 3863 1365 3919 inscribitur:

236 3951 406 4005 Recherches
429 3947 570 4003 nouvelles
590 3967 640 4002 sur
655 3949 738 4002 l'hist.
759 3950 865 4002 ancien.
885 3950 989 4022 (Paris.
1007 3953 1088 4018 1814)
1106 3957 1126 4003 t.
1139 3951 1162 4003 I.
1177 3969 1204 4021 p.
1217 3953 1268 4009 144
1284 3967 1363 4021 seqq.

237 4035 369 4103 Singulos
389 4034 462 4105 apud
480 4034 649 4088 Herodotum
669 4051 749 4101 reges
765 4035 908 4088 Medorum
927 4051 987 4088 cum
1004 4035 1145 4089 Ctesianis
1163 4051 1320 4105 comparare
1337 4043 1366 4088 et
1421 4039 1423 4046 “

238 4125 383 4189 utrumque
401 4120 561 4189 scriptorem
586 4120 636 4172 hoc
655 4120 732 4173 modo
754 4136 846 4173 secum
868 4121 1013 4174 conciliare
1036 4121 1158 4186 studuit,
1182 4127 1213 4172 ut
1231 4120 1365 4172 Ctesiaua

238 4220 332 4272 regum
348 4205 436 4257 series
452 4203 518 4256 nibil
535 4203 609 4258 aliud
625 4223 687 4258 esse
702 4204 829 4258 rideatur
847 4205 900 4258 nisi
915 4205 1089 4259 Herodoteae
1104 4204 1187 4257 seriei
1202 4203 1363 4273 duplicatio.

238 4289 316 4351 Quae
345 4287 412 4340 talia
438 4305 587 4358 sausquam
608 4297 689 4356 sunt,
716 4295 748 4342 ut
770 4294 798 4342 et
818 4291 953 4344 allinnare
979 4297 1006 4344 et
1030 4291 1156 4343 diffidere
1183 4289 1220 4342 sit
1241 4287 1363 4342 difficile.

238 4373 319 4426 Haud
335 4371 439 4426 meliori
457 4373 485 4425 iu
504 4373 579 4428 bisce
601 4391 731 4429 successu
754 4374 931 4429 elaborarunt
950 4375 1010 4445 alii,
1039 4391 1109 4446 quos
1126 4375 1161 4428 ad
1178 4371 1289 4429 Ctesias
1306 4373 1325 4426 l.
1344 4374 1363 4426 Ι.
