3008 4924
231 285 291 348 786
655 282 927 345 HERODOTI

228 460 358 530 τούτων
376 456 517 528 ἕκαστόν
541 461 621 527 ἐστι.
661 453 698 526 od
713 457 751 526 δὲ
766 460 1018 546 καταστέγασμα
1030 462 1089 546 τῆς
1100 453 1243 548 ὀροφῆς,
1262 453 1363 535 ἄλλος

162 565 392 634 minniaco
407 567 503 640 λίθος
517 566 602 649 ἔχων
615 558 678 649 τὴν
692 567 915 651 παρωροφίδα
928 560 1149 651 τετράπηχυν.
1181 555 1280 630 Οὕτω
1298 561 1364 649 μέν

227 661 324 738 oovd
342 663 422 753 νηὸς
433 670 501 734 τῶν
515 670 674 754 φανερῶν
682 693 737 752 μοι
752 670 820 734 coin
835 666 911 755 rocol
926 662 1075 736 roriconi
1091 663 1166 754 ἱρόν
1179 668 1248 734 ἐστι
1262 673 1363 732 διυ-

226 769 449 861 μαστότατον,
464 773 533 839 τῶν
549 768 587 838 δὲ
601 772 771 858 δευτέρων
784 774 884 858 νῆσος
897 765 917 858 ἡ
932 772 1058 859 Χέμμις
1071 769 1276 858 καλευμένη·
1292 771 1365 836 ἔστι

226 940 255 990 iu
274 932 389 995 innotos
411 941 541 1001 mutetur,
559 932 595 986 'ut
616 937 652 987 nd
675 938 770 1002 τοῖχος
820 937 859 988 les
876 945 972 1004 quatre
991 936 1106 988 couddes
1126 942 1187 987 sont
1201 935 1227 985 le
1247 931 1367 984 dixibme

226 1014 344 1074 spectet,
370 1008 481 1058 obstent
502 1021 568 1058 sene
585 1006 647 1057 libri
665 1007 769 1072 scripti,
820 1008 853 1059 de
872 1008 898 1058 lu
916 1009 1031 1058 hauteur
1049 1009 1084 1058 du
1101 1005 1265 1066 monolitbe;
1289 1020 1322 1054 or
1339 1003 1368 1052 le

225 1080 340 1144 ipseque
358 1078 442 1142 ratio,
467 1091 550 1142 quse,
574 1093 634 1127 oum
652 1073 770 1126 ἕκαστον
819 1079 933 1130 comicie
953 1079 1021 1128 done
1044 1077 1083 1130 les
1107 1080 1278 1127 monuments
1300 1072 1368 1141 egy-

227 1155 351 1199 nontom
366 1148 400 1198 ed
413 1147 553 1212 parietem,
572 1163 652 1212 quum
667 1145 771 1197 udlon·
820 1149 908 1213 ptiens
937 1153 979 1198 est
1001 1147 1027 1198 le
1047 1146 1189 1198 nenvieme
1213 1161 1248 1196 ou
1270 1143 1298 1193 le
1326 1144 1366 1192 di-

227 1218 376 1283 gitndinem
392 1222 421 1267 et
433 1216 604 1266 altitudinem
623 1213 724 1280 (μῆκος
741 1219 770 1266 et
820 1217 908 1268 xibme
919 1219 1006 1283 partie
1022 1217 1055 1268 de
1068 1217 1096 1267 ls
1114 1218 1229 1267 hauteur
1247 1213 1366 1265 totale.“

227 1285 317 1352 depos,
349 1301 401 1353 quo
431 1287 485 1336 iem
515 1287 608 1338 retulit
634 1286 769 1352 Schweig-
820 1289 908 1351 Quom
923 1284 1121 1353 παρωροφίδα,
1139 1286 1287 1347 coronidem,
1306 1284 1335 1334 h.
1346 1283 1366 1334 l.

227 1357 363 1422 hueuser.)
383 1357 441 1407 sive
459 1355 494 1406 ed
512 1355 704 1406 dimensionem
721 1370 769 1420 pe·
819 1359 919 1408 Noster
953 1357 1037 1421 dixit,
1070 1353 1253 1420 στεγαστρίδα
1282 1358 1367 1404 vocet

228 1429 325 1478 rictum
353 1417 496 1491 (rodomo)
528 1429 649 1490 spectet,
678 1425 769 1475 letiori
819 1429 942 1493 inscript.
955 1428 1060 1478 Graeco
1075 1427 1102 1476 in
1114 1427 1194 1491 Corp.
1214 1426 1301 1474 inser.
1315 1425 1365 1475 Gr.

227 1498 310 1563 igitur
326 1510 408 1545 sensu
425 1494 595 1559 adhibentur,
615 1499 712 1546 neutro
724 1510 770 1562 ge·
819 1499 916 1550 T.111.
926 1513 968 1549 nr.
981 1498 1059 1560 4712,
1072 1497 1119 1547 ubi
1133 1496 1205 1547 coni.
1216 1496 1243 1546 J.
1261 1495 1365 1546 Frons.

226 1583 290 1616 nere
313 1562 432 1615 ἕκαστον
455 1564 509 1614 dici
533 1565 621 1626 iubet3
646 1565 701 1615 vid.
721 1565 769 1616 Je-

226 1637 301 1687 cobs.
336 1636 378 1684 De
406 1649 524 1686 mensur.
547 1635 679 1686 Herodot.
703 1650 767 1700 pag.
1003 1669 1058 1720 Cn
1088 1669 1173 1720 CLVI

226 1709 269 1758 22.
305 1705 395 1770 Atque
419 1705 459 1754 sic
484 1719 592 1770 quoque
615 1706 643 1755 in
663 1709 769 1755 eutece-
1061 1707 1068 1721 ‘
1176 1707 1183 1722 ⁸

226 1775 366 1826 dentibus:
392 1769 439 1823 καλ
457 1776 553 1839 τοῖχος
570 1769 686 1832 ἕκαστος
706 1765 769 1823 τοτ’-
853 1771 910 1822 roiv
935 1765 966 1822 dl
990 1769 1140 1838 δευτέρων]
1170 1773 1244 1823 Ηοοο
1268 1771 1365 1834 verbe,

226 1841 387 1906 rosoribus,
407 1843 515 1894 dativus
533 1835 659 1894 τούτοισι
677 1844 713 1894 ed
731 1843 769 1893 sl·
819 1859 887 1894 esne
906 1841 986 1892 modo
1007 1844 1076 1906 sint,
1104 1843 1143 1892 nil
1168 1841 1241 1892 eliud
1260 1841 1365 1906 signifi-

225 1913 351 1964 titudinis
373 1919 402 1963 et
424 1913 602 1979 longitudinis
626 1914 769 1965 dimensio·
819 1929 882 1964 eure
899 1917 1013 1979 possunt
1031 1913 1097 1962 nisi:
1121 1914 1212 1976 „inter
1227 1927 1275 1974 ee,
1292 1927 1366 1976 quse

226 1999 275 2034 nes
292 1983 423 2048 pertinet,
442 1990 473 2033 ut
490 1999 585 2035 seusus
601 1985 651 2034 sit:
676 1984 769 2049 „quis-
819 1984 892 2034 circe
915 1984 966 2033 lroc
990 1983 1118 2048 templum
1148 1982 1364 2046 conspiciuntur,

226 2069 279 2120 que
296 2055 386 2118 peries
404 2053 445 2103 his
462 2053 674 2104 dimensionibus
698 2053 768 2118 (slti-
818 2056 928 2104 recundo
949 2055 1003 2103 ioco
1030 2053 1155 2118 ponende
1181 2057 1223 2103 est
1248 2056 1277 2100 et
1302 2051 1366 2116 ipss

226 2124 329 2174 tudinis
346 2128 373 2172 et
394 2122 601 2188 longitudinis),
623 2140 672 2190 per
693 2122 767 2189 (sibi)
820 2123 998 2173 admiratione
1033 2123 1116 2188 digne
1150 2122 1256 2184 insule,
1292 2137 1365 2186 quse

227 2194 297 2256 est,“
317 2195 336 2245 i.
351 2208 374 2242 e.
388 2193 502 2258 quisque
519 2195 609 2258 peries
631 2195 659 2243 in
676 2193 768 2243 altitu·
820 2193 953 2243 Chemmis
972 2193 1116 2243 vocetur.“
1152 2194 1193 2242 De
1212 2191 1301 2241 forme
1317 2207 1366 2240 vo-

226 2263 315 2312 dinem
338 2269 364 2311 et
389 2263 585 2328 longitudinem
604 2262 687 2313 hebet
703 2278 768 2328 que·
819 2263 859 2312 eis
877 2257 985 2326 Χέμμις
1001 2262 1124 2327 disputet
1142 2261 1252 2312 Lobeck
1264 2261 1367 2313 Patho-

227 2333 355 2396 dreginto
366 2332 482 2396 cubitos,
495 2333 541 2398 qui
553 2337 672 2398 coquent
684 2333 768 2382 ierme
818 2331 874 2398 log.
892 2333 989 2384 Graec.
1009 2347 1089 2383 serm.
1107 2347 1134 2396 p.
1153 2331 1212 2382 159.

226 2401 370 2466 sexaginte
387 2401 468 2465 pedes
487 2402 630 2453 Rhencnos
652 2400 706 2467 (58,
724 2401 767 2454 93‘
855 2393 1087 2467 νῆσοςὴΧέμμις
1098 2395 1263 2467 καλεομένη]
1277 2402 1365 2452 Chem-

225 2469 304 2535 pedd.
325 2469 451 2536 libem).
818 2473 856 2522 bis
879 2473 979 2521 dicitnr
1001 2473 1141 2522 Hecsteeo
1164 2471 1286 2532 Milesio,
1315 2471 1364 2536 qni

259 2530 291 2587 τὸ
309 2533 341 2587 δὲ
358 2533 631 2605 καταοτέγαοματῆς
648 2531 768 2607 ὀροφῆς,
819 2541 918 2592 similis
942 2541 975 2592 de
997 2541 1049 2591 huc
1070 2540 1160 2591 insule
1182 2543 1209 2590 iu
1227 2540 1365 2606 periegeei

224 2599 308 2664 ἄλλος
319 2598 458 2657 ἐπικέεται
470 2607 563 2676 λίθος]
576 2612 617 2661 De
630 2617 768 2662 structure
819 2627 869 2662 sue
889 2610 1052 2674 tradideret,
1078 2609 1206 2661 laudante
1229 2610 1363 2675 Stephon.

187 2723 190 2728 ,
224 2681 316 2728 monet
342 2678 440 2728 Mutth.
468 2679 513 2730 Gr.
544 2681 591 2732 Gr.
618 2696 680 2746 peg.
706 2681 766 2732 791.
818 2683 935 2747 Bynent.
955 2697 976 2732 s.
998 2697 1023 2730 v.
1060 2683 1103 2731 De
1120 2679 1215 2730 insulis
1232 2681 1366 2730 fluitanti-

225 2749 288 2798 Dici
305 2747 376 2798 enim
393 2748 522 2834 boepro:
543 2742 575 2806 τὸ
593 2743 624 2801 δὲ
637 2743 768 2800 narcoti—
818 2751 868 2801 bns
879 2751 996 2817 Aegypti
1006 2750 1366 2816 sectorquoqueest'l'beo-

224 2809 317 2883 poopd
344 2809 418 2867 ἐστιν
443 2818 526 2877 αλλος
551 2817 636 2878 λίθος
665 2814 768 2870 inreci-
818 2819 1137 2886 promeruissemus
1156 2821 1203 2884 IV,
1224 2819 1271 2880 133
1290 2819 1365 2870 elios

225 2901 319 2954 μενος·
818 2890 880 2942 eliis
899 2892 926 2941 in
943 2892 1012 2941 locis
1029 2895 1241 2940 commemorent
1257 2891 1367 2941 Seneca

260 2951 332 3021 ἔχων
355 2949 407 3022 τὴν
424 2955 618 3023 παρωροφίδα
632 2951 768 3024 τετράπη-
819 2962 931 3024 Quaest.
947 2965 1016 3011 nott.
1029 2961 1080 3023 111,
1095 2963 1137 3012 25.
1156 2960 1261 3012 Plinius
1275 2961 1311 3009 H.
1328 2961 1364 3011 N.

225 3025 288 3104 χρυ]
310 3023 478 3092 παρωροφλς
500 3028 606 3080 Polluci
622 3029 650 3093 1,
675 3029 706 3079 81
726 3035 768 3080 est
819 3031 860 3093 11,
877 3030 920 3082 95.
957 3032 998 3082 Ac
1015 3045 1102 3093 nemo,
1123 3031 1183 3096 qui,
1202 3045 1272 3096 quse
1287 3030 1366 3080 dein-

225 3109 257 3144 ro
275 3089 379 3159 μεταξὺ
395 3097 447 3147 τοῦ
460 3087 571 3162 ὀρόφου
584 3095 695 3148 καὶτοῦ
710 3093 767 3148 στί·
817 3115 881 3165 ceps
900 3101 933 3151 de
950 3101 1002 3151 hec
1019 3100 1110 3151 insule
1126 3105 1284 3160 narrantur,
1303 3115 1367 3164 per-

225 3177 303 3228 φοος.
340 3166 536 3233 Wesselingius
567 3169 631 3218 inde
657 3170 768 3233 exponit
816 3169 930 3234 legerit,
957 3187 1012 3221 non
1035 3171 1157 3221 meminit
1175 3169 1236 3220 Deli
1254 3169 1366 3220 insulse

223 3237 411 3297 proruinentiom
434 3235 486 3286 τοῦ
508 3230 767 3302 καταστεγάσματος
816 3242 937 3291 notantis
959 3241 987 3290 in
1010 3255 1097 3300 mure,
1122 3241 1168 3290 sed
1193 3240 1301 3289 enbitis
1322 3241 1364 3290 in-

225 3303 284 3354 sive
303 3304 374 3369 quod
392 3298 470 3370 παρὰ
487 3299 538 3356 τὸν
554 3298 666 3373 ὄροφον
682 3310 767 3373 porri·
815 3313 894 3372 etue,
919 3325 980 3360 cum
998 3311 1106 3360 Letous
1130 3310 1182 3361 buc
1200 3311 1364 3376 confugiens

224 3373 349 3437 gebatur.
387 3377 472 3438 Quem
499 3383 607 3428 secutus
631 3377 766 3444 Schweig-
815 3380 967 3444 Apollinem
1005 3380 1143 3430 edidisset.
1189 3381 1265 3442 Ques
1301 3381 1365 3444 ipsc

224 3442 371 3494 haeuserus
389 3446 417 3495 in
427 3447 494 3496 Lex.
507 3447 608 3497 Herod.
625 3463 647 3498 r.
663 3464 689 3498 v.
707 3449 780 3508 red·¹
817 3450 981 3501 Graecorum
997 3456 1148 3500 commento
1161 3449 1196 3500 ed
1206 3451 1363 3515 Aegyptum

225 3513 266 3562 dit
288 3529 358 3564 oram
380 3520 440 3567 terri
461 3531 484 3568 e.
509 3531 562 3566 eom
584 3520 644 3567 tecti
658 3526 764 3581 portem,
815 3536 866 3570 noe
895 3525 1040 3582 revocent,
1075 3525 1108 3570 ut
1134 3520 1220 3570 omnir
1245 3520 1301 3569 iere
1328 3519 1363 3570 de

225 3599 290 3647 ραοε
311 3593 418 3648 praeter
439 3601 531 3635 morum
551 3590 681 3648 prominet.
716 3588 766 3637 Le·
815 3589 941 3655 Apolline
971 3590 1105 3641 doctrine.
1149 3590 1191 3639 De
1217 3588 1285 3639 Delo
1314 3605 1364 3639 nn-

224 3659 321 3705 tronne
349 3651 528 3718 (Recherches
552 3671 621 3720 pour
637 3653 723 3707 eer'rir
750 3657 767 3705 ir
816 3665 893 3710 tento
908 3659 1136 3724 conispunhem.
1153 3659 1362 3710 edCsllimncb.

224 3722 357 3774 l'histoire
382 3724 415 3774 de
437 3724 508 3790 l'Eg.
533 3741 595 3792 pag.
615 3726 660 3790 80)
683 3728 767 3777 inter·
815 3729 841 3780 h.
863 3729 891 3779 in
908 3729 969 3780 Del.
989 3729 1033 3781 36.
1057 3730 1109 3780 273
1128 3736 1155 3779 et
1173 3729 1203 3780 G.
1224 3729 1256 3779 0.
1275 3729 1365 3779 Muel-

225 3798 362 3858 pretetur:
393 3793 439 3857 „lu
464 3795 591 3860 cornicle,
619 3797 665 3863 qui
698 3795 765 3847 dens
815 3799 868 3850 ler:
884 3799 936 3850 Die
949 3801 1036 3849 Dorer
1053 3799 1077 3852 1.
1097 3813 1123 3864 p.
1135 3799 1194 3862 311,
1214 3799 1259 3865 qui
1282 3799 1363 3849 isbu-

223 3862 425 3915 l’orcbitocture
436 3863 608 3930 egyptienne,
622 3867 766 3932 comprensi
815 3868 858 3919 loe
878 3870 1008 3934 originem
1026 3869 1061 3919 sd
1074 3869 1226 3919 recentiore
1237 3873 1363 3934 tempore

223 3931 250 3982 lu
270 3933 374 3998 pertide
389 3933 482 3999 plecde
500 3935 643 3987 eudemus
661 3935 697 3986 dn
709 3943 766 3988 tore
816 3954 947 3990 revocans
965 3939 1097 3990 incertum
1116 3943 1144 3990 et
1162 3939 1286 3989 mobilem
1305 3947 1364 3990 ets-

224 4001 258 4050 de
277 4003 458 4054 l'srobitrnve.
495 4005 568 4056 (lest
591 4021 623 4058 ce
646 4012 689 4073 qn*
709 4006 764 4058 Ηέ-
814 4015 871 4060 inm
902 4007 1035 4060 deolorsri
1063 4008 1134 4070 vult,
1165 4010 1211 4074 qni
1239 4009 1363 4060 ordinem

225 4070 319 4122 rodote
337 4075 463 4138 exprime,
479 4091 511 4125 en
530 4075 639 4140 perlont
657 4077 693 4128 dn
710 4095 765 4128 mo·
816 4079 859 4130 dei
876 4080 1031 4144 proesentis
1043 4079 1155 4130 ullotum
1169 4081 1362 4144 praecesserit.

224 4139 329 4191 nolithe
347 4144 380 4192 de
396 4145 482 4207 Bato,
506 4144 572 4195 dont
593 4146 621 4197 le
640 4148 764 4198 corniehe
816 4149 870 4200 Sed
888 4149 1039 4215 Aegyptiae
1055 4149 1164 4200 subulae
1179 4149 1251 4200 bend
1269 4164 1363 4200 recor-

225 4211 301 4258 sveit
319 4219 414 4276 quatre
429 4211 590 4266 conddesde
602 4217 716 4278 hauteur,
738 4221 766 4269 et
817 4219 896 4269 dotus
915 4225 956 4269 est
974 4221 1016 4268 vir
1036 4219 1223 4280 doctissimus,
1248 4234 1281 4268 ex
1304 4235 1362 4284 qun

224 4293 278 4328 non
297 4295 346 4344 pus
365 4281 398 4331 de
415 4285 508 4346 saillis,
535 4301 637 4336 comme
654 4285 766 4338 l'enten-
817 4290 922 4340 Graece
939 4287 1016 4340 nobie
1030 4289 1177 4354 repetendo
1193 4288 1301 4338 videtur
1314 4290 1361 4339 vel

224 4347 289 4398 dent
318 4347 356 4399 los
387 4351 558 4404 troductcure
586 4353 765 4418 d’lldrodotc;
817 4359 851 4408 olo
862 4359 991 4424 reliquum
1001 4361 1196 4424 Aegyptiorum
1207 4359 1361 4410 doctrinam
