3088 4922
532 287 781 348 EUTERPE.
803 287 845 348 ΙΙ.
867 295 912 352 38.
933 295 978 350 39.
1262 285 1323 344 515

187 455 274 528 εἱναι
295 463 431 546 νομίζει.
472 462 598 545 δίζηται
614 459 652 528 δέ
671 465 776 530 ταῦτα
789 461 843 530 ἐπὶ
857 457 964 553 τοάτςο
978 461 1176 548 τεταγμένος
1190 463 1260 530 τῶν
1272 485 1322 539 τις

186 563 304 650 ἱρέων,
331 561 387 629 καὶ
409 555 518 645 ὀρθοῦ
538 563 695 644 ἑστεῶτος
717 569 778 633 τοῦ
797 561 934 653 κτήνεος
947 564 1002 632 καί
1015 558 1156 648 ὑπτίου,
1181 563 1237 631 καί
1257 559 1321 652 τῆν

185 669 341 751 γλῶσσαν
359 661 544 752 ἐξειρύσας,
566 671 597 735 εἱ
611 664 745 757 καθαρὴ
758 695 828 736 cuv
847 670 1078 756 προκειμένων
1092 674 1262 755 σημηίων,
1279 663 1319 735 τά

185 765 252 854 dyc)
267 771 304 838 ἐν
318 765 408 860 ἄλλῳ
423 766 511 862 λόγῳ
530 771 622 860 ἐρέει.
659 776 783 863 κατορᾷ
804 771 842 840 δὲ
856 771 911 840 καί
933 767 991 850 τάς
1004 777 1117 860 τρίχας
1131 776 1189 858 τῆς
1203 767 1317 859 οὐρῆς,

186 878 217 941 εί
230 869 314 942 κατά
329 870 435 960 φύσιν
449 877 515 960 ἔχει
532 881 734 961 πεφυκυίας.
774 868 817 964 ῆν
831 873 869 944 δὲ
882 872 1010 942 τούτων
1023 872 1161 942 πάντων
1173 865 1195 966 ᾖ
1208 884 1315 942 καθα-

145 975 273 1064 ιενρδς,
296 979 491 1065 σημαίνεται
506 976 622 1070 βύβλῳ
642 979 719 1070 περί
733 976 775 1046 τά
792 981 892 1067 κέρεα
913 981 1085 1046 εἱλίσσων·
1119 978 1175 1045 καὶ
1205 983 1318 1047 ἔπειτα

185 1084 249 1168 γῆν
276 1084 485 1168 σημαντρίδα
517 1080 701 1162 ἐπιπλάσας
736 1081 908 1170 ἐπιβάλλει
934 1076 994 1149 τὸν
1022 1078 1220 1150 δακτύλιον·
1262 1083 1317 1150 καὶ

184 1179 282 1252 οὗτοί
307 1179 484 1271 ἀπάγουσι.
537 1180 728 1274 ἀσήμαντον
761 1186 799 1256 δέ
826 1184 972 1256 θύσαντι
997 1181 1143 1262 θάνατος
1174 1177 1195 1271 ῆ
1222 1190 1318 1272 ζημίη

184 1289 361 1358 ἐπικέεται.
414 1286 623 1376 δοκιμάζεται
651 1291 714 1378 μέν
744 1317 810 1360 νυν
836 1286 874 1359 τὸ
902 1292 1021 1377 κτῆνος
1048 1283 1160 1379 τρόπῳ
1187 1292 1316 1382 τοιῷδε.

183 1397 292 1480 Θυσίη
317 1393 357 1460 δέ
380 1411 441 1479 σφι
467 1387 529 1479 ῆδε
552 1394 748 1482 κατέστηκε.
789 1387 971 1480 ἀγαγόντες
999 1387 1038 1459 τὸ
1065 1391 1318 1479 σεσημασμένον
1326 1399 1365 1461 39

182 1499 301 1584 κτῆνος
328 1491 411 1585 πρὸς
435 1492 495 1566 τὸν
520 1493 653 1584 βωμὸν,
682 1492 765 1566 ὅκου
786 1491 830 1566 ἀν
852 1493 981 1580 δάιοι,
1010 1499 1079 1580 πῦρ
1106 1490 1316 1564 ἀνακαίουσι.

182 1604 297 1670 ἔπειτα
323 1598 360 1668 δὲ
394 1593 448 1666 ἐπ’
476 1595 581 1668 αὐτοῦ
608 1599 704 1670 οἶνον
726 1597 810 1670 κατά
835 1602 896 1668 τοῦ
925 1602 1037 1688 ἱρηίου
1065 1600 1318 1679 ἐπισπείσαντες

183 1703 239 1771 καί
269 1699 523 1782 ἐπικαλέσαντες
549 1700 609 1773 τὸν
634 1701 719 1776 θεὸν
749 1702 931 1794 σφάζουσι,
959 1699 1143 1789 σφάξαντες
1167 1703 1205 1770 δέ
1232 1699 1315 1773 ἀπο·

185 1971 197 1992 ρ
218 1899 265 1992 ἐπὶ
290 1899 381 1976 τοάτῳ
411 1924 492 1992 τεταγ
514 1908 578 1969 ε’νος
591 1907 657 1992 ,τῶν
682 1925 725 1968 τις
774 1902 921 1976 λεγόμενοι
948 1906 1006 1992 τῆν
1028 1901 1126 1991 ἱερέων
1151 1908 1317 1975 κατεσημαί-

183 1975 723 2102 titttt¹tt⁰¹ttdtt⁰iitod¹1
775 1979 1317 2115 :t‘iot‘tiuttttditiis?

183 2133 246 2183 pag.
267 2118 316 2168 162
337 2123 364 2168 et
380 2119 483 2171 Herod.
508 2119 570 2182 VII,
591 2119 640 2171 169
656 2120 722 2185 ibiq.
775 2121 839 2172 bere
856 2119 991 2172 hominem
1006 2119 1033 2168 in
1046 2133 1136 2185 genua
1149 2119 1316 2172 desidentsm

183 2192 253 2238 nott.
290 2189 361 2238 Huic
377 2190 488 2254 negotio
506 2189 661 2254 praefectos
680 2205 723 2240 sa·
774 2190 899 2240 manibus
918 2193 981 2255 post
1000 2193 1107 2255 tergum
1122 2189 1257 2253 reductis,
1276 2191 1316 2240 in-

183 2257 306 2308 cerdotes
329 2258 492 2310 Plutarchus
520 2259 582 2310 loco
610 2257 722 2310 laudato
774 2259 838 2325 gulo
855 2275 919 2312 ense
936 2259 1099 2310 imminente.
1131 2259 1315 2310 Exhibcttaie

181 2331 263 2378 vocat
283 2320 464 2392 σφραγιστάς.
774 2328 894 2394 sigilium
918 2329 1026 2394 saepius
1052 2330 1081 2380 in
1103 2327 1314 2396 hieroglyphicis

773 2398 1316 2465 scalpturisrcpertanilkinson.Man-

773 2484 835 2520 ners
855 2473 908 2522 etc.
923 2485 977 2520 sec.
992 2483 1044 2520 ser.
1063 2469 1103 2532 ΙΙ,
1121 2485 1147 2534 p.
1160 2467 1221 2522 662.
1253 2471 1315 2520 Ηοο

772 2555 837 2590 vero
855 2555 928 2590 more
952 2553 984 2590 ac
1002 2537 1056 2588 ritu
1080 2540 1227 2590 “sacraria
1250 2555 1315 2606 qna-

773 2609 835 2660 dam
852 2609 959 2660 ratione
976 2608 1091 2659 indicari
1114 2609 1240 2660 victimas
1258 2608 1317 2660 ani-

772 2678 883 2730 malium
901 2679 930 2728 in
939 2678 1117 2730 humanarum
1127 2677 1218 2730 iocum
1235 2679 1314 2745 quasi

772 2749 950 2812 substitutas,
970 2747 1037 2800 adeo
1056 2751 1087 2798 nt
1101 2747 1206 2799 bestiae
1223 2750 1315 2799 anima

771 2820 850 2884 quasi
875 2818 978 2870 vicaria
1000 2833 1049 2883 pro
1071 2816 1175 2868 meliori
1197 2818 1314 2868 hominis

771 2890 864 2942 anima
881 2887 1024 2950 offeratur,
1043 2887 1148 2938 monuit
1166 2889 1198 2938 Ii.
1211 2887 1246 2936 ab
1260 2888 1313 2937 La·

771 2959 862 3009 saulx:
886 2956 1039 3009 Classische
1055 2955 1133 3007 Stud.
1150 2954 1176 3006 d.
1193 2955 1311 3007 Alterth.

771 3044 835 3094 pag.
852 3029 904 3079 255
920 3041 996 3093 seqq.
1187 3035 1190 3044 '

215 2424 246 2480 ἐν
261 2420 334 2499 ἀλλιμ
353 2422 438 2500 λόγῳ]
459 2433 478 2484 i.
498 2448 523 2482 e.
543 2433 568 2482 ιἰι
586 2432 638 2482 alia
661 2447 723 2481 ποι·-

181 2503 287 2552 rctionis
306 2510 399 2566 parte,
430 2507 462 2554 ut
490 2503 560 2554 bane
589 2500 724 2552 intellexit

181 2570 332 2637 Schweigh.
343 2573 473 2638 Respexit
485 2573 584 2623 Noster
598 2588 639 2634 ea,
654 2587 723 2638 qnae

181 2641 233 2704 ΙΙΙ,
257 2641 468 2694 28’1ταδιιο1ατ.
504 2643 538 2692 In
561 2657 636 2707 seqq.
661 2657 721 2692 cum

181 2709 269 2769 Gaios.
288 2711 385 2777 scripsi
403 2705 513 2762 τούτων
531 2727 580 2778 pro
598 2708 721 2762 τουτέων

180 2795 267 2846 neque
283 2797 347 2832 vero
364 2775 496 2832 εἱλίσσων
512 2797 561 2847 pro
581 2773 721 2846 εἱλίσσων,

181 2851 322 2915 quodcum
334 2851 451 2902 Bredov.
463 2868 489 2918 p.
502 2850 536 2904 95
553 2851 722 2902 retinendum

180 2921 283 2971 censui.
311 2913 406 2970 ἔπειτα
426 2927 454 2972 et
471 2919 597 2972 hocloco
615 2925 643 2971 ct
661 2937 720 2986 cap.

182 3005 239 3054 seq.
248 2989 380 3057 intactum
389 2990 533 3056 reliqni‚nt
541 2987 722 3042 εἴνεκαίπίίίο

181 3074 241 3124 cap.
250 3059 284 3109 ob
296 3058 375 3109 codd.
385 3075 556 3123 consensum,
566 3075 620 3126 quo
630 3067 722 3126 spreto

181 3133 294 3179 recenti.
319 3127 380 3178 edd.
406 3145 438 3180 ex
464 3129 591 3181 Bredovii
618 3145 722 3181 mnone

181 3192 299 3248 ἔπειτεν
323 3203 351 3248 et
373 3194 495 3250 εἱνεκεν.
532 3200 645 3265 Stogero
667 3215 721 3250 non
936 3195 1003 3248 Osr.
1022 3195 1155 3249 xxm:

181 3268 333 3350 ⁰b⁸⁶⁰⁰t¹¹¹i
354 3283 417 3352 ἀπ’.
435 3284 493 3354 ‚¹¹¹9
522 3259 665 3352 ἆκάὶρυω
692 3270 721 3320 ἰῃ
808 3294 904 3352 ἔπειτα
922 3292 954 3350 δὲ
971 3287 1017 3350 ἐπ’
1035 3290 1172 3350 αάτοῦ-
1190 3287 1314 3351 ἐπισπεί-

181 3353 254 3404 seqq.
262 3337 721 3404 οοοιιοιεοὶιαναγουσι,νιδ.Ρτεο-
774 3369 881 3438 mm]
901 3369 919 3421 i·
938 3385 962 3420 e·
980 3373 1005 3422 in
1018 3385 1068 3421 m
1086 3373 1164 3421 mm
1178 3385 1258 3434 ΜΝ
1270 3370 1313 3422 Μ

179 3408 230 3458 ω’
250 3407 285 3458 ⁸⁶
303 3408 404 3462 Hm·
424 3425 450 3476 Ρ·
470 3409 504 3460 X·
772 3443 845 3493 ctiam
856 3439 944 3491 libant.
973 3439 1064 3492 Verba
1074 3430 1119 3492 ἐπ’
1131 3431 1231 3504 αὐτοῦ,
1244 3455 1312 3505 qnae

215 3507 381 3576 σημαίνεται
404 3541 439 3550 -
464 3503 604 3578 εἱλίσσων]
634 3509 721 3561 Perti·
771 3511 906 3562 immerito
922 3509 987 3561 viris
1007 3509 1094 3561 doctis
1106 3509 1311 3574 displicuerunt,

178 3587 245 3632 nent
263 3580 329 3666 ilaec
347 3581 382 3644 ad
400 3580 582 3664 sacerdotem,
608 3581 654 3646 qni
672 3581 720 3664 οφ·
773 3597 834 3632 cum
862 3580 998 3632 Gronovio
1030 3579 1064 3630 ad
1090 3570 1203 3662 βωμὸν.
1216 3578 1311 3628 reterri

177 3655 343 3772 {etsist
356 3665 589 3786 Ρ“11ἑῖἒλῖῗ.11
591 3664 721 3771 mitti
772 3639 1311 3784 istit,itttbtttitttitiit

179 3788 248 3855 (γῆν
266 3786 470 3856 σημαντρίδα),
494 3805 563 3855 quae
587 3789 638 3840 itoc
659 3789 720 3842 loco
771 3805 851 3857 quam
868 3789 987 3855 pertinet
1010 3802 1117 3854 qnoque
1137 3785 1312 3836 Homericum

178 3865 355 3923 memoratur,
383 3864 541 3924 comparant
558 3859 720 3924 interpretes
770 3851 831 3910 κατ’
854 3851 1015 3924 ὀφθαλμῶν
1034 3844 1127 3921 κέχυτ’
1151 3845 1237 3920 ἀχλάς
1265 3851 1310 3905 111.

178 3945 238 3980 cnm
257 3937 327 3980 creta
345 3930 460 3979 Asiatica
473 3928 507 3978 ad
522 3929 720 3993 obsignandum
770 3929 804 3979 V.
824 3928 885 3980 696.
904 3929 1012 3978 Marcus
1032 3921 1210 3990 Evangelista
1234 3923 1310 3988 XIV,

124 4005 129 4014 '
179 4003 258 4064 apta,
278 3999 356 4050 cuins
375 3999 475 4049 mentio
497 3998 568 4063 apud
586 3997 673 4049 Cicer.
691 4000 720 4048 in
773 3997 805 4050 13
828 3995 959 4063 κατέχεεν
980 3985 1070 4044 αὐτοῦ
1099 3985 1170 4042 κατὰ
1190 3990 1241 4057 τῆς
1268 4007 1312 4042 κε-

177 4067 253 4118 Verr.
274 4067 322 4130 lv,
340 4067 384 4119 26.
407 4083 456 4132 pro
480 4067 572 4118 Flacc.
591 4067 632 4119 16.
663 4069 720 4119 Μα-
771 4065 871 4132 φαλῆς.
909 4061 1144 4124 Ci.etiamad11‚
1165 4061 1224 4114 121.
1242 4065 1266 4127 5.
1284 4061 1309 4114 6.

178 4136 220 4202 gia
239 4151 303 4186 vero
321 4136 373 4187 huc
392 4140 500 4201 spectat
518 4135 658 4188 Plutarchi
681 4136 720 4188 lo·
770 4137 802 4188 In
825 4135 946 4202 proxime
969 4133 1190 4184 antecedentibus
1214 4133 1311 4198 scripsi
1376 4194 1378 4200 Ι

178 4220 226 4255 cus
243 4204 317 4255 land.
348 4205 381 4256 de
405 4206 442 4256 Is.
467 4211 494 4256 et
518 4206 590 4257 Osir.
638 4207 719 4259 ,363
770 4221 830 4256 cum
845 4204 981 4256 Bredovio
995 4219 1020 4268 p.
1036 4203 1084 4266 co,
1099 4217 1177 4267 quern
1196 4201 1311 4258 Diatsch

177 4273 209 4333 B,
227 4273 274 4324 nbi
292 4273 359 4325 liaeo
378 4273 505 4340 tegimus:
531 4267 582 4325 τὸν
603 4221 635 4325 dx
657 4273 719 4340 μέλ-
771 4289 877 4341 quoqne
899 4273 1034 4340 sequitur,
1064 4270 1123 4336 πῦρ
1141 4262 1311 4321 ἀνακαίουσι

177 4340 264 4390 λοντα
278 4338 406 4392 δίεσθαι
420 4341 493 4409 βοῦν
511 4335 541 4394 οἱ
551 4338 719 4409 σφραγισταὶ
769 4357 818 4410 pro
845 4340 958 4410 vulgata
983 4332 1078 4407 παρῆν
1102 4339 1225 4390 καίουσι.
1267 4339 1310 4390 Oi.

1038 4421 1105 4486 33*
