3088 4944
213 273 275 336 332
649 275 915 340 HERODOTI

214 457 283 535 ζειν
306 447 442 520 πάντων
451 445 585 522 Ἰιόνων
623 451 680 520 καί
702 446 791 521 οὕτω
812 447 1087 539 ἀπαλλαχθέντας
1105 451 1210 540 σφέας
1228 459 1350 524 δουλο-

215 551 319 642 σύνης
340 550 616 645 εὐδαιμονήσειν,
650 553 765 645 νήσων
791 580 828 624 τε
848 550 1008 626 ἁπασέων
1029 561 1191 644 μεγίστην
1209 559 1349 647 νεμομέ-

216 685 297 738 νονς
316 659 373 728 καὶ
390 655 552 748 ἄρχοντας
578 656 709 745 ἄλλων,
732 661 872 749 μένουσι
891 661 932 731 δέ
952 679 1014 746 σφι
1038 662 1077 730 έν
1098 665 1141 752 τῇ
1156 654 1351 752 Ἰωνίηῖοὐιι

217 767 284 850 ἔφη
303 764 424 851 ἐνορᾶν
446 766 648 854 ἐλευθερίην
666 769 715 834 ἔτι
734 766 907 854 ἐσομένην.
939 757 1118 854 Αῧτημδν
1135 773 1277 849 Βίαντος
1291 771 1353 836 τοῦ

217 867 383 956 Πριηνέος
398 866 532 959 γνώμη,
558 870 613 940 ἐπὶ
638 869 919 958 διεφθαρμένοισι
933 864 1027 938 Ἴωσι
1049 871 1231 960 ’γενομένη
1270 899 1349 959 χρη*

218 968 279 1060 στι)
295 970 334 1041 δὲ
352 973 423 1056 καὶ,
446 975 528 1064 πρὶν
545 967 566 1061 ἢ
585 978 819 1063 διαφθαρῆναι
831 969 978 1061 Ἰωνίην,
1003 971 1121 1043 Θάλεω
1134 971 1258 1065 ιἰνδρός
1279 983 1350 1044 Μι-

218 1080 337 1164 λησίου
355 1076 504 1164 ἐγένετο,
530 1074 567 1147 ιδ
589 1074 760 1150 ἀνέκαθεν
778 1079 874 1166 γένος
896 1075 1008 1158 ἐόντος
1026 1082 1202 1167 Φοίνικος,
1223 1073 1259 1162 ὃς
1276 1079 1349 1150 ἐνιέ-

217 1279 346 1330 Neetrum
362 1279 396 1343 V,
417 1279 481 1343 166,
500 1280 547 1332 ubi
563 1281 627 1334 vide
642 1282 760 1348 reliquo·
809 1281 926 1348 Diogen.
945 1282 1037 1336 Laert.
1055 1282 1079 1334 1.
1104 1281 1129 1344 ξ.
1147 1283 1191 1334 22.
1228 1279 1352 1332 Clemens

217 1366 276 1400 rum
289 1350 451 1415 scriptorum
464 1352 622 1403 testimonie
636 1353 760 1406 consimi-
810 1351 957 1404 Alexandr.
976 1353 1106 1404 Stromet.
1124 1353 1147 1403 1.
1166 1367 1193 1416 p.
1208 1349 1269 1403 352.
1299 1353 1352 1402 Pa-

216 1420 256 1471 lia
267 1419 301 1470 de
312 1420 364 1472 hac
379 1420 469 1472 insula
486 1421 580 1484 allata,
599 1423 661 1475 οολλ.
672 1424 720 1487 VI,
732 1426 759 1475 2.
810 1427 900 1473 rentes
919 1423 991 1474 enim
1009 1427 1080 1474 teste
1090 1421 1194 1474 Duride
1212 1437 1246 1472 ac
1255 1423 1354 1472 Demo·

217 1490 258 1542 Αο
270 1491 442 1556 vituperatur
450 1492 552 1542 Noster
563 1493 759 1544 aDahlmenno
811 1494 895 1556 crito,
921 1492 954 1542 ad
974 1509 1042 1556 quos
1060 1493 1199 1558 Diogenes
1217 1490 1237 1542 λ.
1254 1491 1273 1542 1.
1292 1508 1354 1556 pro-

219 1560 362 1623 (Herodot.
379 1577 407 1626 p.
421 1559 483 1626 55),
501 1562 573 1628 quod
587 1565 653 1614 miro
671 1579 761 1614 errore
809 1568 901 1626 vocat,
920 1579 953 1612 ex
963 1561 1137 1614 Theliderum
1149 1561 1253 1612 familia
1265 1565 1352 1624 crant,

217 1630 312 1695 lapsus
334 1631 488 1682 Sardiniam
515 1633 633 1683 omnium
660 1633 760 1684 insula·
811 1633 857 1698 qui
867 1633 1032 1684 Phoenicum
1045 1633 1237 1684 nobilissimis
1250 1632 1353 1683 Cadmo

218 1717 278 1752 rum
289 1702 432 1752 maximam
445 1702 554 1755 dixerit.
583 1702 637 1754 Sed
647 1702 690 1754 hic
701 1705 760 1766 qui·
811 1709 839 1754 et
853 1703 978 1769 Agenore
996 1703 1127 1770 originem
1145 1703 1242 1754 ducere
1261 1703 1353 1753 dicun·
1388 1703 1390 1706 ’

219 1771 279 1822 dem
308 1787 362 1822 nou
392 1788 468 1824 susm
493 1774 579 1839 ipsius
601 1772 646 1824 ille
677 1774 760 1826 refert
810 1778 864 1825 tur.
899 1772 1023 1824 Miletum
1040 1774 1116 1824 venit
1134 1773 1186 1836 (ait
1203 1771 1352 1838 Diogenes)

219 1843 396 1906 sententiam,
417 1859 511 1894 verum
529 1845 636 1895 Biantis
653 1843 760 1896 deber·
809 1843 948 1910 profectus
968 1859 1028 1894 cum
1046 1843 1146 1906 Nelea,
1165 1848 1226 1906 sut,
1246 1848 1277 1894 ut
1294 1843 1353 1906 plu·
1396 1881 1404 1900 ,

220 1913 294 1963 dinis
312 1913 352 1964 sio
370 1914 565 1978 existimantis3
584 1931 635 1966 nec
654 1915 758 1980 ipsein
809 1915 884 1965 ribus
908 1913 1029 1977 ridetur,
1053 1913 1182 1980 indigena
1204 1913 1257 1964 init
1277 1913 1353 1964 Mile-

219 1982 372 2034 Sardiniam
386 1999 472 2049 usqne
485 1985 627 2050 pervenire
641 1989 759 2051 poterat,
811 1985 867 2034 sius
886 1988 914 2034 et
932 1984 1005 2035 claro
1024 1999 1122 2050 genere
1141 1989 1221 2034 natue
1239 1983 1354 2034 Phoeni-

218 2058 264 2114 ut,
284 2069 353 2118 ques
367 2054 447 2104 istinc
460 2055 759 2122 insuiasitamplitudo
810 2055 1024 2120 ciemcriginem
1036 2054 1267 2120 praeseferente.
1285 2053 1353 2105 inde

218 2127 247 2174 st
267 2123 440 2188 magnitudo,
462 2127 631 2190 comperiret.
670 2127 760 2188 Quare
775 2157 794 2190 0
811 2141 875 2176 ιειο
894 2123 1095 2190 explicandum,
1120 2124 1194 2190 quod
1216 2123 1353 2176 nonnullis

218 2209 387 2244 communem
409 2197 437 2244 et
460 2209 510 2245 suo
527 2200 648 2261 tempere
665 2197 760 2262 vulga·
811 2195 946 2260 Phoenix,
983 2193 1044 2245 aliis
1076 2195 1199 2246 Milesius
1228 2194 1353 2245 hebetur.

218 2268 275 2313 tarn
293 2263 393 2314 fernam
416 2261 448 2313 de
470 2264 523 2316 hac
547 2265 650 2330 inania,
679 2281 760 2350 qnam
810 2266 883 2316 Hine
905 2264 1093 2316 Theodoretus
1114 2265 1226 2316 Graece.
1252 2264 1353 2315 affecit.

220 2333 302 2384 etiem
324 2330 457 2416 μεγίστην
478 2348 509 2383 τε
533 2331 623 2399 νῆσον
647 2333 695 2386 nai
715 2328 760 2387 εὔ-
811 2339 899 2388 curat.
909 2352 937 2402 p.
948 2338 974 2386 7.
988 2335 1031 2387 ed.
1043 2334 1119 2400 Syib.
1133 2332 1170 2400 (p.
1186 2334 1226 2385 16.
1240 2333 1354 2414 (sinist).

219 2399 356 2470 δαιμονία
372 2399 490 2466 αριίιην
501 2404 649 2456 Menticlue
660 2406 761 2458 Messe-
810 2433 847 2443 -
863 2397 914 2455 τὸν
931 2398 964 2455 δέ
976 2402 1073 2468 Θαλῆν
1093 2397 1123 2454 ei
1139 2399 1190 2456 μέν
1208 2395 1354 2485 Μιλήσιον

218 2473 280 2524 nius
297 2476 380 2523 vocat
397 2473 469 2539 apud
480 2474 599 2526 Peucen
615 2475 663 2536 Ν,
678 2476 759 2539 23,,5
811 2471 950 2540 λέγουσιν,
970 2471 1115 2538 Λέανδρος
1130 2469 1161 2523 di
1174 2467 1221 2522 καλ
1234 2463 1353 2536 Ηρόδο-

219 2546 330 2594 secutus
354 2558 415 2594 esse
433 2543 554 2605 videtum
578 2561 631 2610 quo
656 2513 761 2597 iaciunt
811 2559 860 2601 τος
888 2543 1009 2595 Φοίνικα
1032 2535 1273 2608 προσηγόρευσαν.
1309 2540 1351 2592 cf.

220 2614 303 2666 etiam
321 2629 366 2676 ea,
392 2629 462 2678 quae
481 2613 515 2666 de
531 2615 583 2666 hcc
601 2616 691 2666 insule
708 2616 762 2667 dis·
813 2631 896 2680 supra
919 2613 955 2666 ad
976 2613 1110 2666 Herodot.
1129 2614 1159 2677 I,
1182 2613 1216 2664 75
1235 2613 1268 2664 do
1284 2611 1356 2662 Tha-

219 2687 299 2750 putet
315 2683 493 2735 Heerenius
484 2701 512 2734 m
530 2684 614 2736 Ideen
631 2685 669 2749 11,
688 2687 713 2738 1.
733 2703 761 2752 p.
811 2685 867 2736 lete
884 2688 991 2736 notata.
1022 2684 1065 2736 Ad
1081 2651 1225 2733 ἀνέκαθεν
1238 2681 1357 2746 singula·

219 2753 254 2806 66
276 2769 368 2819 seqq,
399 2755 498 2820 quippe
526 2756 675 2821 principem
705 2758 763 2808 fere
813 2753 1357 2806 remHerodotiusumohserventiiram-

220 2791 494 2890 Carthaginiensibus
529 2825 616 2876 inisse
654 2827 763 2891 provin-

220 2895 289 2945 cism
308 2909 465 2962 summoque
476 2893 537 2947 leco
555 2895 691 2960 habitam,
708 2914 763 2948 οιιι-

220 2965 262 3014 nis
275 2965 403 3018 frumenti
413 2967 492 3026 copie
504 2966 698 3027 abundantem,
710 2983 764 3018 me-

219 3033 288 3085 talla
315 3035 424 3101 aliaque
449 3036 563 3102 largiter
589 3035 765 3101 suppeditan-

219 3110 284 3154 tem.
304 3104 375 3156 Add.
388 3106 511 3157 Movere:
530 3107 583 3157 Die
593 3107 762 3159 Pheeniaier.

219 3175 263 3234 11,
279 3177 306 3224 2.
321 3189 348 3238 p.
358 3175 410 3226 556
422 3175 500 3240 plura
511 3177 539 3226 in
551 3176 622 3228 hanc
634 3192 691 3228 rere
709 3178 765 3229 dis·

219 3247 370 3308 putantem.
389 3245 466 3307 Quae
480 3247 503 3295 si
518 3247 701 3310 perpenderis,
716 3247 764 3297 mi-

220 3329 272 3363 nus
294 3317 367 3365 certe
389 3316 552 3366 temeritatis
570 3317 700 3368 Nostrum
724 3318 764 3368 iu-

220 3383 340 3434 cusahis.

256 3443 301 3503 tat
325 3451 563 3540 διεφθαρμένοισι
577 3442 703 3522 ”Ἰωοι]
695 3473 714 3507 ι.
738 3471 763 3508 e.

219 3523 378 3646 ναμιέίριιωα
396 3539 441 3576 ιιι
455 3527 504 3575 iarn
513 3541 654 3589 perversae
670 3534 763 3580 εωιατ.

278 3585 566 3656 ἔνι’έξεργασμένοισι
584 3595 633 3658 1v,
646 3595 695 3646 164
715 3597 764 3646 ibi-

220 3681 273 3730 que
290 3669 361 3717 nott.
380 3663 419 3726 ΙΙ,
438 3666 481 3716 22.
500 3663 637 3717 Kuehuer.
650 3665 697 3716 Gr.
716 3666 763 3716 Gr.

219 3735 243 3797 ᾖ.
263 3735 323 3786 666.
343 3765 379 3776 -
396 3701 438 3784 A'd
457 3731 594 3818 γενομένη
611 3733 698 3799 suppl.
716 3721 763 3799 ἦν,

220 3805 293 3869 quod
317 3804 470 3855 additum'
462 3804 614 3854 invenimus
625 3819 723 3886 supra
736 3803 763 3886 I,

814 2825 908 2876 matici
926 2825 1037 2888 Graeci,
1062 2839 1123 2876 cnm
1140 2824 1225 2875 Attici
1248 2825 1279 2874 de
1303 2825 1357 2874 λοαο

813 2895 893 2947 unice
911 2895 952 2946 ita
969 2895 1099 2958 dixerint,
1123 2895 1233 2945 minime
1250 2894 1282 2944 de
1299 2899 1357 2944 tem-

812 2981 885 3030 pore.
911 2965 968 3016 Nec
985 2981 1051 3016 vere
1070 2963 1166 3026 semel,
1190 2968 1222 3015 ut
1238 2963 1357 3014 Thomas

814 3035 948 3100 Magister
960 3034 1033 3098 vult,
1052 3034 1210 3086 Herodotus
1220 3034 1274 3085 hae
1289 3049 1358 3084 voce

814 3107 854 3156 ita
867 3109 909 3156 est
920 3121 1001 3167 usus,
1019 3103 1067 3156 sed
1082 3104 1242 3170 aliquotiesr
1260 3103 1297 3167 V,
1311 3105 1354 3154 55.

814 3175 859 3228 65.
877 3175 925 3236 VI,
941 3174 1058 3228 35125.
1074 3175 1133 3227 128.
1151 3175 1216 3236 vn,
1228 3174 1289 3235 221,
1306 3187 1358 3223 nec

815 3244 863 3296 alii
872 3245 959 3296 Attici
975 3245 1135 3309 scriptores,
1154 3245 1182 3294 in
1196 3244 1294 3309 quihus
1306 3243 1360 3293 Lu-

816 3316 924 3377 cienus,
943 3331 974 3366 ea
987 3315 1192 3376 abstinuerunt,
1210 3317 1241 3364 ut
1252 3311 1359 3363 abunde

814 3389 946 3436 notarunt
975 3385 1137 3448 interpretes
1166 3383 1201 3434 ad
1227 3383 1359 3432 'rhomam

815 3456 929 3522 Magist.
947 3471 974 3519 p.
989 3456 1023 3505 77
1037 3469 1095 3519 seq.
1115 3457 1142 3504 et
1159 3453 1194 3504 ad
1211 3451 1358 3516 Phrynich.

816 3541 879 3590 pag.
900 3525 958 3577 270.
982 3524 1182 3576 Grammaticus
1200 3539 1217 3574 a
1233 3522 1360 3573 Behlrere

815 3595 944 3678 vulgatus
963 3593 1097 3676 (Αιιεοδδ.
1111 3593 1157 3646 (ir.
1170 3594 1193 3644 Ι.
1204 3609 1231 3659 p.
1242 3592 1285 3644 18.
1299 3591 1357 3656 26):

814 3655 970 3714 ἀνέκαθεν·
989 3654 1153 3746 εὑρίσκεται
1159 3653 1307 3740 ini'cegrec
1321 3657 1359 3711 εί-

809 3730 948 3815 οημένον,
967 3748 1020 3783 ονιι
1023 3681 1083 3781 ρέα)
1102 3724 1216 3796 χρόνον,
1238 3718 1276 3787 ὦς
1288 3720 1358 3787 παρ’

809 3793 964 3886 Ἡροδότῳ.
994 3802 1118 3854 Conferri
1135 3815 1243 3868 quoque
1257 3800 1361 3865 poterit

222 3873 270 3924 161
291 3873 337 3925 fin.
357 3859 413 3952 ἦν
416 3866 448 3922 δέ
469 3865 573 3938 χρόνος
602 3887 687 3956 οντος
711 3864 764 3922 οὖν
812 3863 968 3934 ἄγκαθεν
960 3889 988 3922 ιιι
1004 3871 1132 3932 Aeschyli
1155 3871 1315 3936 Agamemn.
1334 3869 1359 3932 3,

220 3933 317 4003 ὀλίγος
346 3933 507 4006 γενόμενος.
552 3944 595 3995 De
618 3943 764 3994 omissione
814 3942 862 3993 ubi
891 3940 947 3994 vid.
977 3941 1128 3994 Blomiieid.
1154 3943 1182 3991 in
1209 3940 1359 3992 Glossario.

219 4011 298 4062 verbi
320 4011 377 4061 vid.
401 4009 540 4064 Scheoier.
567 4013 602 4064 sd
618 4011 763 4066 Lambert.

220 4082 286 4132 Bos.
305 4079 339 4130 de
356 4077 452 4141 Eiiips.
473 4081 505 4131 L.
525 4082 608 4146 Gap
591 4097 655 4166 pag.
675 4081 735 4134 668.

257 4141 288 4197 τὸ
312 4139 456 4198 ἀνέκαθεν
477 4147 559 4212 γένος
579 4141 675 4206 έόντος
698 4147 766 4200 Φοί-

221 4215 313 4283 νιιιος]
338 4218 371 4268 Iu
395 4217 545 4270 Phoenicia
566 4221 690 4271 Thaletis
713 4219 766 4272 ori-

222 4289 287 4354 gine
303 4286 394 4353 plures
414 4303 475 4340 cum
489 4290 591 4340 Nostro
608 4291 765 4350 concinunt,

815 4012 849 4063 In
867 4027 944 4077 seqq.
965 4011 1054 4062 forma
1072 4008 1152 4060 Τέων
1173 4009 1360 4071 Thucydidem

816 4097 924 4147 quoqne
940 4097 1017 4132 usum
1037 4096 1098 4132 esse
1116 4079 1207 4141 (vm,
1222 4079 1266 4144 16)
1286 4083 1361 4130 recte

815 4152 922 4202 monuit
938 4151 1055 4202 Bredov.
1076 4167 1104 4216 p.
1121 4149 1182 4212 246,
1203 4149 1272 4200 alios
1291 4149 1361 4199 eius

817 4220 877 4272 dem
903 4220 1007 4272 formae
1031 4220 1204 4272 accusativos
1224 4235 1258 4269 ex
1273 4218 1360 4269 Horo·

819 4291 876 4342 deti
893 4289 971 4340 lihris
989 4289 1186 4341 afferens.1n
1202 4289 1293 4338 verbis
1312 4279 1363 4344 τὰς

223 4375 240 4410 ιι
255 4357 438 4426 Wesselingio
458 4357 533 4412 edh.
551 4357 571 4411 1.
592 4359 717 4422 excitati,
735 4361 767 4409 ut
817 4354 849 4411 di
867 4349 952 4416 αλλας
970 4351 1073 4418 πόλιας
1090 4355 1271 4423 οἰκεομένας,
1291 4371 1362 4422 quae
