3020 4930
424 333 428 340 ·
463 297 530 358 nn
553 295 811 360 uuuonou.
833 299 857 372 1,
882 305 943 362 rso.
1211 293 1274 357 esa

148 470 281 535 excitavi,
311 469 356 523 vix
377 477 466 524 umen
490 471 637 542 quidquam
654 471 843 540 proferentes,
868 487 923 540 quo
945 471 1107 541 perturbata
1126 479 1276 540 temporum

148 557 220 610 ratio
236 555 305 608 satis
323 554 489 609 illustretur.
517 556 629 626 Quippe
644 556 854 626 discrepantiam
869 555 940 610 illam
956 556 1029 610 inter
1044 557 1219 610 Herodoteos
1233 565 1274 608 st-

149 658 203 712 que
218 639 364 694 Ctesianos
380 657 508 694 numeros
523 660 555 694 eo
570 643 675 694 referre
691 641 809 708 malunt,
835 639 909 712 quod
924 641 993 694 alter
1014 641 1085 695 istos
1105 659 1194 696 annos
1210 641 1274 696 omi·

149 725 227 792 serit,
242 743 293 795 per
308 741 378 796 quos
393 726 478 796 Medi,
500 728 533 779 ab
545 725 669 795 Assyriis
685 743 746 780 curn
761 727 936 795 defecissent,
953 726 1070 780 iudicum
1086 745 1110 780 s.
1121 727 1276 797 principum

150 811 320 882 quorundam
350 811 507 865 auctoritati
537 829 583 864 res
609 827 675 864 sures
703 812 933 866 administrandas
965 812 1153 882 permiserint,
1187 812 1275 866 donec

149 895 276 949 Deiocem
292 913 384 964 regem
406 895 549 965 elegerint.
586 897 645 949 Nec
665 898 751 965 magis
772 903 847 950 certa
863 895 1006 962 ridentur,
1030 913 1101 966 quae
1116 898 1275 950 Hammerus

149 980 247 1034 statuit
260 981 406 1034 inAnnall.
415 981 581 1034 Viennenss.
594 980 641 1034 lX.
659 999 686 1052 p.
701 988 812 1043 13-16.
843 983 913 1036 Nam
924 982 1059 1048 Deiocem,
1076 989 1107 1034 ut
1120 983 1154 1034 ad
1168 1000 1228 1052 cap.
1241 986 1276 1041 96

149 1065 355 1134 adnotavimus,
377 1067 518 1121 contendit
532 1085 595 1120 esse
612 1067 795 1122 Dscbemacln'd
806 1075 834 1120 et
845 1067 1002 1120 Phraortem
1014 1068 1146 1131 Fericium
1169 1067 1217 1137 qui
1231 1085 1275 1118 re-

150 1150 218 1222 liqui
233 1158 474 1206 commemorentur
491 1170 539 1206 sex
560 1169 642 1220 reges
664 1160 721 1206 tuns
733 1153 806 1223 apud
818 1152 938 1207 Ctesism
954 1159 1008 1206 tum
1025 1152 1053 1204 in
1072 1153 1189 1204 carmine
1208 1150 1275 1204 Per-

150 1253 255 1304 sarum,
278 1237 323 1290 cui
338 1254 433 1290 nomen
445 1237 644 1306 Schshnameh,
665 1237 822 1308 interpositi
838 1254 926 1308 usque
940 1238 974 1290 ad
986 1238 1153 1305 Cyaxarem,
1177 1255 1225 1288 eos
1243 1237 1277 1287 ab

149 1321 289 1386 Herodpto
318 1322 458 1390 neglectos
483 1341 546 1376 esse
564 1323 633 1376 visit.
667 1324 820 1376 Niebuhrio
841 1327 887 1393 (v.
909 1322 1099 1377 Denlrschrift.
1123 1323 1150 1376 d.
1170 1320 1275 1374 Berlin.

150 1406 233 1459 Acad.
252 1407 301 1460 der
320 1407 490 1460 Wissenscb.
507 1413 678 1468 1820.-‚1821
702 1427 730 1478 p.
748 1413 791 1468 49.
805 1409 853 1475 50)
879 1409 928 1462 bne
950 1407 1127 1462 difficultates
1151 1408 1191 1460 sic
1215 1405 1277 1458 tolli

149 1509 232 1560 posse
249 1491 390 1558 videntur,
409 1493 482 1546 utin
499 1493 631 1546 Herodoti
646 1493 721 1560 loco,
743 1500 873 1563 corrupto
891 1493 1008 1559 scilicet,
1028 1493 1151 1561 legatur:
1175 1484 1277 1561 ἄρξαν-

147 1595 192 1639 τες
205 1578 254 1647 τῆς
267 1608 302 1616 -
314 1570 374 1631 ἅνω
388 1570 473 1648 Ἀσίης
490 1571 537 1633 ἐπ’
552 1575 614 1634 ἔτεα
628 1573 853 1648 πεντήκοντα
866 1577 915 1632 nol
930 1572 1045 1649 ἑκατὸν,
1067 1571 1154 1647 πάρεξ
1175 1568 1194 1648 ἢ
1209 1569 1276 1630 ὅσον

150 1657 179 1714 οἶ
193 1656 309 1716 Σκύθαι
324 1651 424 1733 ἦρχον,
445 1657 595 1734 τριήκοντα
610 1665 686 1718 δυῶν
701 1661 809 1718 δέοντα.
839 1665 899 1717 Nec
918 1670 1005 1720 umen
1024 1664 1090 1718 baec
1104 1664 1192 1717 textui
1211 1679 1275 1715 con-

149 1747 228 1798 tinuo
247 1747 392 1800 inserenda
412 1766 475 1801 esse
490 1755 586 1801 censet
605 1749 648 1801 vir
662 1749 847 1807 doctissimus.
880 1750 911 1802 ln
929 1748 1052 1802 clausule
1069 1749 1189 1818 denique
1206 1765 1275 1800 com-

149 1831 319 1884 memoranda
334 1839 377 1884 est
390 1833 512 1902 scriptio,
529 1850 600 1902 quae
613 1833 742 1886 Wetzlar.
757 1839 826 1893 1828
840 1834 957 1904 prodiit,
973 1841 1085 1887 auctore
1097 1835 1187 1886 Grau.
1220 1831 1276 1895 Qui

151 1933 211 1968 cum
232 1916 260 1968 in
276 1916 477 1985 chronologiam
495 1917 572 1970 valde
589 1920 725 1970 turbatam
741 1919 821 1987 regni
838 1919 994 1986 Assyriaei,
1018 1918 1195 1985 Babylonici‚
1217 1918 1276 1969 Me-

152 2001 205 2054 dici
220 2001 350 2071 inquirit,
375 2009 498 2056 nostruin
515 2020 625 2073 quoque
643 2003 731 2056 locum
744 2005 836 2072 attigit
850 2021 877 2073 p.
895 2008 926 2070 9,
945 2021 1024 2074 quem
1040 2020 1126 2073 prava
1141 2004 1276 2073 interpre-

152 2087 254 2138 tatione
274 2086 308 2138 ad
331 2103 406 2139 suam
429 2087 591 2141 senitentiam
615 2089 654 2141 ita
677 2089 842 2158 detorquere
862 2089 970 2157 studet,
997 2097 1028 2141 ut
1048 2089 1133 2141 verba
1153 2077 1278 2156 πάρεξῆ

150 2163 218 2226 ὅσον
233 2167 262 2224 οἳ
273 2165 389 2225 Σκύθαι
407 2161 493 2242 ἦρχον
508 2190 651 2244 perperam
669 2173 752 2242 vulgo
769 2174 809 2226 aio
823 2173 908 2242 accipi
928 2173 1090 2226 contendat:
1119 2175 1229 2240 „demus
1247 2174 1279 2224 s's’s

152 2258 237 2324 onan,
252 2258 343 2324 quibua
354 2276 435 2327 penes
446 2261 554 2327 Scythas
566 2265 656 2324 foernl
670 2261 841 2329 imperiom,“
859 2275 918 2310 cnm
929 2258 1022 2327 potius
1035 2258 1193 2328 explicanda
1205 2257 1277 2310 sint:

152 2359 382 2410 „ausgenommen
402 2342 445 2395 die
463 2343 524 2396 Zeit
545 2344 611 2396 oder
633 2360 801 2410 zusammen,
823 2343 850 2394 in
873 2342 1054 2411 Verbindung
1072 2344 1120 2396 mit
1144 2344 1193 2396 der
1206 2342 1276 2409 Zeit,

153 2445 194 2480 wo
211 2426 254 2479 die
263 2426 383 2494 Scythen
397 2428 573 2498 berrechten,
593 2446 624 2480 so
640 2430 705 2482 dans
720 2429 795 2482 diese
806 2427 868 2481 Zeit
881 2428 965 2480 sehon
979 2427 1026 2481 mit
1039 2429 1067 2481 in
1084 2429 1135 2480 deu
1150 2432 1201 2487 128
1211 2427 1277 2480 Jah-

151 2529 199 2566 ren
225 2511 405 2578 einbegrilleu
432 2512 501 2564 ist.“
536 2513 627 2584 Atque
645 2515 779 2566 Grallium
799 2531 872 2566 nunc
896 2512 964 2566 satis
993 2513 1124 2566 refutavit
1143 2512 1276 2582 Hupt‘eld.

150 2598 231 2666 Spec.
249 2595 276 2648 11
291 2596 414 2650 llerodd.
431 2597 565 2650 Exercitt.
582 2598 615 2650 de
632 2605 727 2652 vetere
739 2598 831 2652 Medd.
848 2615 934 2666 regno
948 2615 976 2667 p.
992 2601 1028 2656 54
1041 2615 1131 2668 seqq,
1148 2598 1194 2667 qui
1208 2597 1278 2650 idem

151 2701 177 2752 p.
187 2687 221 2741 58
235 2686 264 2734 et
274 2680 419 2734 Niebuhrii
431 2682 643 2736 emendationem
655 2689 728 2736 recte
740 2683 821 2736 nobis
832 2681 942 2735 videtur
953 2683 1114 2752 repudiasse
1125 2687 1154 2736 et
1163 2681 1277 2748 Hitzigli

151 2767 335 2820 coniecturam
346 2766 504 2819 Herodotea
520 2769 604 2821 verba
619 2769 659 2820 sic
672 2768 818 2821 mutantis:
834 2761 879 2821 ἐπ’
895 2764 956 2821 ἔτεα
969 2761 1069 2822 ἑκατὸν
1079 2768 1156 2821 δυοῖν
1171 2763 1278 2834 δέοντα,

151 2845 237 2918 πάρεξ
250 2841 268 2918 ἢ
283 2842 350 2904 ὅσον
364 2847 394 2904 oi
406 2847 521 2907 Σκύθαι
535 2841 619 2922 ἦρχον
634 2854 677 2906 vel
692 2854 800 2923 potius=
823 2845 869 2908 ἐπ’
887 2847 949 2906 ἔτεα
964 2851 1052 2906 εἴκοσι
1074 2871 1101 2904 κ.
1117 2871 1142 2904 τ.
1158 2854 1182 2903 t.
1207 2849 1277 2918 (vid.

152 2937 186 2988 ad
203 2935 288 2988 Jesai.
304 2953 331 3003 p.
347 2937 423 3004 294).

237 3018 329 3072 Retuli
350 3037 529 3091 quaecunque
550 3039 565 3073 a
581 3021 649 3074 viris
665 3021 753 3074 doctis
770 3020 877 3090 prolata
891 3020 1002 3086 inveni;
1025 3019 1126 3088 quibus
1142 3033 1202 3070 crim
1218 3025 1278 3068 tan-

153 3113 198 3158 tae
213 3105 343 3158 tenebrae
365 3106 410 3158 vix
426 3105 631 3176 dissolventur,
655 3105 731 3158 nolui
746 3106 805 3176 ipse
828 3121 915 3157 novae
932 3104 1107 3156 coniecturae
1129 3101 1279 3172 periculum

154 3192 244 3244 lacere
260 3189 293 3241 ad
310 3207 343 3242 eu
356 3191 539 3258 concilianda,
554 3207 624 3260 quae
640 3191 686 3244 vix
704 3206 822 3260 unquam
837 3205 928 3242 secum
943 3186 1083 3240 conciliari
1094 3193 1142 3240 aut
1153 3187 1187 3240 ad
1199 3184 1278 3256 liqui-

154 3275 217 3328 dum
238 3275 350 3343 perduci
370 3294 452 3345 posse
472 3275 629 3328 existimem.
668 3275 767 3344 Neque
788 3274 868 3327 aliter
887 3273 949 3325 mihi
971 3271 1146 3324 statuendum
1170 3271 1280 3324 ridetur

155 3359 311 3429 respicienti
332 3361 367 3414 acl
381 3378 427 3423 es,
454 3377 524 3431 quse
543 3360 696 3430 nuperrime
718 3359 746 3411 in
764 3360 833 3411 hanc
853 3357 964 3412 eandem
980 3375 1036 3410 rem
1057 3357 1197 3426 disputate
1214 3365 1281 3408 suut

129 3491 133 3498 .
154 3462 171 3496 a
185 3444 367 3514 compluribus
389 3445 457 3498 viris
473 3445 571 3498 doctis.
605 3445 713 3498 Etenim
730 3441 1028 3514 praeterHupleldium
1050 3442 1068 3494 l.
1084 3441 1102 3494 l.
1120 3438 1281 3510 disquisivit

154 3530 187 3582 de
202 3529 244 3582 his
259 3529 379 3582 numeris
398 3529 519 3582 Clinton.
538 3531 615 3582 uest.
630 3529 758 3582 Hellenn.
771 3529 794 3580 l.
810 3547 838 3598 p.
849 3531 900 3588 257
912 3545 1007 3596 seqq„
1029 3527 1063 3579 a.
1080 3527 1159 3578 Scott
1173 3525 1203 3576 in
1219 3523 1281 3574 The

153 3614 277 3667 classical
284 3614 410 3667 Museum
417 3615 454 3667 ll.
463 3633 490 3684 p.
502 3618 549 3674 186
558 3632 646 3684 seqq„
656 3616 756 3667 Grotes
766 3613 881 3680 ilistory
890 3613 1030 3666 ol'Greece
1040 3611 1086 3663 lV.
1095 3629 1123 3680 p.
1131 3613 1280 3676 304seqq.‚

153 3699 195 3752 De
209 3698 324 3767 Saulcy:
347 3698 539 3765 „Recherches
560 3716 609 3751 sur
628 3699 653 3750 la
667 3697 843 3765 chronologie
859 3697 907 3750 des
922 3696 1038 3766 empires
1054 3695 1088 3748 de
1104 3694 1224 3756 Ninive,
1247 3691 1281 3742 de

153 3784 294 3852 Babylone
317 3791 346 3836 et
360 3783 553 3836 d’Ecbataue“
575 3783 618 3834 in:
645 3783 750 3837 lllemm.
771 3783 805 3834 de
819 3781 921 3834 l'Acad.
945 3780 1134 3849 d.1nscriptt.
1156 3777 1191 3829 T.
1206 3773 1280 3828 xlx.

152 3868 184 3920 P·
196 3869 219 3921 1·
236 3888 264 3938 p·
277 3872 328 3928 184
337 3886 415 3937 teqq·
434 3867 558 3938 inprimis
576 3886 603 3936 p·
615 3873 667 3926 212
677 3886 766 3939 seqq„
788 3867 811 3918 I.
824 3865 959 3919 Brundisr
978 3865 1090 3933 Assyrr.
1110 3879 1201 3916 rerum
1217 3867 1281 3912 tem·

155 3971 222 4022 pora
240 3951 381 4006 emendata
396 3953 500 4024 (Bonn.
517 3953 598 4016 1852)
613 3971 640 4022 p·
653 3959 670 4012 3
681 3971 769 4021 seqq,
792 3950 943 4004 Godoired.
960 3949 1060 4016 llluyss
1082 3949 1198 4011 eruest.
1215 3944 1280 3996 Cte-

154 4038 244 4090 siann.
261 4035 440 4105 chronologg.
455 4036 623 4107 (lllonaster.
637 4043 713 4096 1853.
728 4039 759 4103 8)
774 4055 801 4104 p.
810 4040 941 4104 ioseqq„
955 4032 1144 4102 quiHerodoti
1161 4028 1282 4084 numeris

154 4123 360 4190 patrocinatur,
381 4121 409 4173 in
426 4121 527 4190 quibus
541 4137 600 4172 mea
617 4120 724 4189 quidem
745 4119 884 4172 sententie
901 4117 967 4170 nihil
982 4125 1086 4170 mutare
1108 4116 1209 4168 licebit.
1244 4113 1282 4166 Et

155 4208 259 4258 confer.
278 4221 389 4276 quoque
404 4205 498 4258 letho:
512 4204 762 4272 ZurChronologie
777 4203 804 4254 d.
821 4202 911 4254 siltest.
926 4201 1091 4254 Gesclsichte
1107 4201 1134 4253 d.
1155 4198 1282 4253 Menecli-

154 4290 212 4342 heit
226 4290 409 4362 (Hildesheim
426 4279 507 4356 1853)
529 4307 556 4360 p.
573 4295 607 4348 10
619 4306 714 4358 seqq,
743 4288 780 4340 Η.
798 4288 902 4339 Ηοοοοε
924 4286 965 4338 De
980 4285 1103 4353 Assyriis
1120 4283 1282 4356 (Vretislav.

154 4377 236 4443 1836)
252 4395 281 4446 p·
295 4379 338 4444 19,
354 4391 386 4428 ac
400 4375 547 4445 praecipue
562 4375 657 4427 loaun.
673 4372 840 4442 aGumpsch
855 4370 1133 4452 (DieZeitrechnung
1148 4370 1175 4423 d.
1185 4365 1283 4435 Babyl.
