<?xml version="1.0" encoding="UTF-8"?>
<!DOCTYPE html PUBLIC "-//W3C//DTD XHTML 1.0 Transitional//EN"
    "http://www.w3.org/TR/xhtml1/DTD/xhtml1-transitional.dtd">
<html xmlns="http://www.w3.org/1999/xhtml" xml:lang="en" lang="en">
 <head>
  <title>
</title>
<meta http-equiv="Content-Type" content="text/html;charset=utf-8" />
  <meta name='ocr-system' content='tesseract 3.04.00' />
  <meta name='ocr-capabilities' content='ocr_page ocr_carea ocr_par ocr_line ocrx_word'/>
</head>
<body>
  <div class='ocr_page' id='page_1' title='image "./herodotihalicar00bhgoog_0086.png"; bbox 0 0 2980 4932; ppageno 0'>
   <div class='ocr_carea' id='block_1_1' title="bbox 596 263 1278 330">
    <p class='ocr_par' dir='ltr' id='par_1_1' title="bbox 596 263 1278 330">
     <span class='ocr_line' id='line_1_1' title="bbox 596 263 1278 330; baseline 0.003 -5"><span class='ocrx_word' id='word_1_1' title='bbox 596 263 723 325; x_wconf 79' lang='lat' dir='ltr'><strong>cmo,</strong></span> <span class='ocrx_word' id='word_1_2' title='bbox 746 265 772 326; x_wconf 91' lang='grc' dir='ltr'><strong>Ι.</strong></span> <span class='ocrx_word' id='word_1_3' title='bbox 794 276 838 330; x_wconf 87' lang='grc' dir='ltr'><strong>3ο.</strong></span> <span class='ocrx_word' id='word_1_4' title='bbox 1238 267 1278 328; x_wconf 82' lang='grc'><strong>65</strong></span> 
     </span>
    </p>
   </div>
   <div class='ocr_carea' id='block_1_2' title="bbox 109 434 1282 1682">
    <p class='ocr_par' dir='ltr' id='par_1_2' title="bbox 109 434 1282 1682">
     <span class='ocr_line' id='line_1_2' title="bbox 147 434 1276 530; baseline 0.007 -24"><span class='ocrx_word' id='word_1_5' title='bbox 147 458 204 507; x_wconf 90' lang='grc' dir='ltr'><strong>σιν</strong></span> <span class='ocrx_word' id='word_1_6' title='bbox 222 437 279 506; x_wconf 78' lang='grc' dir='ltr'><strong>καὶ</strong></span> <span class='ocrx_word' id='word_1_7' title='bbox 297 434 338 527; x_wconf 77' lang='grc' dir='ltr'><strong>δὴ</strong></span> <span class='ocrx_word' id='word_1_8' title='bbox 357 439 411 508; x_wconf 79' lang='grc' dir='ltr'><strong>καὶ</strong></span> <span class='ocrx_word' id='word_1_9' title='bbox 434 434 467 518; x_wconf 79' lang='grc' dir='ltr'><strong>ἐς</strong></span> <span class='ocrx_word' id='word_1_10' title='bbox 486 436 612 526; x_wconf 80' lang='grc' dir='ltr'><strong><em>Σάρδις</em></strong></span> <span class='ocrx_word' id='word_1_11' title='bbox 635 437 725 530; x_wconf 75' lang='grc' dir='ltr'><strong><em>παρὰ</em></strong></span> <span class='ocrx_word' id='word_1_12' title='bbox 739 449 896 530; x_wconf 78' lang='grc' dir='ltr'><strong><em>Κροῖσον.</em></strong></span> <span class='ocrx_word' id='word_1_13' title='bbox 920 437 1121 530; x_wconf 78' lang='grc' dir='ltr'><strong><em>ἀπικόμενος</em></strong></span> <span class='ocrx_word' id='word_1_14' title='bbox 1136 442 1175 512; x_wconf 75' lang='grc' dir='ltr'><strong>δὲ</strong></span> <span class='ocrx_word' id='word_1_15' title='bbox 1192 439 1276 528; x_wconf 79' lang='grc' dir='ltr'><strong><em>ἐξει-</em></strong></span> 
     </span>
     <span class='ocr_line' id='line_1_3' title="bbox 146 537 1279 639; baseline 0.007 -28"><span class='ocrx_word' id='word_1_16' title='bbox 146 548 254 624; x_wconf 80' lang='grc' dir='ltr'><strong><em>νίζετο</em></strong></span> <span class='ocrx_word' id='word_1_17' title='bbox 278 537 316 611; x_wconf 81' lang='grc' dir='ltr'><strong>ἒν</strong></span> <span class='ocrx_word' id='word_1_18' title='bbox 334 557 420 612; x_wconf 83' lang='grc' dir='ltr'><strong><em>τοῖσι</em></strong></span> <span class='ocrx_word' id='word_1_19' title='bbox 440 550 642 632; x_wconf 81' lang='grc' dir='ltr'><strong><em>βασιληίοισι</em></strong></span> <span class='ocrx_word' id='word_1_20' title='bbox 660 540 726 615; x_wconf 83' lang='grc' dir='ltr'><strong><em>ὑπό</em></strong></span> <span class='ocrx_word' id='word_1_21' title='bbox 748 551 808 614; x_wconf 82' lang='grc' dir='ltr'><strong>τοῦ</strong></span> <span class='ocrx_word' id='word_1_22' title='bbox 821 551 987 636; x_wconf 84' lang='grc' dir='ltr'><strong><em>Κροίσου·</em></strong></span> <span class='ocrx_word' id='word_1_23' title='bbox 1017 545 1099 636; x_wconf 83' lang='grc' dir='ltr'><strong><em>μετὰ</em></strong></span> <span class='ocrx_word' id='word_1_24' title='bbox 1114 547 1152 617; x_wconf 74' lang='grc' dir='ltr'><strong>δὲ</strong></span> <span class='ocrx_word' id='word_1_25' title='bbox 1173 542 1279 639; x_wconf 82' lang='grc' dir='ltr'><strong><em>ἡμέρη</em></strong></span> 
     </span>
     <span class='ocr_line' id='line_1_4' title="bbox 147 639 1277 744; baseline 0.008 -31"><span class='ocrx_word' id='word_1_26' title='bbox 147 651 242 734; x_wconf 85' lang='grc' dir='ltr'><strong><em>τρίτη</em></strong></span> <span class='ocrx_word' id='word_1_27' title='bbox 267 639 288 734; x_wconf 79' lang='grc' dir='ltr'><strong><em>ἦ</em></strong></span> <span class='ocrx_word' id='word_1_28' title='bbox 315 647 473 736; x_wconf 78' lang='grc' dir='ltr'><strong><em>τετάρτη,</em></strong></span> <span class='ocrx_word' id='word_1_29' title='bbox 501 648 719 731; x_wconf 74' lang='grc' dir='ltr'><strong><em>κελεύσαντος</em></strong></span> <span class='ocrx_word' id='word_1_30' title='bbox 742 656 909 740; x_wconf 83' lang='grc' dir='ltr'><strong><em>Κροίσου,</em></strong></span> <span class='ocrx_word' id='word_1_31' title='bbox 934 648 993 721; x_wconf 84' lang='grc' dir='ltr'><strong>τόν</strong></span> <span class='ocrx_word' id='word_1_32' title='bbox 1010 649 1153 724; x_wconf 87' lang='grc' dir='ltr'><strong><em>Σόλωνα</em></strong></span> <span class='ocrx_word' id='word_1_33' title='bbox 1172 652 1277 744; x_wconf 77' lang='grc' dir='ltr'><strong><em>θερά-</em></strong></span> 
     </span>
     <span class='ocr_line' id='line_1_5' title="bbox 148 750 1278 847; baseline 0.007 -27"><span class='ocrx_word' id='word_1_34' title='bbox 148 777 268 830; x_wconf 86' lang='grc' dir='ltr'><strong><em>ποντες</em></strong></span> <span class='ocrx_word' id='word_1_35' title='bbox 299 755 463 840; x_wconf 81' lang='grc' dir='ltr'><strong><em>περιῆγον</em></strong></span> <span class='ocrx_word' id='word_1_36' title='bbox 492 751 576 822; x_wconf 80' lang='grc' dir='ltr'><strong><em>κατὰ</em></strong></span> <span class='ocrx_word' id='word_1_37' title='bbox 601 750 680 834; x_wconf 82' lang='grc' dir='ltr'><strong>τούς</strong></span> <span class='ocrx_word' id='word_1_38' title='bbox 708 753 917 847; x_wconf 75' lang='grc' dir='ltr'><strong><em>θησαυροὺς,</em></strong></span> <span class='ocrx_word' id='word_1_39' title='bbox 947 755 1005 824; x_wconf 80' lang='grc' dir='ltr'><strong>καὶ</strong></span> <span class='ocrx_word' id='word_1_40' title='bbox 1034 752 1278 828; x_wconf 72' lang='grc' dir='ltr'><strong><em>ἐπεδείκνυσαν</em></strong></span> 
     </span>
     <span class='ocr_line' id='line_1_6' title="bbox 147 849 1278 951; baseline 0.007 -27"><span class='ocrx_word' id='word_1_41' title='bbox 147 853 256 924; x_wconf 80' lang='grc' dir='ltr'><strong><em>πάντα</em></strong></span> <span class='ocrx_word' id='word_1_42' title='bbox 282 849 380 924; x_wconf 84' lang='grc' dir='ltr'><strong><em>έόντα</em></strong></span> <span class='ocrx_word' id='word_1_43' title='bbox 401 855 531 945; x_wconf 77' lang='grc' dir='ltr'><strong><em>μεγάλα</em></strong></span> <span class='ocrx_word' id='word_1_44' title='bbox 558 885 594 927; x_wconf 88' lang='grc' dir='ltr'><strong>τε</strong></span> <span class='ocrx_word' id='word_1_45' title='bbox 623 859 679 926; x_wconf 75' lang='grc' dir='ltr'><strong>καί</strong></span> <span class='ocrx_word' id='word_1_46' title='bbox 704 854 810 945; x_wconf 81' lang='grc' dir='ltr'><strong><em>ὄλβια.</em></strong></span> <span class='ocrx_word' id='word_1_47' title='bbox 850 860 1065 950; x_wconf 82' lang='grc' dir='ltr'><strong><em>θηησόμενου</em></strong></span> <span class='ocrx_word' id='word_1_48' title='bbox 1089 863 1210 951; x_wconf 76' lang='grc' dir='ltr'><strong><em>θέμιν</em></strong></span> <span class='ocrx_word' id='word_1_49' title='bbox 1238 859 1278 932; x_wconf 77' lang='grc' dir='ltr'><strong>τὰ</strong></span> 
     </span>
     <span class='ocr_line' id='line_1_7' title="bbox 148 955 1276 1054; baseline 0.007 -26"><span class='ocrx_word' id='word_1_50' title='bbox 148 956 256 1028; x_wconf 83' lang='grc' dir='ltr'><strong><em>πάντα</em></strong></span> <span class='ocrx_word' id='word_1_51' title='bbox 270 960 326 1027; x_wconf 82' lang='grc' dir='ltr'><strong>καὶ</strong></span> <span class='ocrx_word' id='word_1_52' title='bbox 340 959 569 1049; x_wconf 72' lang='grc' dir='ltr'><strong><em>σκεψάμενον,</em></strong></span> <span class='ocrx_word' id='word_1_53' title='bbox 593 957 636 1043; x_wconf 75' lang='grc' dir='ltr'><strong>ὥς</strong></span> <span class='ocrx_word' id='word_1_54' title='bbox 655 966 689 1031; x_wconf 83' lang='grc' dir='ltr'><strong>οἱ</strong></span> <span class='ocrx_word' id='word_1_55' title='bbox 703 958 786 1030; x_wconf 77' lang='grc' dir='ltr'><strong><em>κατὰ</em></strong></span> <span class='ocrx_word' id='word_1_56' title='bbox 801 961 919 1053; x_wconf 82' lang='grc' dir='ltr'><strong><em>καιρὸν</em></strong></span> <span class='ocrx_word' id='word_1_57' title='bbox 937 955 996 1054; x_wconf 83' lang='grc' dir='ltr'><strong>ἦν,</strong></span> <span class='ocrx_word' id='word_1_58' title='bbox 1018 974 1126 1054; x_wconf 85' lang='grc' dir='ltr'><strong><em>είρετο</em></strong></span> <span class='ocrx_word' id='word_1_59' title='bbox 1143 961 1276 1054; x_wconf 82' lang='grc' dir='ltr'><strong><em>όΚροῑ-</em></strong></span> 
     </span>
     <span class='ocr_line' id='line_1_8' title="bbox 147 1061 1280 1158; baseline 0.008 -28"><span class='ocrx_word' id='word_1_60' title='bbox 147 1083 203 1142; x_wconf 88' lang='grc' dir='ltr'><strong>σος</strong></span> <span class='ocrx_word' id='word_1_61' title='bbox 224 1061 320 1132; x_wconf 78' lang='grc' dir='ltr'><strong><em>τάδε·</em></strong></span> <span class='ocrx_word' id='word_1_62' title='bbox 359 1067 458 1141; x_wconf 67' lang='lat' dir='ltr'><strong>Erice</strong></span> <span class='ocrx_word' id='word_1_63' title='bbox 482 1061 658 1156; x_wconf 72' lang='grc' dir='ltr'><strong><em>Ἀθηναῖε,</em></strong></span> <span class='ocrx_word' id='word_1_64' title='bbox 688 1062 769 1156; x_wconf 88' lang='grc' dir='ltr'><strong><em>παρ’</em></strong></span> <span class='ocrx_word' id='word_1_65' title='bbox 798 1061 898 1156; x_wconf 79' lang='grc' dir='ltr'><strong><em>ἡμέας</em></strong></span> <span class='ocrx_word' id='word_1_66' title='bbox 919 1066 983 1158; x_wconf 79' lang='grc' dir='ltr'><strong>γὰρ</strong></span> <span class='ocrx_word' id='word_1_67' title='bbox 1007 1071 1083 1158; x_wconf 84' lang='grc' dir='ltr'><strong><em>περὶ</em></strong></span> <span class='ocrx_word' id='word_1_68' title='bbox 1105 1071 1162 1138; x_wconf 82' lang='grc' dir='ltr'><strong>σέο</strong></span> <span class='ocrx_word' id='word_1_69' title='bbox 1184 1069 1280 1156; x_wconf 91' lang='grc' dir='ltr'><strong><em>λόγος</em></strong></span> 
     </span>
     <span class='ocr_line' id='line_1_9' title="bbox 109 1163 1280 1260; baseline 0.005 -23"><span class='ocrx_word' id='word_1_70' title='bbox 109 1163 285 1237; x_wconf 67' lang='lat' dir='ltr'><strong>returnar</strong></span> <span class='ocrx_word' id='word_1_71' title='bbox 305 1165 443 1254; x_wconf 84' lang='grc' dir='ltr'><strong><em>πολλός,</em></strong></span> <span class='ocrx_word' id='word_1_72' title='bbox 469 1171 525 1239; x_wconf 76' lang='grc' dir='ltr'><strong>καὶ</strong></span> <span class='ocrx_word' id='word_1_73' title='bbox 542 1178 664 1260; x_wconf 82' lang='grc' dir='ltr'><strong><em>σοφίης</em></strong></span> <span class='ocrx_word' id='word_1_74' title='bbox 685 1175 817 1240; x_wconf 79' lang='grc' dir='ltr'><strong><em>εἵνεκεν</em></strong></span> <span class='ocrx_word' id='word_1_75' title='bbox 837 1175 895 1259; x_wconf 83' lang='grc' dir='ltr'><strong>τῆς</strong></span> <span class='ocrx_word' id='word_1_76' title='bbox 914 1177 974 1260; x_wconf 78' lang='grc' dir='ltr'><strong>σῆς</strong></span> <span class='ocrx_word' id='word_1_77' title='bbox 991 1173 1046 1240; x_wconf 82' lang='grc' dir='ltr'><strong>καὶ</strong></span> <span class='ocrx_word' id='word_1_78' title='bbox 1071 1170 1213 1260; x_wconf 78' lang='grc' dir='ltr'><strong><em>πλάνης,</em></strong></span> <span class='ocrx_word' id='word_1_79' title='bbox 1236 1169 1280 1254; x_wconf 78' lang='grc' dir='ltr'><strong>ὦς</strong></span> 
     </span>
     <span class='ocr_line' id='line_1_10' title="bbox 149 1267 1282 1364; baseline 0.005 -25"><span class='ocrx_word' id='word_1_80' title='bbox 149 1273 363 1359; x_wconf 80' lang='grc' dir='ltr'><strong><em>φιλοσοφέων</em></strong></span> <span class='ocrx_word' id='word_1_81' title='bbox 378 1277 443 1362; x_wconf 78' lang='grc' dir='ltr'><strong>γῆν</strong></span> <span class='ocrx_word' id='word_1_82' title='bbox 457 1271 585 1364; x_wconf 81' lang='grc' dir='ltr'><strong><em>πολλὴν</em></strong></span> <span class='ocrx_word' id='word_1_83' title='bbox 595 1281 744 1364; x_wconf 77' lang='grc' dir='ltr'><strong><em>θεωρίης</em></strong></span> <span class='ocrx_word' id='word_1_84' title='bbox 761 1279 892 1344; x_wconf 82' lang='grc' dir='ltr'><strong><em>εἵνεκεν</em></strong></span> <span class='ocrx_word' id='word_1_85' title='bbox 907 1270 1130 1364; x_wconf 76' lang='grc' dir='ltr'><strong><em>ἐπελήλυθας.</em></strong></span> <span class='ocrx_word' id='word_1_86' title='bbox 1154 1281 1219 1346; x_wconf 86' lang='grc' dir='ltr'><strong>νῦν</strong></span> <span class='ocrx_word' id='word_1_87' title='bbox 1234 1267 1282 1345; x_wconf 78' lang='grc' dir='ltr'><strong>ὧν</strong></span> 
     </span>
     <span class='ocr_line' id='line_1_11' title="bbox 148 1371 1280 1468; baseline 0.006 -25"><span class='ocrx_word' id='word_1_88' title='bbox 148 1379 260 1464; x_wconf 78' lang='grc' dir='ltr'><strong><em>ἵμερος</em></strong></span> <span class='ocrx_word' id='word_1_89' title='bbox 279 1371 478 1465; x_wconf 80' lang='grc' dir='ltr'><strong><em>έπείρεσθοιί</em></strong></span> <span class='ocrx_word' id='word_1_90' title='bbox 494 1408 549 1467; x_wconf 85' lang='grc' dir='ltr'><strong>μοι</strong></span> <span class='ocrx_word' id='word_1_91' title='bbox 568 1375 714 1468; x_wconf 78' lang='grc' dir='ltr'><strong><em>ἐπῆλθε,</em></strong></span> <span class='ocrx_word' id='word_1_92' title='bbox 736 1389 772 1448; x_wconf 80' lang='grc' dir='ltr'><strong>εί</strong></span> <span class='ocrx_word' id='word_1_93' title='bbox 788 1406 864 1449; x_wconf 88' lang='grc' dir='ltr'><strong><em>τινα</em></strong></span> <span class='ocrx_word' id='word_1_94' title='bbox 880 1375 944 1468; x_wconf 75' lang='grc' dir='ltr'><strong>ἤθη</strong></span> <span class='ocrx_word' id='word_1_95' title='bbox 961 1378 1099 1450; x_wconf 79' lang='grc' dir='ltr'><strong><em>πάντων</em></strong></span> <span class='ocrx_word' id='word_1_96' title='bbox 1118 1377 1206 1460; x_wconf 78' lang='grc' dir='ltr'><strong><em>εἶδες</em></strong></span> <span class='ocrx_word' id='word_1_97' title='bbox 1223 1376 1280 1450; x_wconf 84' lang='grc' dir='ltr'><strong>ὀλ-</strong></span> 
     </span>
     <span class='ocr_line' id='line_1_12' title="bbox 148 1475 1281 1572; baseline 0.004 -24"><span class='ocrx_word' id='word_1_98' title='bbox 148 1480 330 1567; x_wconf 77' lang='grc' dir='ltr'><strong><em>βιώτατον·</em></strong></span> <span class='ocrx_word' id='word_1_99' title='bbox 378 1476 412 1548; x_wconf 89' lang='lat'><strong>‘0</strong></span> <span class='ocrx_word' id='word_1_100' title='bbox 443 1481 520 1570; x_wconf 70' lang='grc' dir='ltr'><strong><em>μὲν,</em></strong></span> <span class='ocrx_word' id='word_1_101' title='bbox 555 1479 698 1567; x_wconf 78' lang='grc' dir='ltr'><strong><em>ἐλπίζων</em></strong></span> <span class='ocrx_word' id='word_1_102' title='bbox 729 1481 816 1552; x_wconf 80' lang='grc' dir='ltr'><strong><em>εἶναι</em></strong></span> <span class='ocrx_word' id='word_1_103' title='bbox 845 1475 1039 1572; x_wconf 72' lang='grc' dir='ltr'><strong><em>ἆνθριόπων</em></strong></span> <span class='ocrx_word' id='word_1_104' title='bbox 1066 1479 1281 1572; x_wconf 72' lang='grc' dir='ltr'><strong><em>ὀλβιώτατος,</em></strong></span> 
     </span>
     <span class='ocr_line' id='line_1_13' title="bbox 147 1579 1280 1682; baseline 0.006 -31"><span class='ocrx_word' id='word_1_105' title='bbox 147 1588 252 1652; x_wconf 79' lang='grc' dir='ltr'><strong><em>ταῦτα</em></strong></span> <span class='ocrx_word' id='word_1_106' title='bbox 275 1579 450 1673; x_wconf 74' lang='grc' dir='ltr'><strong><em>ἐπειρώτα.</em></strong></span> <span class='ocrx_word' id='word_1_107' title='bbox 496 1584 616 1656; x_wconf 86' lang='grc' dir='ltr'><strong><em>Σόλων</em></strong></span> <span class='ocrx_word' id='word_1_108' title='bbox 640 1587 678 1656; x_wconf 73' lang='grc' dir='ltr'><strong>δὲ</strong></span> <span class='ocrx_word' id='word_1_109' title='bbox 703 1584 805 1657; x_wconf 71' lang='grc' dir='ltr'><strong><em>οὐδὲν</em></strong></span> <span class='ocrx_word' id='word_1_110' title='bbox 833 1582 1098 1673; x_wconf 77' lang='grc' dir='ltr'><strong><em>ὑποθωπεύσας,</em></strong></span> <span class='ocrx_word' id='word_1_111' title='bbox 1123 1584 1209 1658; x_wconf 77' lang='grc' dir='ltr'><strong><em>νἰλλό</em></strong></span> <span class='ocrx_word' id='word_1_112' title='bbox 1233 1593 1280 1682; x_wconf 77' lang='grc' dir='ltr'><strong>τῷ</strong></span> 
     </span>
    </p>
   </div>
   <div class='ocr_carea' id='block_1_3' title="bbox 147 1751 1291 4403">
    <p class='ocr_par' dir='ltr' id='par_1_3' title="bbox 147 1751 1285 2378">
     <span class='ocr_line' id='line_1_14' title="bbox 148 1751 1282 1820; baseline 0.003 -18"><span class='ocrx_word' id='word_1_113' title='bbox 148 1767 218 1818; x_wconf 85' lang='lat' dir='ltr'><strong>quae</strong></span> <span class='ocrx_word' id='word_1_114' title='bbox 236 1751 425 1818; x_wconf 77' lang='lat' dir='ltr'>sophistarum</span> <span class='ocrx_word' id='word_1_115' title='bbox 437 1751 602 1804; x_wconf 80' lang='lat' dir='ltr'><strong>Graecorum</strong></span> <span class='ocrx_word' id='word_1_116' title='bbox 613 1754 689 1804; x_wconf 84' lang='lat' dir='ltr'><strong>echo·</strong></span> <span class='ocrx_word' id='word_1_117' title='bbox 738 1756 781 1805; x_wconf 90' lang='lat' dir='ltr'><strong>De</strong></span> <span class='ocrx_word' id='word_1_118' title='bbox 798 1769 827 1804; x_wconf 90' lang='lat' dir='ltr'><strong>rc</strong></span> <span class='ocrx_word' id='word_1_119' title='bbox 845 1755 906 1819; x_wconf 88' lang='lat' dir='ltr'><strong>ipsa</strong></span> <span class='ocrx_word' id='word_1_120' title='bbox 927 1755 962 1805; x_wconf 86' lang='lat' dir='ltr'><strong>ad</strong></span> <span class='ocrx_word' id='word_1_121' title='bbox 984 1771 1079 1807; x_wconf 80' lang='lat' dir='ltr'><strong>rocem</strong></span> <span class='ocrx_word' id='word_1_122' title='bbox 1099 1751 1282 1820; x_wconf 79' lang='grc' dir='ltr'><strong><em>φιλοσοφέων</em></strong></span> 
     </span>
     <span class='ocr_line' id='line_1_15' title="bbox 148 1821 1281 1890; baseline 0.005 -20"><span class='ocrx_word' id='word_1_123' title='bbox 148 1822 188 1872; x_wconf 89' lang='lat' dir='ltr'><strong>lns</strong></span> <span class='ocrx_word' id='word_1_124' title='bbox 227 1838 260 1874; x_wconf 94' lang='lat' dir='ltr'><strong>ac</strong></span> <span class='ocrx_word' id='word_1_125' title='bbox 293 1821 505 1873; x_wconf 78' lang='lat' dir='ltr'><strong>declamationes</strong></span> <span class='ocrx_word' id='word_1_126' title='bbox 540 1823 689 1886; x_wconf 76' lang='lat' dir='ltr'>redoleant,</span> <span class='ocrx_word' id='word_1_127' title='bbox 740 1825 783 1874; x_wconf 83' lang='lat' dir='ltr'><strong>Cr.</strong></span> <span class='ocrx_word' id='word_1_128' title='bbox 795 1823 913 1887; x_wconf 81' lang='lat' dir='ltr'><strong>confert,</strong></span> <span class='ocrx_word' id='word_1_129' title='bbox 930 1839 999 1890; x_wconf 84' lang='lat' dir='ltr'><strong>quse</strong></span> <span class='ocrx_word' id='word_1_130' title='bbox 1010 1825 1173 1876; x_wconf 85' lang='lat' dir='ltr'><strong>Plutarchus</strong></span> <span class='ocrx_word' id='word_1_131' title='bbox 1192 1825 1281 1890; x_wconf 84' lang='lat' dir='ltr'><strong>dispu-</strong></span> 
     </span>
     <span class='ocr_line' id='line_1_16' title="bbox 147 1892 1283 1958; baseline 0.003 -17"><span class='ocrx_word' id='word_1_132' title='bbox 147 1892 255 1958; x_wconf 86' lang='lat' dir='ltr'><strong>aliaque</strong></span> <span class='ocrx_word' id='word_1_133' title='bbox 273 1893 356 1942; x_wconf 87' lang='lat' dir='ltr'><strong>etiam</strong></span> <span class='ocrx_word' id='word_1_134' title='bbox 375 1897 402 1942; x_wconf 90' lang='lat' dir='ltr'><strong>et</strong></span> <span class='ocrx_word' id='word_1_135' title='bbox 421 1893 587 1957; x_wconf 72' lang='lat' dir='ltr'><strong>amplificata</strong></span> <span class='ocrx_word' id='word_1_136' title='bbox 605 1899 633 1944; x_wconf 90' lang='lat' dir='ltr'><strong>et</strong></span> <span class='ocrx_word' id='word_1_137' title='bbox 646 1909 690 1943; x_wconf 62' lang='lat' dir='ltr'><strong>e»</strong></span> <span class='ocrx_word' id='word_1_138' title='bbox 740 1897 783 1942; x_wconf 82' lang='lat' dir='ltr'><strong>tat</strong></span> <span class='ocrx_word' id='word_1_139' title='bbox 800 1892 907 1943; x_wconf 82' lang='lat' dir='ltr'><strong>Morall.</strong></span> <span class='ocrx_word' id='word_1_140' title='bbox 926 1909 953 1958; x_wconf 91' lang='lat' dir='ltr'><strong>p.</strong></span> <span class='ocrx_word' id='word_1_141' title='bbox 978 1895 1011 1944; x_wconf 80' lang='lat'><strong>77</strong></span> <span class='ocrx_word' id='word_1_142' title='bbox 1034 1895 1069 1944; x_wconf 92' lang='lat' dir='ltr'><strong>D.</strong></span> <span class='ocrx_word' id='word_1_143' title='bbox 1088 1895 1122 1944; x_wconf 83' lang='lat' dir='ltr'><strong>E.</strong></span> <span class='ocrx_word' id='word_1_144' title='bbox 1144 1895 1195 1944; x_wconf 89' lang='lat' dir='ltr'><strong>Est</strong></span> <span class='ocrx_word' id='word_1_145' title='bbox 1212 1896 1283 1944; x_wconf 89' lang='lat' dir='ltr'><strong>cuim</strong></span> 
     </span>
     <span class='ocr_line' id='line_1_17' title="bbox 147 1961 1285 2025; baseline 0.002 -15"><span class='ocrx_word' id='word_1_146' title='bbox 147 1969 245 2013; x_wconf 81' lang='lat' dir='ltr'><strong>ornata</strong></span> <span class='ocrx_word' id='word_1_147' title='bbox 266 1963 366 2025; x_wconf 82' lang='lat' dir='ltr'><strong>videri,</strong></span> <span class='ocrx_word' id='word_1_148' title='bbox 390 1963 499 2013; x_wconf 87' lang='lat' dir='ltr'><strong>minime</strong></span> <span class='ocrx_word' id='word_1_149' title='bbox 518 1967 609 2014; x_wconf 85' lang='lat' dir='ltr'><strong>tamen</strong></span> <span class='ocrx_word' id='word_1_150' title='bbox 627 1963 691 2014; x_wconf 89' lang='lat' dir='ltr'><strong>inde</strong></span> <span class='ocrx_word' id='word_1_151' title='bbox 740 1963 808 2012; x_wconf 90' lang='lat' dir='ltr'><strong>haec</strong></span> <span class='ocrx_word' id='word_1_152' title='bbox 835 1977 888 2012; x_wconf 86' lang='lat' dir='ltr'><strong>vox</strong></span> <span class='ocrx_word' id='word_1_153' title='bbox 916 1967 1010 2013; x_wconf 90' lang='lat' dir='ltr'><strong>nostro</strong></span> <span class='ocrx_word' id='word_1_154' title='bbox 1044 1963 1073 2012; x_wconf 91' lang='lat' dir='ltr'><strong>in</strong></span> <span class='ocrx_word' id='word_1_155' title='bbox 1103 1962 1163 2014; x_wconf 91' lang='lat' dir='ltr'><strong>loco</strong></span> <span class='ocrx_word' id='word_1_156' title='bbox 1193 1961 1285 2014; x_wconf 89' lang='lat' dir='ltr'><strong>latiori</strong></span> 
     </span>
     <span class='ocr_line' id='line_1_18' title="bbox 148 2031 1283 2098; baseline -0.001 -14"><span class='ocrx_word' id='word_1_157' title='bbox 148 2033 241 2098; x_wconf 82' lang='lat' dir='ltr'><strong>colligi</strong></span> <span class='ocrx_word' id='word_1_158' title='bbox 269 2033 383 2098; x_wconf 92' lang='lat' dir='ltr'><strong>poterit,</strong></span> <span class='ocrx_word' id='word_1_159' title='bbox 411 2037 498 2082; x_wconf 87' lang='lat' dir='ltr'><strong>totum</strong></span> <span class='ocrx_word' id='word_1_160' title='bbox 528 2039 690 2084; x_wconf 83' lang='lat' dir='ltr'><strong>conventum</strong></span> <span class='ocrx_word' id='word_1_161' title='bbox 741 2047 823 2083; x_wconf 90' lang='lat' dir='ltr'><strong>seusu</strong></span> <span class='ocrx_word' id='word_1_162' title='bbox 853 2033 1012 2098; x_wconf 87' lang='lat' dir='ltr'><strong>accipienda</strong></span> <span class='ocrx_word' id='word_1_163' title='bbox 1041 2031 1074 2082; x_wconf 90' lang='lat' dir='ltr'><strong>de</strong></span> <span class='ocrx_word' id='word_1_164' title='bbox 1102 2033 1175 2084; x_wconf 88' lang='lat' dir='ltr'><strong>omni</strong></span> <span class='ocrx_word' id='word_1_165' title='bbox 1201 2034 1283 2083; x_wconf 86' lang='lat' dir='ltr'><strong>animi</strong></span> 
     </span>
     <span class='ocr_line' id='line_1_19' title="bbox 147 2101 1283 2168; baseline 0.002 -16"><span class='ocrx_word' id='word_1_166' title='bbox 147 2103 289 2168; x_wconf 87' lang='lat' dir='ltr'><strong>ipsumque</strong></span> <span class='ocrx_word' id='word_1_167' title='bbox 304 2101 466 2166; x_wconf 90' lang='lat' dir='ltr'><strong>colloquium</strong></span> <span class='ocrx_word' id='word_1_168' title='bbox 478 2119 588 2168; x_wconf 89' lang='lat' dir='ltr'><strong>prorsus</strong></span> <span class='ocrx_word' id='word_1_169' title='bbox 597 2103 689 2155; x_wconf 84' lang='lat' dir='ltr'><strong>fictam</strong></span> <span class='ocrx_word' id='word_1_170' title='bbox 740 2103 892 2168; x_wconf 88' lang='lat' dir='ltr'><strong>mentisque</strong></span> <span class='ocrx_word' id='word_1_171' title='bbox 919 2119 985 2154; x_wconf 87' lang='lat' dir='ltr'><strong>cura</strong></span> <span class='ocrx_word' id='word_1_172' title='bbox 1015 2119 1048 2154; x_wconf 89' lang='lat' dir='ltr'><strong>ac</strong></span> <span class='ocrx_word' id='word_1_173' title='bbox 1073 2101 1283 2158; x_wconf 73' lang='lat' dir='ltr'><strong>studiosarum</strong></span> 
     </span>
     <span class='ocr_line' id='line_1_20' title="bbox 148 2173 1281 2239; baseline 0.004 -17"><span class='ocrx_word' id='word_1_174' title='bbox 148 2188 209 2222; x_wconf 88' lang='lat' dir='ltr'><strong>esse</strong></span> <span class='ocrx_word' id='word_1_175' title='bbox 224 2189 241 2222; x_wconf 87' lang='lat' dir='ltr'><strong>a</strong></span> <span class='ocrx_word' id='word_1_176' title='bbox 257 2174 389 2237; x_wconf 82' lang='lat' dir='ltr'><strong>scriptore</strong></span> <span class='ocrx_word' id='word_1_177' title='bbox 407 2177 464 2223; x_wconf 91' lang='lat' dir='ltr'><strong>tam</strong></span> <span class='ocrx_word' id='word_1_178' title='bbox 486 2175 690 2224; x_wconf 88' lang='lat' dir='ltr'><strong>accuratissimo</strong></span> <span class='ocrx_word' id='word_1_179' title='bbox 741 2189 839 2236; x_wconf 88' lang='lat' dir='ltr'><strong>rerum,</strong></span> <span class='ocrx_word' id='word_1_180' title='bbox 852 2188 919 2238; x_wconf 84' lang='lat' dir='ltr'><strong>quas</strong></span> <span class='ocrx_word' id='word_1_181' title='bbox 935 2173 1069 2224; x_wconf 87' lang='lat' dir='ltr'><strong>hominem</strong></span> <span class='ocrx_word' id='word_1_182' title='bbox 1084 2173 1154 2224; x_wconf 89' lang='lat' dir='ltr'><strong>scire</strong></span> <span class='ocrx_word' id='word_1_183' title='bbox 1165 2177 1281 2239; x_wconf 77' lang='lat' dir='ltr'><strong>oportet.</strong></span> 
     </span>
     <span class='ocr_line' id='line_1_21' title="bbox 149 2241 1282 2311; baseline 0.004 -19"><span class='ocrx_word' id='word_1_184' title='bbox 149 2247 232 2308; x_wconf 86' lang='lat' dir='ltr'><strong>utque</strong></span> <span class='ocrx_word' id='word_1_185' title='bbox 250 2241 457 2308; x_wconf 81' lang='lat' dir='ltr'><strong>diligentissimo</strong></span> <span class='ocrx_word' id='word_1_186' title='bbox 471 2259 551 2309; x_wconf 90' lang='lat' dir='ltr'><strong>quam</strong></span> <span class='ocrx_word' id='word_1_187' title='bbox 567 2245 690 2296; x_wconf 84' lang='lat' dir='ltr'><strong>varietu-</strong></span> <span class='ocrx_word' id='word_1_188' title='bbox 741 2243 821 2294; x_wconf 78' lang='lat' dir='ltr'><strong>Cous.</strong></span> <span class='ocrx_word' id='word_1_189' title='bbox 840 2243 942 2294; x_wconf 78' lang='lat' dir='ltr'><strong>Jacobs</strong></span> <span class='ocrx_word' id='word_1_190' title='bbox 961 2243 996 2294; x_wconf 91' lang='lat' dir='ltr'><strong>ad</strong></span> <span class='ocrx_word' id='word_1_191' title='bbox 1014 2243 1119 2295; x_wconf 83' lang='lat' dir='ltr'><strong>Acliau.</strong></span> <span class='ocrx_word' id='word_1_192' title='bbox 1139 2245 1173 2296; x_wconf 82' lang='lat' dir='ltr'><strong>N.</strong></span> <span class='ocrx_word' id='word_1_193' title='bbox 1186 2245 1219 2295; x_wconf 83' lang='grc' dir='ltr'><strong>Δ.</strong></span> <span class='ocrx_word' id='word_1_194' title='bbox 1233 2245 1282 2311; x_wconf 89' lang='lat' dir='ltr'><strong>VI,</strong></span> 
     </span>
     <span class='ocr_line' id='line_1_22' title="bbox 149 2311 1283 2378; baseline 0.004 -17"><span class='ocrx_word' id='word_1_195' title='bbox 149 2313 304 2363; x_wconf 90' lang='lat' dir='ltr'><strong>diosissimo</strong></span> <span class='ocrx_word' id='word_1_196' title='bbox 321 2311 427 2377; x_wconf 85' lang='lat' dir='ltr'><strong>fideque</strong></span> <span class='ocrx_word' id='word_1_197' title='bbox 450 2312 619 2378; x_wconf 84' lang='lat' dir='ltr'><strong>dignissimo.</strong></span> <span class='ocrx_word' id='word_1_198' title='bbox 740 2313 783 2365; x_wconf 86' lang='lat'><strong>36.</strong></span> <span class='ocrx_word' id='word_1_199' title='bbox 804 2312 948 2365; x_wconf 73' lang='lat' dir='ltr'><strong>Additur.</strong></span> <span class='ocrx_word' id='word_1_200' title='bbox 975 2314 1064 2364; x_wconf 88' lang='lat' dir='ltr'><strong>locum</strong></span> <span class='ocrx_word' id='word_1_201' title='bbox 1087 2313 1227 2366; x_wconf 87' lang='lat' dir='ltr'><strong>Iamblich.</strong></span> <span class='ocrx_word' id='word_1_202' title='bbox 1249 2315 1283 2366; x_wconf 91' lang='lat' dir='ltr'><strong>dc</strong></span> 
     </span>
    </p>

    <p class='ocr_par' dir='ltr' id='par_1_4' title="bbox 147 2371 1286 3562">
     <span class='ocr_line' id='line_1_23' title="bbox 184 2371 1280 2450; baseline 0.005 -19"><span class='ocrx_word' id='word_1_203' title='bbox 184 2371 213 2440; x_wconf 83' lang='grc' dir='ltr'><strong>ές</strong></span> <span class='ocrx_word' id='word_1_204' title='bbox 224 2379 368 2446; x_wconf 74' lang='grc' dir='ltr'><strong><em>Αἴγυπτον</em></strong></span> <span class='ocrx_word' id='word_1_205' title='bbox 383 2373 500 2431; x_wconf 77' lang='grc' dir='ltr'><strong><em>ἀπίκετο</em></strong></span> <span class='ocrx_word' id='word_1_206' title='bbox 519 2377 597 2448; x_wconf 75' lang='grc' dir='ltr'><strong><em>παρὰ</em></strong></span> <span class='ocrx_word' id='word_1_207' title='bbox 608 2376 690 2449; x_wconf 76' lang='lat' dir='ltr'><strong>&#39;Apa-</strong></span> <span class='ocrx_word' id='word_1_208' title='bbox 740 2384 796 2434; x_wconf 84' lang='lat' dir='ltr'><strong>vit.</strong></span> <span class='ocrx_word' id='word_1_209' title='bbox 814 2383 963 2450; x_wconf 84' lang='lat' dir='ltr'><strong>Pythagor.</strong></span> <span class='ocrx_word' id='word_1_210' title='bbox 982 2401 1006 2436; x_wconf 93' lang='lat' dir='ltr'><strong>c.</strong></span> <span class='ocrx_word' id='word_1_211' title='bbox 1025 2385 1078 2434; x_wconf 88' lang='lat'><strong>111.</strong></span> <span class='ocrx_word' id='word_1_212' title='bbox 1097 2387 1123 2447; x_wconf 60' lang='grc' dir='ltr'><strong>ᾖ.</strong></span> <span class='ocrx_word' id='word_1_213' title='bbox 1146 2387 1187 2436; x_wconf 88' lang='grc'><strong>14.</strong></span> <span class='ocrx_word' id='word_1_214' title='bbox 1207 2401 1233 2450; x_wconf 91' lang='lat' dir='ltr'><strong>p.</strong></span> <span class='ocrx_word' id='word_1_215' title='bbox 1250 2386 1280 2437; x_wconf 95' lang='lat' dir='ltr'><strong>ll</strong></span> 
     </span>
     <span class='ocr_line' id='line_1_24' title="bbox 149 2451 1284 2519; baseline 0.002 -17"><span class='ocrx_word' id='word_1_216' title='bbox 149 2451 206 2518; x_wconf 88' lang='grc' dir='ltr'><strong><em>σιν]</em></strong></span> <span class='ocrx_word' id='word_1_217' title='bbox 226 2451 308 2502; x_wconf 85' lang='lat' dir='ltr'><strong>Haud</strong></span> <span class='ocrx_word' id='word_1_218' title='bbox 325 2451 404 2502; x_wconf 87' lang='lat' dir='ltr'><strong>alitor</strong></span> <span class='ocrx_word' id='word_1_219' title='bbox 417 2451 556 2504; x_wconf 84' lang='lat' dir='ltr'><strong>Plutarch.</strong></span> <span class='ocrx_word' id='word_1_220' title='bbox 571 2455 627 2505; x_wconf 83' lang='lat' dir='ltr'><strong>vir.</strong></span> <span class='ocrx_word' id='word_1_221' title='bbox 641 2455 690 2505; x_wconf 85' lang='lat' dir='ltr'><strong>So·</strong></span> <span class='ocrx_word' id='word_1_222' title='bbox 742 2453 784 2504; x_wconf 87' lang='lat' dir='ltr'><strong>ed.</strong></span> <span class='ocrx_word' id='word_1_223' title='bbox 796 2454 934 2517; x_wconf 85' lang='lat' dir='ltr'><strong>Kuestcr.,</strong></span> <span class='ocrx_word' id='word_1_224' title='bbox 952 2454 999 2504; x_wconf 91' lang='lat' dir='ltr'><strong>nbi</strong></span> <span class='ocrx_word' id='word_1_225' title='bbox 1016 2454 1102 2506; x_wconf 82' lang='lat' dir='ltr'><strong>multo</strong></span> <span class='ocrx_word' id='word_1_226' title='bbox 1118 2454 1163 2504; x_wconf 91' lang='lat' dir='ltr'><strong>ille</strong></span> <span class='ocrx_word' id='word_1_227' title='bbox 1182 2454 1284 2519; x_wconf 87' lang='lat' dir='ltr'><strong>templa</strong></span> 
     </span>
     <span class='ocr_line' id='line_1_25' title="bbox 149 2520 1283 2589; baseline 0 -17"><span class='ocrx_word' id='word_1_228' title='bbox 149 2522 206 2572; x_wconf 91' lang='lat' dir='ltr'><strong>lon.</strong></span> <span class='ocrx_word' id='word_1_229' title='bbox 236 2523 270 2572; x_wconf 80' lang='lat'><strong>26</strong></span> <span class='ocrx_word' id='word_1_230' title='bbox 300 2522 396 2572; x_wconf 76' lang='lat' dir='ltr'><strong>scribit</strong></span> <span class='ocrx_word' id='word_1_231' title='bbox 422 2521 549 2573; x_wconf 84' lang='lat' dir='ltr'><strong>Solonem</strong></span> <span class='ocrx_word' id='word_1_232' title='bbox 578 2523 690 2574; x_wconf 87' lang='lat' dir='ltr'><strong>consilio</strong></span> <span class='ocrx_word' id='word_1_233' title='bbox 742 2523 837 2574; x_wconf 81' lang='lat' dir='ltr'><strong>scribit</strong></span> <span class='ocrx_word' id='word_1_234' title='bbox 859 2523 1044 2589; x_wconf 82' lang='lat' dir='ltr'><strong>Pythagoram</strong></span> <span class='ocrx_word' id='word_1_235' title='bbox 1072 2523 1174 2575; x_wconf 85' lang='lat' dir='ltr'><strong>adiisse</strong></span> <span class='ocrx_word' id='word_1_236' title='bbox 1201 2520 1283 2589; x_wconf 75' lang='grc' dir='ltr'><strong><em>ἔρωτι</em></strong></span> 
     </span>
     <span class='ocr_line' id='line_1_26' title="bbox 148 2584 1082 2658; baseline 0.001 -16"><span class='ocrx_word' id='word_1_237' title='bbox 148 2591 264 2643; x_wconf 82' lang='lat' dir='ltr'><strong>Athenis</strong></span> <span class='ocrx_word' id='word_1_238' title='bbox 288 2591 445 2642; x_wconf 90' lang='lat' dir='ltr'><strong>discedendi</strong></span> <span class='ocrx_word' id='word_1_239' title='bbox 472 2597 500 2642; x_wconf 90' lang='lat' dir='ltr'><strong>et</strong></span> <span class='ocrx_word' id='word_1_240' title='bbox 526 2609 575 2658; x_wconf 89' lang='lat' dir='ltr'><strong>per</strong></span> <span class='ocrx_word' id='word_1_241' title='bbox 599 2593 691 2644; x_wconf 90' lang='lat' dir='ltr'><strong>decem</strong></span> <span class='ocrx_word' id='word_1_242' title='bbox 741 2589 789 2642; x_wconf 76' lang='lat' dir='ltr'><strong>sol</strong></span> <span class='ocrx_word' id='word_1_243' title='bbox 806 2584 897 2656; x_wconf 77' lang='grc' dir='ltr'><strong><em>ὀρέξει</em></strong></span> <span class='ocrx_word' id='word_1_244' title='bbox 916 2592 1082 2657; x_wconf 79' lang='grc' dir='ltr'><strong><em>θεωρίας.</em></strong></span> 
     </span>
     <span class='ocr_line' id='line_1_27' title="bbox 149 2649 1283 2730; baseline -0.002 -18"><span class='ocrx_word' id='word_1_245' title='bbox 149 2678 235 2713; x_wconf 87' lang='lat' dir='ltr'><strong>annos</strong></span> <span class='ocrx_word' id='word_1_246' title='bbox 256 2660 445 2727; x_wconf 76' lang='lat' dir='ltr'><strong>proficiscendi</strong></span> <span class='ocrx_word' id='word_1_247' title='bbox 473 2668 553 2728; x_wconf 90' lang='lat' dir='ltr'><strong>capto</strong></span> <span class='ocrx_word' id='word_1_248' title='bbox 577 2665 692 2730; x_wconf 89' lang='lat' dir='ltr'><strong>primum</strong></span> <span class='ocrx_word' id='word_1_249' title='bbox 777 2659 832 2711; x_wconf 80' lang='grc' dir='ltr'><strong>νῦν</strong></span> <span class='ocrx_word' id='word_1_250' title='bbox 855 2649 897 2712; x_wconf 70' lang='grc' dir='ltr'><strong>οἶν</strong></span> <span class='ocrx_word' id='word_1_251' title='bbox 924 2660 1020 2727; x_wconf 70' lang='grc' dir='ltr'><strong><em>ἵμερος</em></strong></span> <span class='ocrx_word' id='word_1_252' title='bbox 1042 2653 1211 2728; x_wconf 80' lang='grc' dir='ltr'><strong><em>έπείρεσθαί</em></strong></span> <span class='ocrx_word' id='word_1_253' title='bbox 1234 2675 1283 2726; x_wconf 89' lang='grc' dir='ltr'><strong>μοι</strong></span> 
     </span>
     <span class='ocr_line' id='line_1_28' title="bbox 149 2721 1283 2814; baseline 0 -32"><span class='ocrx_word' id='word_1_254' title='bbox 149 2731 185 2782; x_wconf 86' lang='lat' dir='ltr'><strong>cd</strong></span> <span class='ocrx_word' id='word_1_255' title='bbox 209 2734 362 2798; x_wconf 80' lang='lat' dir='ltr'><strong>Aegyptum</strong></span> <span class='ocrx_word' id='word_1_256' title='bbox 384 2733 554 2796; x_wconf 83' lang='lat' dir='ltr'><strong>pervenisse:</strong></span> <span class='ocrx_word' id='word_1_257' title='bbox 580 2731 694 2798; x_wconf 81' lang='grc' dir='ltr'><strong><em>πρῶτον</em></strong></span> <span class='ocrx_word' id='word_1_258' title='bbox 742 2721 861 2814; x_wconf 62' lang='lat' dir='ltr'><strong>invit-ds]</strong></span> <span class='ocrx_word' id='word_1_259' title='bbox 873 2731 1048 2797; x_wconf 87' lang='lat' dir='ltr'><strong>Plerumque:</strong></span> <span class='ocrx_word' id='word_1_260' title='bbox 1066 2723 1236 2794; x_wconf 82' lang='grc' dir='ltr'><strong><em>έπείρεσθαί</em></strong></span> <span class='ocrx_word' id='word_1_261' title='bbox 1249 2745 1283 2796; x_wconf 85' lang='grc' dir='ltr'><strong>με</strong></span> 
     </span>
     <span class='ocr_line' id='line_1_29' title="bbox 147 2792 1283 2867; baseline -0.002 -15"><span class='ocrx_word' id='word_1_262' title='bbox 147 2796 201 2866; x_wconf 67' lang='grc' dir='ltr'><strong>μὲν</strong></span> <span class='ocrx_word' id='word_1_263' title='bbox 219 2794 273 2851; x_wconf 80' lang='lat' dir='ltr'><strong>obv</strong></span> <span class='ocrx_word' id='word_1_264' title='bbox 293 2797 335 2860; x_wconf 83' lang='grc' dir='ltr'><strong>είς</strong></span> <span class='ocrx_word' id='word_1_265' title='bbox 353 2799 497 2865; x_wconf 80' lang='grc' dir='ltr'><strong><em>Αἴγυπτον</em></strong></span> <span class='ocrx_word' id='word_1_266' title='bbox 513 2794 632 2867; x_wconf 80' lang='grc' dir='ltr'><strong><em>ἀφίκετο</em></strong></span> <span class='ocrx_word' id='word_1_267' title='bbox 644 2795 693 2851; x_wconf 82' lang='grc' dir='ltr'><strong>καλ</strong></span> <span class='ocrx_word' id='word_1_268' title='bbox 742 2792 850 2866; x_wconf 71' lang='grc' dir='ltr'><strong><em>ἐπῆλθε</em></strong></span> <span class='ocrx_word' id='word_1_269' title='bbox 868 2815 906 2852; x_wconf 86' lang='grc' dir='ltr'><strong>σε.</strong></span> <span class='ocrx_word' id='word_1_270' title='bbox 926 2803 1004 2865; x_wconf 85' lang='lat' dir='ltr'><strong>Quod</strong></span> <span class='ocrx_word' id='word_1_271' title='bbox 1019 2817 1070 2852; x_wconf 90' lang='lat' dir='ltr'><strong>nos</strong></span> <span class='ocrx_word' id='word_1_272' title='bbox 1088 2801 1219 2864; x_wconf 88' lang='lat' dir='ltr'><strong>dedimus,</strong></span> <span class='ocrx_word' id='word_1_273' title='bbox 1230 2817 1283 2851; x_wconf 89' lang='lat' dir='ltr'><strong>me·</strong></span> 
     </span>
     <span class='ocr_line' id='line_1_30' title="bbox 149 2868 1284 2938; baseline 0 -18"><span class='ocrx_word' id='word_1_274' title='bbox 149 2868 305 2935; x_wconf 82' lang='grc' dir='ltr'><strong><em>διέτριψεν.</em></strong></span> <span class='ocrx_word' id='word_1_275' title='bbox 343 2871 385 2922; x_wconf 83' lang='lat' dir='ltr'><strong>Ab</strong></span> <span class='ocrx_word' id='word_1_276' title='bbox 411 2872 536 2938; x_wconf 82' lang='lat' dir='ltr'><strong>Aegypto</strong></span> <span class='ocrx_word' id='word_1_277' title='bbox 560 2874 624 2924; x_wconf 82' lang='lat' dir='ltr'><strong>navi</strong></span> <span class='ocrx_word' id='word_1_278' title='bbox 648 2887 693 2922; x_wconf 84' lang='lat' dir='ltr'><strong>ve·</strong></span> <span class='ocrx_word' id='word_1_279' title='bbox 742 2871 824 2920; x_wconf 90' lang='lat' dir='ltr'><strong>liores</strong></span> <span class='ocrx_word' id='word_1_280' title='bbox 854 2871 970 2922; x_wconf 80' lang='lat' dir='ltr'><strong>offerunt</strong></span> <span class='ocrx_word' id='word_1_281' title='bbox 1001 2871 1065 2922; x_wconf 90' lang='lat' dir='ltr'><strong>libri</strong></span> <span class='ocrx_word' id='word_1_282' title='bbox 1098 2872 1284 2922; x_wconf 82' lang='lat' dir='ltr'><strong>consentiente</strong></span> 
     </span>
     <span class='ocr_line' id='line_1_31' title="bbox 149 2939 1284 3008; baseline -0.004 -16"><span class='ocrx_word' id='word_1_283' title='bbox 149 2947 210 2992; x_wconf 88' lang='lat' dir='ltr'><strong>ctus</strong></span> <span class='ocrx_word' id='word_1_284' title='bbox 237 2941 272 2991; x_wconf 86' lang='lat' dir='ltr'><strong>ed</strong></span> <span class='ocrx_word' id='word_1_285' title='bbox 301 2940 420 3007; x_wconf 81' lang='lat' dir='ltr'><strong>Cyprum</strong></span> <span class='ocrx_word' id='word_1_286' title='bbox 448 2942 552 3008; x_wconf 89' lang='lat' dir='ltr'><strong>appulit</strong></span> <span class='ocrx_word' id='word_1_287' title='bbox 576 2942 693 3008; x_wconf 89' lang='lat' dir='ltr'><strong>indeque</strong></span> <span class='ocrx_word' id='word_1_288' title='bbox 742 2941 872 2992; x_wconf 85' lang='lat' dir='ltr'><strong>Valckeu.</strong></span> <span class='ocrx_word' id='word_1_289' title='bbox 892 2942 927 2992; x_wconf 88' lang='lat' dir='ltr'><strong>ad</strong></span> <span class='ocrx_word' id='word_1_290' title='bbox 945 2941 1008 3004; x_wconf 87' lang='lat' dir='ltr'><strong>VH,</strong></span> <span class='ocrx_word' id='word_1_291' title='bbox 1031 2941 1074 2990; x_wconf 82' lang='grc'><strong>46.</strong></span> <span class='ocrx_word' id='word_1_292' title='bbox 1102 2956 1134 2990; x_wconf 82' lang='lat' dir='ltr'><strong>ac</strong></span> <span class='ocrx_word' id='word_1_293' title='bbox 1152 2939 1284 2990; x_wconf 85' lang='lat' dir='ltr'><strong>recentio-</strong></span> 
     </span>
     <span class='ocr_line' id='line_1_32' title="bbox 149 3009 1286 3079; baseline -0.004 -16"><span class='ocrx_word' id='word_1_294' title='bbox 149 3010 249 3063; x_wconf 81' lang='lat' dir='ltr'><strong>Sardes</strong></span> <span class='ocrx_word' id='word_1_295' title='bbox 284 3010 319 3060; x_wconf 88' lang='lat' dir='ltr'><strong>sd</strong></span> <span class='ocrx_word' id='word_1_296' title='bbox 351 3011 480 3062; x_wconf 81' lang='lat' dir='ltr'><strong>Croesum</strong></span> <span class='ocrx_word' id='word_1_297' title='bbox 514 3029 544 3064; x_wconf 88' lang='lat' dir='ltr'><strong>se</strong></span> <span class='ocrx_word' id='word_1_298' title='bbox 578 3012 690 3079; x_wconf 87' lang='lat' dir='ltr'><strong>recepit.</strong></span> <span class='ocrx_word' id='word_1_299' title='bbox 741 3011 817 3061; x_wconf 87' lang='lat' dir='ltr'><strong>ribus</strong></span> <span class='ocrx_word' id='word_1_300' title='bbox 835 3011 994 3075; x_wconf 87' lang='lat' dir='ltr'><strong>editoribus,</strong></span> <span class='ocrx_word' id='word_1_301' title='bbox 1012 3009 1110 3077; x_wconf 87' lang='lat' dir='ltr'><strong>quibus</strong></span> <span class='ocrx_word' id='word_1_302' title='bbox 1128 3009 1286 3074; x_wconf 83' lang='lat' dir='ltr'><strong>addoWyt-</strong></span> 
     </span>
     <span class='ocr_line' id='line_1_33' title="bbox 148 3077 1283 3151; baseline -0.002 -19"><span class='ocrx_word' id='word_1_303' title='bbox 148 3081 267 3144; x_wconf 79' lang='lat' dir='ltr'><strong>Amasis,</strong></span> <span class='ocrx_word' id='word_1_304' title='bbox 287 3097 365 3146; x_wconf 86' lang='lat' dir='ltr'><strong>quem</strong></span> <span class='ocrx_word' id='word_1_305' title='bbox 377 3081 441 3132; x_wconf 81' lang='lat' dir='ltr'><strong>Solo</strong></span> <span class='ocrx_word' id='word_1_306' title='bbox 459 3082 562 3147; x_wconf 83' lang='lat' dir='ltr'><strong>inrisit,</strong></span> <span class='ocrx_word' id='word_1_307' title='bbox 579 3097 692 3151; x_wconf 75' lang='lat' dir='ltr'><strong>reguum</strong></span> <span class='ocrx_word' id='word_1_308' title='bbox 742 3081 817 3132; x_wconf 87' lang='lat' dir='ltr'><strong>tenb.</strong></span> <span class='ocrx_word' id='word_1_309' title='bbox 839 3081 867 3132; x_wconf 88' lang='lat' dir='ltr'><strong>in</strong></span> <span class='ocrx_word' id='word_1_310' title='bbox 894 3081 1005 3134; x_wconf 87' lang='lat' dir='ltr'><strong>Selectt.</strong></span> <span class='ocrx_word' id='word_1_311' title='bbox 1034 3081 1143 3132; x_wconf 88' lang='lat' dir='ltr'><strong>historr.</strong></span> <span class='ocrx_word' id='word_1_312' title='bbox 1172 3096 1199 3145; x_wconf 94' lang='lat' dir='ltr'><strong>p.</strong></span> <span class='ocrx_word' id='word_1_313' title='bbox 1223 3077 1283 3142; x_wconf 82' lang='grc'><strong><em>346,</em></strong></span> 
     </span>
     <span class='ocr_line' id='line_1_34' title="bbox 150 3148 1282 3230; baseline -0.002 -30"><span class='ocrx_word' id='word_1_314' title='bbox 150 3152 273 3217; x_wconf 86' lang='lat' dir='ltr'><strong>suscepit</strong></span> <span class='ocrx_word' id='word_1_315' title='bbox 290 3150 398 3218; x_wconf 77' lang='lat' dir='ltr'><strong>Olymp.</strong></span> <span class='ocrx_word' id='word_1_316' title='bbox 416 3152 478 3215; x_wconf 87' lang='lat' dir='ltr'>LII,</span> <span class='ocrx_word' id='word_1_317' title='bbox 499 3154 515 3206; x_wconf 88' lang='lat'><strong>3</strong></span> <span class='ocrx_word' id='word_1_318' title='bbox 533 3170 555 3204; x_wconf 88' lang='lat' dir='ltr'><strong>s.</strong></span> <span class='ocrx_word' id='word_1_319' title='bbox 575 3157 691 3206; x_wconf 89' lang='lat' dir='ltr'><strong>excunte</strong></span> <span class='ocrx_word' id='word_1_320' title='bbox 742 3152 788 3230; x_wconf 69' lang='lat' dir='ltr'><strong>qqi</strong></span> <span class='ocrx_word' id='word_1_321' title='bbox 806 3151 893 3202; x_wconf 88' lang='lat' dir='ltr'><strong>simile</strong></span> <span class='ocrx_word' id='word_1_322' title='bbox 904 3151 1042 3216; x_wconf 80' lang='lat' dir='ltr'><strong>Euripidis</strong></span> <span class='ocrx_word' id='word_1_323' title='bbox 1061 3149 1129 3202; x_wconf 91' lang='lat' dir='ltr'><strong>illud</strong></span> <span class='ocrx_word' id='word_1_324' title='bbox 1149 3149 1222 3202; x_wconf 90' lang='lat' dir='ltr'><strong>Med.</strong></span> <span class='ocrx_word' id='word_1_325' title='bbox 1235 3148 1282 3202; x_wconf 72' lang='lat'><strong>562</strong></span> 
     </span>
     <span class='ocr_line' id='line_1_35' title="bbox 150 3211 1282 3286; baseline -0.003 -14"><span class='ocrx_word' id='word_1_326' title='bbox 150 3237 222 3272; x_wconf 87' lang='lat' dir='ltr'><strong>anno</strong></span> <span class='ocrx_word' id='word_1_327' title='bbox 253 3221 305 3272; x_wconf 77' lang='lat'><strong>570</strong></span> <span class='ocrx_word' id='word_1_328' title='bbox 335 3221 377 3272; x_wconf 84' lang='lat' dir='ltr'><strong>vel</strong></span> <span class='ocrx_word' id='word_1_329' title='bbox 410 3222 520 3274; x_wconf 85' lang='lat' dir='ltr'><strong>ineunte</strong></span> <span class='ocrx_word' id='word_1_330' title='bbox 552 3225 603 3276; x_wconf 74' lang='lat'><strong>569</strong></span> <span class='ocrx_word' id='word_1_331' title='bbox 627 3227 691 3276; x_wconf 84' lang='lat' dir='ltr'><strong>ante</strong></span> <span class='ocrx_word' id='word_1_332' title='bbox 748 3212 822 3271; x_wconf 76' lang='grc' dir='ltr'><strong><em>ποθ’</em></strong></span> <span class='ocrx_word' id='word_1_333' title='bbox 847 3213 944 3286; x_wconf 75' lang='grc' dir='ltr'><strong><em>ἵμερός</em></strong></span> <span class='ocrx_word' id='word_1_334' title='bbox 966 3211 993 3284; x_wconf 83' lang='grc' dir='ltr'><strong>μ’</strong></span> <span class='ocrx_word' id='word_1_335' title='bbox 1020 3211 1134 3285; x_wconf 80' lang='grc' dir='ltr'><strong><em>ὑπῆλθε</em></strong></span> <span class='ocrx_word' id='word_1_336' title='bbox 1161 3235 1187 3270; x_wconf 82' lang='lat' dir='ltr'><strong>a.</strong></span> <span class='ocrx_word' id='word_1_337' title='bbox 1210 3234 1233 3268; x_wconf 91' lang='grc' dir='ltr'><strong>τ.</strong></span> <span class='ocrx_word' id='word_1_338' title='bbox 1258 3217 1282 3269; x_wconf 83' lang='grc' dir='ltr'><strong>λ.</strong></span> 
     </span>
     <span class='ocr_line' id='line_1_36' title="bbox 151 3290 1284 3357; baseline -0.004 -15"><span class='ocrx_word' id='word_1_339' title='bbox 151 3290 215 3342; x_wconf 86' lang='lat' dir='ltr'><strong>Chr.</strong></span> <span class='ocrx_word' id='word_1_340' title='bbox 231 3304 258 3341; x_wconf 92' lang='lat' dir='ltr'><strong>n.</strong></span> <span class='ocrx_word' id='word_1_341' title='bbox 277 3290 339 3342; x_wconf 82' lang='lat' dir='ltr'><strong>Vid.</strong></span> <span class='ocrx_word' id='word_1_342' title='bbox 353 3290 466 3342; x_wconf 78' lang='lat' dir='ltr'><strong>Schultz</strong></span> <span class='ocrx_word' id='word_1_343' title='bbox 477 3291 497 3342; x_wconf 92' lang='lat' dir='ltr'><strong>l.</strong></span> <span class='ocrx_word' id='word_1_344' title='bbox 511 3293 530 3342; x_wconf 93' lang='lat' dir='ltr'><strong>l.</strong></span> <span class='ocrx_word' id='word_1_345' title='bbox 545 3309 572 3357; x_wconf 88' lang='lat' dir='ltr'><strong>p.</strong></span> <span class='ocrx_word' id='word_1_346' title='bbox 591 3296 690 3344; x_wconf 69' lang='lat' dir='ltr'><strong>aanor.</strong></span> <span class='ocrx_word' id='word_1_347' title='bbox 740 3290 844 3353; x_wconf 86' lang='lat' dir='ltr'><strong>laudet,</strong></span> <span class='ocrx_word' id='word_1_348' title='bbox 858 3295 991 3355; x_wconf 77' lang='lat' dir='ltr'><strong>&#39;recteque</strong></span> <span class='ocrx_word' id='word_1_349' title='bbox 1011 3291 1107 3340; x_wconf 82' lang='lat' dir='ltr'><strong>vertit:</strong></span> <span class='ocrx_word' id='word_1_350' title='bbox 1130 3304 1216 3352; x_wconf 82' lang='lat' dir='ltr'><strong>„nuuc</strong></span> <span class='ocrx_word' id='word_1_351' title='bbox 1238 3290 1284 3353; x_wconf 73' lang='lat' dir='ltr'><strong>iqi-</strong></span> 
     </span>
     <span class='ocr_line' id='line_1_37' title="bbox 150 3360 1285 3426; baseline -0.004 -13"><span class='ocrx_word' id='word_1_352' title='bbox 150 3361 195 3413; x_wconf 87' lang='grc'><strong>48.</strong></span> <span class='ocrx_word' id='word_1_353' title='bbox 214 3360 326 3411; x_wconf 82' lang='lat' dir='ltr'><strong>Fischer</strong></span> <span class='ocrx_word' id='word_1_354' title='bbox 342 3361 361 3411; x_wconf 92' lang='lat' dir='ltr'><strong>l.</strong></span> <span class='ocrx_word' id='word_1_355' title='bbox 379 3361 398 3411; x_wconf 94' lang='lat' dir='ltr'><strong>l.</strong></span> <span class='ocrx_word' id='word_1_356' title='bbox 412 3377 440 3426; x_wconf 88' lang='lat' dir='ltr'><strong>p.</strong></span> <span class='ocrx_word' id='word_1_357' title='bbox 459 3361 518 3414; x_wconf 83' lang='lat'><strong>131.</strong></span> <span class='ocrx_word' id='word_1_358' title='bbox 528 3393 563 3402; x_wconf 91' lang='lat'>-</span> <span class='ocrx_word' id='word_1_359' title='bbox 574 3363 606 3412; x_wconf 89' lang='lat' dir='ltr'><strong>In</strong></span> <span class='ocrx_word' id='word_1_360' title='bbox 616 3377 692 3426; x_wconf 88' lang='lat' dir='ltr'><strong>seqq.</strong></span> <span class='ocrx_word' id='word_1_361' title='bbox 742 3369 783 3409; x_wconf 82' lang='lat' dir='ltr'><strong>rar</strong></span> <span class='ocrx_word' id='word_1_362' title='bbox 800 3375 837 3407; x_wconf 86' lang='lat' dir='ltr'><strong>me</strong></span> <span class='ocrx_word' id='word_1_363' title='bbox 853 3361 978 3422; x_wconf 76' lang='lat' dir='ltr'><strong>cupiditas</strong></span> <span class='ocrx_word' id='word_1_364' title='bbox 994 3361 1104 3420; x_wconf 82' lang='lat' dir='ltr'><strong>incessit,</strong></span> <span class='ocrx_word' id='word_1_365' title='bbox 1123 3368 1151 3408; x_wconf 82' lang='lat' dir='ltr'><strong>at</strong></span> <span class='ocrx_word' id='word_1_366' title='bbox 1166 3367 1190 3408; x_wconf 81' lang='lat' dir='ltr'><strong>rc</strong></span> <span class='ocrx_word' id='word_1_367' title='bbox 1208 3360 1285 3408; x_wconf 77' lang='lat' dir='ltr'><strong>inter·</strong></span> 
     </span>
     <span class='ocr_line' id='line_1_38' title="bbox 149 3421 1285 3502; baseline -0.005 -21"><span class='ocrx_word' id='word_1_368' title='bbox 149 3431 185 3481; x_wconf 89' lang='lat' dir='ltr'><strong>ad</strong></span> <span class='ocrx_word' id='word_1_369' title='bbox 214 3432 300 3480; x_wconf 80' lang='lat' dir='ltr'><strong>verba</strong></span> <span class='ocrx_word' id='word_1_370' title='bbox 325 3422 396 3502; x_wconf 63' lang='lat' dir='ltr'><strong>wsb</strong></span> <span class='ocrx_word' id='word_1_371' title='bbox 424 3421 493 3488; x_wconf 80' lang='grc' dir='ltr'><strong><em>τοὺς</em></strong></span> <span class='ocrx_word' id='word_1_372' title='bbox 524 3425 694 3495; x_wconf 78' lang='grc' dir='ltr'><strong><em>θησαυροὺς</em></strong></span> <span class='ocrx_word' id='word_1_373' title='bbox 743 3427 856 3492; x_wconf 78' lang='grc' dir='ltr'><strong><em>τογεοι.“</em></strong></span> <span class='ocrx_word' id='word_1_374' title='bbox 879 3429 922 3477; x_wconf 91' lang='lat' dir='ltr'><strong>Dc</strong></span> <span class='ocrx_word' id='word_1_375' title='bbox 942 3427 1034 3476; x_wconf 84' lang='lat' dir='ltr'><strong>dativo</strong></span> <span class='ocrx_word' id='word_1_376' title='bbox 1060 3427 1132 3476; x_wconf 85' lang='lat' dir='ltr'><strong>coni.</strong></span> <span class='ocrx_word' id='word_1_377' title='bbox 1155 3429 1225 3476; x_wconf 84' lang='lat' dir='ltr'><strong>nott.</strong></span> <span class='ocrx_word' id='word_1_378' title='bbox 1250 3425 1285 3475; x_wconf 84' lang='lat' dir='ltr'><strong>ed</strong></span> 
     </span>
     <span class='ocr_line' id='line_1_39' title="bbox 150 3493 869 3562; baseline -0.011 -10"><span class='ocrx_word' id='word_1_379' title='bbox 150 3499 224 3552; x_wconf 83' lang='lat' dir='ltr'><strong>cons.</strong></span> <span class='ocrx_word' id='word_1_380' title='bbox 243 3505 313 3552; x_wconf 89' lang='lat' dir='ltr'><strong>nott.</strong></span> <span class='ocrx_word' id='word_1_381' title='bbox 333 3499 407 3562; x_wconf 89' lang='lat' dir='ltr'><strong>adl,</strong></span> <span class='ocrx_word' id='word_1_382' title='bbox 426 3501 470 3551; x_wconf 78' lang='lat'><strong>77.</strong></span> <span class='ocrx_word' id='word_1_383' title='bbox 743 3495 807 3556; x_wconf 90' lang='lat' dir='ltr'><strong>VII,</strong></span> <span class='ocrx_word' id='word_1_384' title='bbox 826 3493 869 3546; x_wconf 84' lang='grc'><strong>46.</strong></span> 
     </span>
    </p>

    <p class='ocr_par' dir='ltr' id='par_1_5' title="bbox 150 3551 1291 4403">
     <span class='ocr_line' id='line_1_40' title="bbox 184 3551 1285 3636; baseline -0.007 -18"><span class='ocrx_word' id='word_1_385' title='bbox 184 3563 391 3636; x_wconf 80' lang='grc' dir='ltr'><strong><em>θηησάμενον</em></strong></span> <span class='ocrx_word' id='word_1_386' title='bbox 409 3565 442 3618; x_wconf 77' lang='grc' dir='ltr'><strong>δέ</strong></span> <span class='ocrx_word' id='word_1_387' title='bbox 463 3585 513 3636; x_wconf 88' lang='grc' dir='ltr'><strong>μιν</strong></span> <span class='ocrx_word' id='word_1_388' title='bbox 535 3559 569 3617; x_wconf 80' lang='grc' dir='ltr'><strong>τὰ</strong></span> <span class='ocrx_word' id='word_1_389' title='bbox 585 3558 693 3630; x_wconf 80' lang='grc' dir='ltr'><strong><em>πάντα]</em></strong></span> <span class='ocrx_word' id='word_1_390' title='bbox 779 3561 867 3612; x_wconf 78' lang='grc' dir='ltr'><strong><em>ταῦτα</em></strong></span> <span class='ocrx_word' id='word_1_391' title='bbox 885 3553 1031 3626; x_wconf 65' lang='lat' dir='ltr'><strong>turrentes]</strong></span> <span class='ocrx_word' id='word_1_392' title='bbox 1049 3551 1195 3622; x_wconf 79' lang='grc' dir='ltr'><strong><em>ἐπειρώτα,</em></strong></span> <span class='ocrx_word' id='word_1_393' title='bbox 1214 3560 1285 3625; x_wconf 91' lang='lat' dir='ltr'><strong>quod</strong></span> 
     </span>
     <span class='ocr_line' id='line_1_41' title="bbox 150 3627 1286 3704; baseline -0.009 -14"><span class='ocrx_word' id='word_1_394' title='bbox 150 3635 339 3704; x_wconf 78' lang='grc' dir='ltr'><strong><em>θηησόμενον</em></strong></span> <span class='ocrx_word' id='word_1_395' title='bbox 365 3639 463 3704; x_wconf 86' lang='lat' dir='ltr'><strong>scripsi</strong></span> <span class='ocrx_word' id='word_1_396' title='bbox 492 3655 552 3690; x_wconf 89' lang='lat' dir='ltr'><strong>cum</strong></span> <span class='ocrx_word' id='word_1_397' title='bbox 578 3641 693 3688; x_wconf 88' lang='lat' dir='ltr'><strong>recentt.</strong></span> <span class='ocrx_word' id='word_1_398' title='bbox 745 3649 806 3686; x_wconf 91' lang='lat' dir='ltr'><strong>cum</strong></span> <span class='ocrx_word' id='word_1_399' title='bbox 826 3631 978 3696; x_wconf 80' lang='lat' dir='ltr'><strong>Schweigh.</strong></span> <span class='ocrx_word' id='word_1_400' title='bbox 998 3635 1025 3682; x_wconf 91' lang='lat' dir='ltr'><strong>et</strong></span> <span class='ocrx_word' id='word_1_401' title='bbox 1047 3629 1135 3683; x_wconf 80' lang='lat' dir='ltr'><strong>(laist.</strong></span> <span class='ocrx_word' id='word_1_402' title='bbox 1155 3627 1286 3694; x_wconf 90' lang='lat' dir='ltr'><strong>dedimus,</strong></span> 
     </span>
     <span class='ocr_line' id='line_1_42' title="bbox 152 3699 1287 3771; baseline -0.009 -9"><span class='ocrx_word' id='word_1_403' title='bbox 152 3709 214 3762; x_wconf 92' lang='lat' dir='ltr'><strong>cdd.</strong></span> <span class='ocrx_word' id='word_1_404' title='bbox 237 3709 300 3760; x_wconf 89' lang='lat' dir='ltr'><strong>Vid.</strong></span> <span class='ocrx_word' id='word_1_405' title='bbox 325 3709 360 3759; x_wconf 89' lang='lat' dir='ltr'><strong>ad</strong></span> <span class='ocrx_word' id='word_1_406' title='bbox 383 3709 406 3771; x_wconf 92' lang='lat'><strong>1,</strong></span> <span class='ocrx_word' id='word_1_407' title='bbox 427 3709 458 3760; x_wconf 84' lang='lat'><strong>10</strong></span> <span class='ocrx_word' id='word_1_408' title='bbox 476 3713 581 3760; x_wconf 84' lang='lat' dir='ltr'><strong>notata.</strong></span> <span class='ocrx_word' id='word_1_409' title='bbox 600 3735 635 3745; x_wconf 94' lang='lat'><em>-</em></span> <span class='ocrx_word' id='word_1_410' title='bbox 651 3708 694 3758; x_wconf 90' lang='lat' dir='ltr'><strong>De</strong></span> <span class='ocrx_word' id='word_1_411' title='bbox 745 3723 762 3756; x_wconf 85' lang='lat' dir='ltr'><strong>a</strong></span> <span class='ocrx_word' id='word_1_412' title='bbox 785 3703 896 3754; x_wconf 85' lang='lat' dir='ltr'><strong>dialecti</strong></span> <span class='ocrx_word' id='word_1_413' title='bbox 917 3701 1024 3752; x_wconf 87' lang='lat' dir='ltr'><strong>ratione</strong></span> <span class='ocrx_word' id='word_1_414' title='bbox 1046 3699 1239 3766; x_wconf 83' lang='lat' dir='ltr'><strong>meliorumque</strong></span> <span class='ocrx_word' id='word_1_415' title='bbox 1256 3700 1287 3752; x_wconf 90' lang='lat' dir='ltr'><strong>li-</strong></span> 
     </span>
     <span class='ocr_line' id='line_1_43' title="bbox 151 3768 1285 3846; baseline -0.007 -16"><span class='ocrx_word' id='word_1_416' title='bbox 151 3779 289 3846; x_wconf 82' lang='lat' dir='ltr'><strong>psrticula</strong></span> <span class='ocrx_word' id='word_1_417' title='bbox 304 3771 358 3846; x_wconf 78' lang='grc' dir='ltr'><strong>γὰρ</strong></span> <span class='ocrx_word' id='word_1_418' title='bbox 375 3779 403 3828; x_wconf 91' lang='lat' dir='ltr'><strong>in</strong></span> <span class='ocrx_word' id='word_1_419' title='bbox 421 3791 512 3846; x_wconf 71' lang='lat' dir='ltr'><strong>seqq:</strong></span> <span class='ocrx_word' id='word_1_420' title='bbox 533 3768 602 3844; x_wconf 84' lang='grc' dir='ltr'><strong><em>παρ’</em></strong></span> <span class='ocrx_word' id='word_1_421' title='bbox 620 3768 695 3843; x_wconf 83' lang='grc' dir='ltr'><strong><em>ἡμᾶς</em></strong></span> <span class='ocrx_word' id='word_1_422' title='bbox 742 3777 853 3833; x_wconf 88' lang='lat' dir='ltr'><strong>brorum</strong></span> <span class='ocrx_word' id='word_1_423' title='bbox 881 3771 1045 3823; x_wconf 87' lang='lat' dir='ltr'><strong>auctoritate</strong></span> <span class='ocrx_word' id='word_1_424' title='bbox 1074 3771 1285 3824; x_wconf 87' lang='lat' dir='ltr'><strong>commendatur.</strong></span> 
     </span>
     <span class='ocr_line' id='line_1_44' title="bbox 150 3839 1285 3924; baseline -0.004 -23"><span class='ocrx_word' id='word_1_425' title='bbox 150 3843 205 3916; x_wconf 79' lang='grc' dir='ltr'><strong>γὰρ</strong></span> <span class='ocrx_word' id='word_1_426' title='bbox 223 3845 289 3913; x_wconf 78' lang='grc' dir='ltr'><strong><em>περὶ</em></strong></span> <span class='ocrx_word' id='word_1_427' title='bbox 312 3847 359 3899; x_wconf 82' lang='grc' dir='ltr'><strong>σέο</strong></span> <span class='ocrx_word' id='word_1_428' title='bbox 378 3839 460 3914; x_wconf 83' lang='grc' dir='ltr'><strong><em>λόγος</em></strong></span> <span class='ocrx_word' id='word_1_429' title='bbox 481 3841 600 3908; x_wconf 71' lang='grc' dir='ltr'><strong><em>ἀπίεται</em></strong></span> <span class='ocrx_word' id='word_1_430' title='bbox 618 3847 692 3900; x_wconf 85' lang='lat' dir='ltr'><strong>conf.</strong></span> <span class='ocrx_word' id='word_1_431' title='bbox 744 3846 823 3902; x_wconf 81' lang='lat' dir='ltr'><strong>Ocni.</strong></span> <span class='ocrx_word' id='word_1_432' title='bbox 843 3845 865 3908; x_wconf 87' lang='lat'><strong>1,</strong></span> <span class='ocrx_word' id='word_1_433' title='bbox 881 3843 913 3896; x_wconf 78' lang='lat'><strong>31</strong></span> <span class='ocrx_word' id='word_1_434' title='bbox 933 3843 970 3896; x_wconf 90' lang='lat' dir='ltr'><strong>iu.</strong></span> <span class='ocrx_word' id='word_1_435' title='bbox 993 3847 1020 3893; x_wconf 92' lang='lat' dir='ltr'><strong>et</strong></span> <span class='ocrx_word' id='word_1_436' title='bbox 1043 3842 1108 3924; x_wconf 40' lang='lat' dir='ltr'><strong>vid‘:</strong></span> <span class='ocrx_word' id='word_1_437' title='bbox 1121 3841 1237 3896; x_wconf 86' lang='lat' dir='ltr'><strong>Bredov.</strong></span> <span class='ocrx_word' id='word_1_438' title='bbox 1257 3859 1285 3910; x_wconf 89' lang='lat' dir='ltr'><strong>p.</strong></span> 
     </span>
     <span class='ocr_line' id='line_1_45' title="bbox 152 3906 1288 3986; baseline -0.006 -15"><span class='ocrx_word' id='word_1_439' title='bbox 152 3935 236 3986; x_wconf 76' lang='lat' dir='ltr'><strong>supra</strong></span> <span class='ocrx_word' id='word_1_440' title='bbox 252 3919 287 3970; x_wconf 87' lang='lat' dir='ltr'><strong>sd</strong></span> <span class='ocrx_word' id='word_1_441' title='bbox 304 3919 327 3982; x_wconf 94' lang='lat' dir='ltr'><strong>I,</strong></span> <span class='ocrx_word' id='word_1_442' title='bbox 346 3917 371 3968; x_wconf 82' lang='lat'><strong>8.</strong></span> <span class='ocrx_word' id='word_1_443' title='bbox 391 3921 434 3968; x_wconf 81' lang='lat'><strong>24.</strong></span> <span class='ocrx_word' id='word_1_444' title='bbox 452 3919 600 3984; x_wconf 83' lang='lat' dir='ltr'><strong>disputata.</strong></span> <span class='ocrx_word' id='word_1_445' title='bbox 627 3920 695 3970; x_wconf 91' lang='lat' dir='ltr'><strong>Post</strong></span> <span class='ocrx_word' id='word_1_446' title='bbox 745 3919 805 3971; x_wconf 81' lang='lat'><strong>147.</strong></span> <span class='ocrx_word' id='word_1_447' title='bbox 823 3916 856 3966; x_wconf 88' lang='lat' dir='ltr'><strong>In</strong></span> <span class='ocrx_word' id='word_1_448' title='bbox 874 3914 994 3981; x_wconf 83' lang='lat' dir='ltr'><strong>proxime</strong></span> <span class='ocrx_word' id='word_1_449' title='bbox 1007 3929 1063 3980; x_wconf 89' lang='lat' dir='ltr'><strong>seq.</strong></span> <span class='ocrx_word' id='word_1_450' title='bbox 1081 3906 1288 3970; x_wconf 78' lang='grc' dir='ltr'><strong><em>υποθωπεόειν</em></strong></span> 
     </span>
     <span class='ocr_line' id='line_1_46' title="bbox 152 3985 1287 4054; baseline -0.005 -12"><span class='ocrx_word' id='word_1_451' title='bbox 152 3995 245 4042; x_wconf 86' lang='lat' dir='ltr'><strong>autem</strong></span> <span class='ocrx_word' id='word_1_452' title='bbox 254 3989 428 4040; x_wconf 86' lang='lat' dir='ltr'><strong>retinuimus:</strong></span> <span class='ocrx_word' id='word_1_453' title='bbox 448 3987 629 4054; x_wconf 85' lang='grc' dir='ltr'><strong><em>φιλοσοφέων</em></strong></span> <span class='ocrx_word' id='word_1_454' title='bbox 640 3986 694 4052; x_wconf 86' lang='grc' dir='ltr'><strong>γῆν</strong></span> <span class='ocrx_word' id='word_1_455' title='bbox 745 3993 788 4040; x_wconf 89' lang='lat' dir='ltr'><strong>cst</strong></span> <span class='ocrx_word' id='word_1_456' title='bbox 808 3985 908 4038; x_wconf 85' lang='lat' dir='ltr'><strong>blande</strong></span> <span class='ocrx_word' id='word_1_457' title='bbox 935 3986 1051 4048; x_wconf 70' lang='lat' dir='ltr'><strong>adulari,</strong></span> <span class='ocrx_word' id='word_1_458' title='bbox 1077 3987 1217 4050; x_wconf 59' lang='lat' dir='ltr'><strong>assentari,</strong></span> <span class='ocrx_word' id='word_1_459' title='bbox 1242 3985 1287 4036; x_wconf 91' lang='lat' dir='ltr'><strong>dc-</strong></span> 
     </span>
     <span class='ocr_line' id='line_1_47' title="bbox 152 4049 1286 4124; baseline -0.005 -14"><span class='ocrx_word' id='word_1_460' title='bbox 152 4053 264 4124; x_wconf 81' lang='grc' dir='ltr'><strong><em>πολλὴν</em></strong></span> <span class='ocrx_word' id='word_1_461' title='bbox 295 4059 355 4109; x_wconf 94' lang='lat' dir='ltr'><strong>loco</strong></span> <span class='ocrx_word' id='word_1_462' title='bbox 388 4055 438 4123; x_wconf 81' lang='grc' dir='ltr'><strong>τῆς</strong></span> <span class='ocrx_word' id='word_1_463' title='bbox 466 4058 586 4124; x_wconf 80' lang='grc' dir='ltr'><strong><em>πολλῆς,</em></strong></span> <span class='ocrx_word' id='word_1_464' title='bbox 623 4057 695 4122; x_wconf 90' lang='lat' dir='ltr'><strong>quod</strong></span> <span class='ocrx_word' id='word_1_465' title='bbox 745 4059 856 4108; x_wconf 88' lang='lat' dir='ltr'><strong>ductum</strong></span> <span class='ocrx_word' id='word_1_466' title='bbox 875 4071 892 4106; x_wconf 90' lang='lat' dir='ltr'><strong>a</strong></span> <span class='ocrx_word' id='word_1_467' title='bbox 908 4049 978 4120; x_wconf 80' lang='grc' dir='ltr'><strong><em>θιὸφ</em></strong></span> <span class='ocrx_word' id='word_1_468' title='bbox 997 4051 1205 4122; x_wconf 74' lang='grc' dir='ltr'><strong><em>(αεεεαίοίον)εί</em></strong></span> <span class='ocrx_word' id='word_1_469' title='bbox 1218 4056 1286 4106; x_wconf 87' lang='lat' dir='ltr'><strong>satis</strong></span> 
     </span>
     <span class='ocr_line' id='line_1_48' title="bbox 153 4124 1287 4210; baseline -0.006 -29"><span class='ocrx_word' id='word_1_470' title='bbox 153 4131 273 4210; x_wconf 64' lang='lat' dir='ltr'><strong>Gfonov.</strong></span> <span class='ocrx_word' id='word_1_471' title='bbox 296 4129 355 4208; x_wconf 76' lang='lat' dir='ltr'><strong>iure</strong></span> <span class='ocrx_word' id='word_1_472' title='bbox 374 4130 428 4178; x_wconf 81' lang='lat' dir='ltr'><strong>iam</strong></span> <span class='ocrx_word' id='word_1_473' title='bbox 450 4129 580 4194; x_wconf 79' lang='lat' dir='ltr'><strong>expunxit</strong></span> <span class='ocrx_word' id='word_1_474' title='bbox 587 4164 597 4206; x_wconf 34' lang='grc' dir='ltr'><strong>,ι</strong></span> <span class='ocrx_word' id='word_1_475' title='bbox 614 4125 695 4176; x_wconf 87' lang='lat' dir='ltr'><strong>edens</strong></span> <span class='ocrx_word' id='word_1_476' title='bbox 746 4125 1011 4189; x_wconf 83' lang='lat' dir='ltr'><strong>illustratum,utGr.</strong></span> <span class='ocrx_word' id='word_1_477' title='bbox 1025 4124 1138 4186; x_wconf 88' lang='lat' dir='ltr'><strong>monuit,</strong></span> <span class='ocrx_word' id='word_1_478' title='bbox 1151 4125 1287 4177; x_wconf 77' lang='lat' dir='ltr'><strong>alluhnlr·</strong></span> 
     </span>
     <span class='ocr_line' id='line_1_49' title="bbox 152 4195 1291 4334; baseline -0.008 -14"><span class='ocrx_word' id='word_1_479' title='bbox 152 4198 415 4320; x_wconf 65' lang='lat' dir='ltr'><strong>ttts‘ttttht?</strong></span> <span class='ocrx_word' id='word_1_480' title='bbox 429 4197 698 4330; x_wconf 60' lang='lat' dir='ltr'><strong>tlhtltl&#39;dgt</strong></span> <span class='ocrx_word' id='word_1_481' title='bbox 749 4195 1120 4334; x_wconf 61' lang='lat' dir='ltr'><strong>“ll&#39;ttssffgzhlltth</strong></span> <span class='ocrx_word' id='word_1_482' title='bbox 1139 4209 1166 4310; x_wconf 74' lang='lat' dir='ltr'><strong>l]</strong></span> <span class='ocrx_word' id='word_1_483' title='bbox 1183 4195 1291 4312; x_wconf 68' lang='lat' dir='ltr'><strong>tt...</strong></span> 
     </span>
     <span class='ocr_line' id='line_1_50' title="bbox 154 4334 1288 4403; baseline -0.014 -13"><span class='ocrx_word' id='word_1_484' title='bbox 154 4341 190 4390; x_wconf 89' lang='lat' dir='ltr'><strong>ad</strong></span> <span class='ocrx_word' id='word_1_485' title='bbox 207 4341 234 4391; x_wconf 92' lang='lat' dir='ltr'><strong>h.</strong></span> <span class='ocrx_word' id='word_1_486' title='bbox 250 4339 270 4389; x_wconf 92' lang='lat' dir='ltr'><strong>l.</strong></span> <span class='ocrx_word' id='word_1_487' title='bbox 289 4344 316 4389; x_wconf 90' lang='lat' dir='ltr'><strong>et</strong></span> <span class='ocrx_word' id='word_1_488' title='bbox 334 4337 487 4403; x_wconf 75' lang='lat' dir='ltr'><strong>Schweigh.</strong></span> <span class='ocrx_word' id='word_1_489' title='bbox 506 4339 535 4386; x_wconf 89' lang='lat' dir='ltr'><strong>in</strong></span> <span class='ocrx_word' id='word_1_490' title='bbox 543 4337 610 4389; x_wconf 86' lang='lat' dir='ltr'><strong>Var.</strong></span> <span class='ocrx_word' id='word_1_491' title='bbox 620 4335 698 4386; x_wconf 84' lang='lat' dir='ltr'><strong>Loct.</strong></span> <span class='ocrx_word' id='word_1_492' title='bbox 750 4350 793 4400; x_wconf 82' lang='lat' dir='ltr'><strong>co,</strong></span> <span class='ocrx_word' id='word_1_493' title='bbox 817 4334 884 4400; x_wconf 82' lang='lat' dir='ltr'><strong>qaod</strong></span> <span class='ocrx_word' id='word_1_494' title='bbox 908 4347 1000 4396; x_wconf 80' lang='lat' dir='ltr'><strong>reapse</strong></span> <span class='ocrx_word' id='word_1_495' title='bbox 1018 4347 1040 4382; x_wconf 84' lang='lat' dir='ltr'><strong>s.</strong></span> <span class='ocrx_word' id='word_1_496' title='bbox 1064 4345 1148 4382; x_wconf 78' lang='grc' dir='ltr'><strong><em>οινιωι</em></strong></span> <span class='ocrx_word' id='word_1_497' title='bbox 1172 4335 1241 4386; x_wconf 82' lang='lat' dir='ltr'><strong>erat,</strong></span> <span class='ocrx_word' id='word_1_498' title='bbox 1266 4341 1288 4376; x_wconf 87' lang='lat' dir='ltr'><strong>e.</strong></span> 
     </span>
    </p>
   </div>
   <div class='ocr_carea' id='block_1_4' title="bbox 205 4412 1079 4483">
    <p class='ocr_par' dir='ltr' id='par_1_6' title="bbox 205 4412 1079 4483">
     <span class='ocr_line' id='line_1_51' title="bbox 205 4412 1079 4483; baseline -0.014 0"><span class='ocrx_word' id='word_1_499' title='bbox 205 4439 374 4483; x_wconf 81' lang='lat' dir='ltr'><strong>senonen.</strong></span> <span class='ocrx_word' id='word_1_500' title='bbox 399 4438 421 4479; x_wconf 88' lang='lat'><strong>1.</strong></span> <span class='ocrx_word' id='word_1_501' title='bbox 1061 4412 1079 4471; x_wconf 85' lang='lat'>5</span> 
     </span>
    </p>
   </div>
   <div class='ocr_carea' id='block_1_5' title="bbox 0 0 1501 4932">
    <p class='ocr_par' dir='ltr' id='par_1_7' title="bbox 0 0 1501 4932">
     <span class='ocr_line' id='line_1_52' title="bbox 0 0 1501 4932; baseline 0 0"><span class='ocrx_word' id='word_1_502' title='bbox 0 0 1501 4932; x_wconf 95' lang='lat' dir='ltr'><strong> </strong></span> 
     </span>
    </p>
   </div>
  </div>
 </body>
</html>
