3058 4928
235 253 296 315 612

667 247 938 309 HERODOTI

234 451 294 517 σφι
310 432 457 516 κομισθῇ
477 423 611 516 νεκρὸς,
631 420 826 493 δεικνύουσι
844 436 929 489 τοῖσι
946 426 1102 509 κομίσασι
1118 425 1369 510 παραδείγματα

234 537 366 622 νεκριόν
390 531 524 615 ξύλινα,
549 533 589 618 τῇ
609 530 723 616 γραφῇ
745 525 967 614 μεμιμημένα.
1020 525 1076 592 καλ
1100 520 1161 611 τὴν
1183 524 1246 613 μὲν
1262 543 1368 592 σπου-

190 641 198 694 ἶ
234 635 415 722 δαιοτάτην
433 630 564 717 αὐτέων
579 631 662 720 φασὶ
683 627 787 712 εἶναι,
805 633 866 696 τοῦ
883 623 946 696 οὐκ
964 623 1058 696 ὅσιον
1075 632 1233 716 ποιεῦμαι
1251 624 1289 695 τὸ
1309 623 1369 696 οὐ·

233 765 320 826 νομα
338 740 393 807 ἐπὶ
408 737 548 829 τοιούτῳ
567 733 734 824 πρήγματι
749 727 964 818 ούνομάζειν,
982 728 1045 819 τὴν
1064 731 1101 800 δὲ
1119 732 1283 820 δευτέρην
1299 735 1368 799 δει-

232 841 375 911 κυύουσι
399 836 646 928 ὑποδεεστέρην
670 863 705 903 τε
731 833 853 924 ταύτης
878 835 934 902 καλ
959 831 1215 924 εὐτελεστέρην,
1243 830 1307 920 τὴν
1332 833 1370 902 δὲ

232 951 349 1034 τρίτην
371 941 620 1030 εὐτελεστάτην.
673 937 862 1027 φράσαντες
884 937 922 1006 δὲ
941 935 1177 1008 πυνθάνονται
1198 933 1279 1026 παρ’
1306 933 1368 1004 αὐ-

232 1053 317 1128 τῶν,
345 1043 419 1114 κατ’
446 1041 588 1134 ἥντινα
613 1041 798 1131 βούλονταί
811 1061 873 1128 σφι
892 1045 1125 1130 σκευασθῆναι
1146 1037 1206 1110 τὸν
1232 1039 1368 1128 νεκρόν.

232 1154 266 1219 οἱ
286 1149 350 1238 μὲν
373 1146 415 1237 δη
440 1145 611 1232 ἐκποδῶν,
638 1149 752 1237 μισθῷ
778 1139 1061 1264 ὁμολογήσαντες,
1088 1141 1370 1228 ἀπαλλάσσονται,

267 1305 432 1364 δεικνύουσι
448 1316 522 1362 τοῖσι
528 1310 673 1392 κομίσασι
683 1324 773 1374 παρα-

232 1381 368 1448 δείγματα
378 1381 487 1450 νεκράν
499 1374 613 1460 ξύλινα,
632 1396 665 1447 τη
677 1375 774 1445 γραφῇ

231 1452 418 1520 μεμιμημένα]
431 1442 594 1501 δεικνύουσι
606 1451 648 1500 bis
666 1449 774 1514 reposui

230 1524 351 1588 itemque
385 1538 447 1572 mox
479 1512 661 1584 ἔσεργνύουσι
689 1517 773 1584 (quod

230 1593 329 1668 ipsum
337 1596 393 1642 tres
410 1591 473 1642 libri
485 1589 611 1654 afferunt)
630 1603 678 1654 pro
696 1589 772 1652 vulg.

230 1652 377 1710 δεικνύασι
387 1667 415 1711 et
426 1651 581 1724 ἐσεργνῦσι,
594 1659 773 1724 quorlntrum-

230 1729 529 1796 queretinuitDietsch.
536 1727 695 1778 Dindoriius
707 1727 772 1778 scri-

230 1803 286 1866 psit
297 1798 424 1850 δεικνύοι
434 1805 462 1850 et
471 1790 625 1862 ἐσεργνῦσι
651 1796 704 1848 Sed
714 1795 771 1847 vid.

229 1871 347 1922 Bredov.
361 1887 386 1936 p.
402 1870 463 1920 402.
491 1866 627 1932 Intelhgrt
639 1866 772 1931 exempla

229 1939 271 1989 ria
288 1956 312 1991 s.
330 1938 475 1990 simulacra
492 1937 653 1988 mumiarum
671 1936 770 2002 lignea,

228 2010 337 2072 pictura
354 2009 466 2060 inducta
478 2012 506 2059 et
524 2006 632 2072 quidem
644 2021 685 2070 ea,
702 2021 772 2070 quae

229 2077 341 2140 Isidem,
361 2079 496 2129 Osiridem
507 2083 539 2126 ut
550 2076 703 2141 plurimum,
723 2075 772 2125 ali·

229 2163 295 2197 asve
313 2163 356 2197 res
374 2163 467 2198 sacras
486 2145 634 2197 exhiberet.
650 2205 656 2222 .
671 2146 713 2194 De
733 2144 770 2194 lo-

228 2219 338 2266 cutione
351 2215 385 2282 τῇ
405 2214 501 2282 γραφῇ
515 2229 702 2279 μεμιμημενα,
717 2229 772 2278 qua

228 2285 332 2335 indicat
350 2287 496 2336 simulacra
511 2285 567 2334 ista
584 2286 625 2334 sic
642 2284 717 2348 picta
732 2283 771 2333 λιι-

228 2356 298 2416 λιιο,
318 2360 348 2404 ut
366 2355 472 2419 pictura
485 2368 579 2402 verum
588 2354 703 2402 maxime
713 2353 771 2401 imi·

229 2429 354 2474 tarentur
371 2429 453 2490 atque
475 2423 672 2487 exprimerent,
696 2422 769 2473 conf.

228 2493 268 2554 11,
288 2492 322 2542 78
340 2493 417 2574 ibiq.
423 2496 480 2542 not.

261 2529 370 2625 καλτὴν
387 2555 439 2626 μεν
451 2551 694 2627 σπουδαιοτάτην]
708 2561 769 2612 ισλλ.

226 2626 403 2694 ταρίχευσιν,
430 2632 674 2694 praestantissimam
701 2631 772 2680 enim

226 2699 355 2765 intelligit
373 2701 518 2752 condiendi
529 2701 672 2750 rationem.
703 2701 771 2750 Cum

227 2769 298 2818 enim
316 2771 370 2820 tria
387 2769 431 2820 hic
447 2775 533 2835 ponat
550 2785 651 2834 genera
677 2771 770 2820 condi-

226 2838 303 2900 endi,
324 2839 390 2890 illud
409 2839 624 2901 observandum,
648 2841 769 2890 cuiusvis

227 2905 324 2958 classis
351 2909 445 2960 modos
469 2909 556 2960 videri
585 2909 671 2960 fuisse
698 2925 770 2960 conr-

225 2976 331 3042 plnres‚
351 2981 392 3030 uti
403 2983 540 3030 testantur
553 2980 670 3030 mumius
680 2979 768 3030 adhue

226 3062 297 3112 quae
321 3055 476 3114 supersunt.
515 3046 617 3114 [Quare
639 3063 693 3100 non
720 3049 770 3098 mi-

225 3131 296 3178 rum,
316 3133 333 3168 a
346 3119 497 3169 recentiore
509 3119 703 3184 Aegyptiarum
717 3123 769 3167 ter·

225 3199 315 3236 rarum
337 3189 539 3253 peregrinaturo
563 3189 680 3252 quinque
701 3185 782 3238 clas·

225 3269 269 3304 ses
283 3271 343 3306 esse
356 3257 526 3309 observatas.
555 3257 616 3308 Vid.
629 3257 768 3308 Miuutoli:

224 3324 382 3391 Nachtriige
399 3331 452 3379 etc.
475 3344 501 3392 p.
523 3326 582 3380 100.
619 3326 689 3377 edd.
708 3327 769 3377 Bel-

225 3395 287 3443 aoni
305 3395 419 3461 voyage
438 3411 472 3446 en
488 3398 597 3462 Egypte
618 3401 640 3446 t.
660 3397 683 3447 Ι.
702 3411 767 3460 pag.

224 3462 277 3514 200
295 3481 370 3530 seqq.
395 3471 422 3516 et
445 3465 609 3516 Wilkinson.
639 3466 767 3516 Manners

225 3537 278 3584 etc.
298 3550 353 3586 seo.
370 3551 424 3587 ser.
443 3535 482 3586 11.
502 3552 529 3600 p.
553 3535 613 3596 450,
632 3537 677 3599 qni
696 3534 767 3585 idem

224 3609 329 3663 monet,
356 3620 390 3654 ex
414 3620 513 3670 magno
537 3619 648 3654 numero
673 3605 768 3654 mumi-

224 3687 301 3722 arum
313 3673 413 3724 Thebis
427 3673 560 3739 ιιλλλιηιιοΙ
553 3689 580 3722 ιιι
592 3673 660 3724 locis
676 3689 767 3738 reper-

223 3745 312 3793 tarum
343 3743 372 3793 id
401 3749 475 3794 certo
501 3757 646 3808 apparere,
676 3743 767 3808 plures

223 3813 325 3874 gradus
343 3813 422 3864 huius
442 3812 571 3877 triplicis,
590 3827 670 3877 quam
683 3813 768 3864 Hero

222 3879 303 3931 dotus
320 3883 406 3946 ponit,
430 3883 544 3932 rationis
562 3881 705 3932 condiendi
724 3899 768 3932 ex·

825 1325 872 1360 rae
898 1325 984 1375 genus
1006 1310 1224 1360 necessariorum
1249 1313 1370 1360 rationem

825 1395 842 1430 a
860 1379 1020 1430 taricheutis
1039 1380 1122 1430 inisse
1139 1379 1307 1444 propositam
1324 1377 1370 1428 δε-

824 1449 978 1501 functorum
990 1449 1162 1512 necessariis,
1176 1447 1352 1500 Herodoto'
1329 1463 1370 1498 src

823 1519 1011 1584 patrocinatur
1028 1521 1121 1584 Zoega
1138 1487 1186 1584 (δι
1205 1517 1286 1569 oboll.
1302 1533 1368 1583 pag.

824 1591 874 1640 252
897 1593 955 1639 not.
983 1587 1036 1652 15),
1060 1595 1091 1639 ut
1120 1594 1228 1640 moneat
1252 1588 1369 1653 cogitari

823 1673 903 1724 posse
916 1657 1025 1740 singula
1036 1658 1127 1724 lignea
1138 1655 1261 1723 exempla
1272 1657 1368 1708 insciis

822 1743 871 1792 pro
890 1728 1020 1793 cuiusque
1035 1729 1195 1780 conditurae
1208 1727 1314 1780 ratione
1328 1727 1368 1778 δί

823 1797 910 1848 versis
927 1797 1051 1849 involuta
1068 1799 1169 1860 luisse,
1189 1797 1260 1848 unde
1277 1813 1310 1846 ex
1323 1811 1369 1848 cu-

821 1867 907 1917 iusvis
931 1867 1048 1918 mumiae
1069 1873 1183 1934 aspectu
1205 1867 1248 1917 vel
1271 1882 1304 1916 ex
1329 1867 1368 1932 pi·
1455 1867 1463 1878 “

822 1942 867 1988 oto
895 1938 1011 1988 mumiae
1033 1939 1171 1989 schemate
1188 1937 1369 2002 distinguere-

822 2013 880 2068 tur,
904 2007 980 2056 onius
999 2013 1072 2058 esset
1094 2008 1202 2058 classis.
1238 2008 1275 2058 Et
1297 2022 1368 2057 com-

822 2075 1115 2141 probatHerodoteam
1131 2077 1314 2128 narrationem
1327 2081 1369 2126 ta·

822 2144 888 2196 bula
905 2162 920 2196 e
937 2146 1068 2212 sepulcris
1078 2145 1261 2212 Ilithyiopolis
1279 2151 1368 2208 eruta,

824 2231 894 2281 quae
910 2215 961 2266 hoe
973 2218 1112 2282 negotium
1129 2216 1197 2267 bena
1210 2231 1367 2282 expressum

823 2285 900 2336 nobis
911 2290 975 2336 ante
987 2285 1080 2338 oculos
1092 2287 1179 2352 ponit.
1198 2287 1275 2336 Haeo
1284 2285 1366 2336 Creu-

824 2370 901 2404 aerus
922 2353 940 2404 l.
965 2355 985 2406 1.
1003 2371 1066 2422 pag.
1094 2356 1126 2407 18
1151 2361 1178 2406 et
1195 2355 1252 2406 tab.
1275 2371 1316 2406 nr.
1339 2355 1364 2407 1.

823 2423 966 2474 Caeterum
986 2425 1110 2476 constitit
1128 2425 1195 2476 haec
1216 2427 1304 2491 prima
1323 2441 1365 2474 ra·

822 2493 861 2543 tio
880 2493 1025 2545 condiendi
1042 2494 1145 2546 talento
1165 2496 1273 2557 Attico,
1294 2499 1365 2544 teste

821 2563 942 2613 Diodoro
961 2563 984 2626 1
1004 2563 1047 2628 01,
1066 2565 1138 2630 quod
1158 2563 1364 2616 120011υι1ειοι

821 2633 971 2684 Saxonicos
991 2603 1047 2684 lere¹
1060 2639 1173 2700 aequat3
1194 2633 1282 2685 altera
1293 2633 1363 2684 ratio

820 2703 919 2768 viginti
938 2704 1017 2784 urinis
1034 2705 1170 2756 constitit.

856 2763 978 2821 voveris
997 2763 1078 2823 ὅσιον
1102 2769 1237 2836 ποιεῦμαι
1263 2763 1294 2821 τὸ
1315 2761 1362 2820 σύ-

821 2856 894 2905 νομα
912 2857 937 2891 ιι.
962 2858 985 2892 τ.
1007 2841 1043 2908 λ.]
1065 2841 1246 2908 Cogitandum
1270 2847 1311 2891 est
1329 2840 1362 2890 de

820 2908 928 2962 Osiridis
944 2913 1124 2962 simulacro'
1117 2928 1146 2962 ιιι
1168 2911 1285 2962 ιιιιιιιιλιιο
1308 2910 1361 2960 ior-

819 2996 891 3030 nram
903 2986 1062 3046 composito,
1082 2987 1113 3032 ut
1125 2980 1286 3045 intelligitur
1305 2989 1362 3030 tum

820 3065 852 3100 ex
863 3050 964 3101 diserto
971 3052 1160 3116 Athenagorae
1169 3051 1324 3102 testimonio
1334 3051 1361 3098 in

818 3119 902 3184 legat.
921 3136 969 3184 pro
993 3121 1093 3171 Christ.
1119 3137 1179 3185 cap.
1203 3122 1247 3171 25.
1271 3137 1297 3184 p.
1317 3119 1360 3180 32,

819 3194 876 3240 tum
894 3205 927 3238 ex
945 3191 1031 3253 ipsius
1050 3191 1183 3242 Herodoti
1199 3189 1267 3240 locis
1289 3191 1361 3239 inter

819 3273 849 3308 sc
871 3258 979 3308 collatis
1002 3259 1040 3322 ΙΙ,
1068 3259 1110 3310 01.
1137 3261 1195 3311 132.
1229 3259 1279 3310 170
1303 3274 1359 3322 seq.

819 3329 944 3393 Arguunt
963 3330 1045 3378 etiam
1064 3329 1140 3393 ipsae
1162 3327 1278 3378 Osiridis
1296 3329 1361 3378 irua-

819 3398 896 3462 giues
914 3397 959 3448 vel
975 3400 1003 3447 in
1020 3399 1151 3462 sepulcris
1170 3402 1295 3462 repertae
1317 3395 1361 3447 vel

819 3469 848 3516 in
873 3469 1033 3518 mumiarum
1061 3469 1175 3532 picturis
1212 3467 1360 3518 exhibitae.

818 3536 903 3588 Plura
916 3537 1074 3588 Creuzerus.
1105 3537 1186 3588 Cous.
1200 3537 1281 3586 etiam
1295 3535 1363 3588 Wil-

819 3605 1075 3657 kinson.l1anners
1098 3612 1150 3657 eto.
1174 3621 1229 3658 sec.
1250 3621 1303 3659 ser.
1321 3606 1360 3656 11.

818 3689 845 3740 p.
864 3676 931 3739 455,
954 3675 1121 3728 Rusellinil.
1140 3676 1203 3740 l.p.
1222 3673 1361 3737 euenor..

819 3745 917 3796 Αιιιιιδ.
914 3747 1050 3824 Peyron.
1070 3744 1088 3795 1.
1108 3746 1126 3796 l.
1143 3762 1170 3810 p.
1186 3745 1231 3796 82.

853 3807 925 3864 κατὰ
943 3803 1062 3879 ἥντινα
1083 3808 1240 3880 βούλονταί
1261 3827 1311 3878 σφι
1333 3829 1359 3863 κ.

818 3899 842 3934 τ.
859 3881 1011 3964 λ.]διιρμλε
1025 3883 1194 3962 ταριχευσιν.
1231 3885 1286 3934 Pro
1297 3882 1361 3934 ολλιιι

223 3949 328 4000 stitisse
342 3951 688 4016 adeoquonecessevideri,
709 3952 766 4016 plu·
817 3947 1016 4017 vulgatoaorrei
1031 3941 1146 4034 ἥντινα,
1165 3953 1363 4018 quodretinuit

221 4031 264 4068 res
293 4022 458 4071 constituere
489 4019 632 4072 condiendi
660 4021 764 4072 modos.
816 4021 945 4084 Dietsch‚
966 4037 1063 4086 scripsi
1074 4038 1125 4072 κατ
1129 4016 1266 4088 ’ἥντιναΙ
1294 4023 1359 4076 vid.

221 4086 292 4136 add.
316 4089 476 4154 Maguusl.
501 4091 518 4140 l.
543 4106 606 4155 pag.
633 4090 665 4141 61
693 4089 763 4156 seq]
816 4095 875 4141 not.
894 4091 929 4140 ιδ
948 4090 986 4152 11,
1005 4094 1048 4142 24.

223 4155 303 4216 Quod
327 4173 391 4208 vero
410 4160 533 4224 Heynius
557 4159 575 4209 1.
600 4159 617 4208 l.
644 4175 706 4224 pag.
731 4157 765 4210 82
851 4153 881 4208 οι
894 4152 928 4223 μλ
930 4174 946 4206 ν
965 4128 1001 4224 δὴ
1019 4149 1202 4211 ἒιιποδάιν-
1219 4152 1330 4212 άπαλλ’
1311 4175 1360 4210 ασ-

220 4225 355 4277 rectiusa
378 4229 500 4278 Diodoro
523 4227 652 4278 traditum
675 4233 764 4292 putat,
816 4227 923 4291 σονται]
951 4229 1115 4295 Obloqnitur
1132 4231 1308 4282 Diodorusl.
1330 4231 1360 4294 1.,

219 4301 337 4344 sumtuum
354 4297 388 4347 ad
409 4293 619 4362 unumqndthue
641 4297 765 4348 conditu·
816 4313 907 4348 coram
919 4298 1019 4364 populo
1028 4299 1247 4367 solemnibusque
1259 4301 1360 4354 ritibus
