3088 4944
610 290 735 353 CLIO.
758 293 785 350 Ι.
807 297 868 356 171Ι
1245 290 1306 353 337

171 475 255 540 εἰσί·
279 465 375 537 αὐτοὶ
389 466 504 554 μέντοι
523 467 560 535 ἐκ
574 466 707 557 Κρήτης
728 467 810 555 φασὶ
827 463 923 536 εἶναι.
958 467 1253 557 προσκεχωρήκασι
1269 465 1306 536 δὲ

171 577 329 661 γλῶσσαν
341 569 404 658 μὶν
418 565 498 658 πρὸς
512 566 549 638 τὸ
562 568 714 660 Καρικὸν
728 576 843 656 ἔθνος,
858 564 879 658 ἢ
892 575 926 640 ol
936 575 1047 662 Κᾶρες
1062 568 1144 662 πρὸς
1158 569 1195 642 τὸ
1209 580 1304 642 Καυ-

172 675 283 748 νικόν·
318 679 416 743 τοῦτο
437 669 502 763 νὸρ
528 669 591 742 οὐκ
618 679 682 762 ἔχω
704 670 867 763 ἀτρεκέως
888 679 1067 765 διακρῖναι.
1108 676 1239 766 νόμοισι
1267 675 1305 745 δὲ

172 781 335 871 χρέωνται
352 779 625 868 κεχωρισμένοισι
640 775 766 848 πολλὸν
778 783 846 847 τῶν
859 804 894 846 τε
908 774 1020 850 ἄλλων
1034 776 1229 871 ἀνθρώπων
1249 780 1306 848 καλ

172 888 308 974 Καρῶν.
339 898 425 952 τοῖσι
439 879 503 971 γὰρ
517 879 695 952 κάλλιστόν
710 884 779 950 ἐστι
792 877 860 950 κατ’
878 876 1011 970 ἡλικίην
1023 910 1059 951 τε
1073 886 1129 954 καὶ
1143 881 1305 974 φιλότητα

173 984 310 1057 εἰλαδὸν
327 992 552 1074 συγγίνεσθαι
571 989 604 1067 ἐς
631 984 747 1070 πόσιν,
775 986 831 1054 καλ
858 980 999 1075 ἀνδράσι
1021 988 1077 1056 καὶ
1095 988 1228 1074 γυναιξὶ
1249 988 1305 1056 καὶ

173 1098 280 1161 παισί.
314 1091 528 1180 ἱδρυθέντων
548 1092 589 1160 δέ
608 1109 669 1178 σφι
684 1093 768 1181 [ρων
788 1091 959 1174 ξεινικῶν,
987 1093 1162 1177 μετέπειτα
1181 1086 1225 1171 ὥς
1245 1111 1306 1180 σφι

334 1289 401 1341 cn.
421 1289 558 1366 enxxrr.

208 1386 238 1442 ol
256 1385 288 1442 dl
307 1384 430 1443 Καύνιοι
449 1385 629 1460 αὐτόχθονες
646 1411 671 1445 κ.
690 1411 714 1446 e.

173 1463 209 1528 1.]
230 1464 287 1514 Nec
303 1461 348 1513 bic
364 1479 413 1514 nec
434 1479 492 1530 cap.
514 1465 560 1516 171
579 1465 641 1517 init.
660 1467 716 1516 Me·

174 1533 252 1584 dioeo
270 1533 418 1598 parendum
432 1549 492 1585 esee
506 1534 630 1585 offerenti
640 1535 716 1585 Καυ-

172 1602 295 1660 κιονίουι,Ι
312 1607 339 1652 et
357 1596 531 1668 Καυκιὸνιω,
551 1606 618 1655 satis
636 1605 717 1656 docet

173 1679 231 1723 tum
254 1672 420 1738 reliquorum
443 1673 572 1724 librorum
602 1691 715 1727 consen-

173 1759 219 1794 sus
238 1743 310 1808 apud
328 1744 511 1806 Herodotum,
536 1749 564 1795 et
581 1743 623 1794 his
646 1745 714 1796 locis

172 1817 202 1863 ‘et
221 1813 243 1876 1,
267 1812 326 1875 176,
350 1818 408 1863 tum
431 1814 574 1864 Strabonis
597 1816 714 1866 auctori-

172 1889 232 1946 tas,
255 1884 390 1934 eNostro
409 1883 481 1933 haud
506 1884 588 1934 dubie
609 1884 712 1950 profici·

175 1953 278 2004 scentis
306 1949 388 2004 xlv:
412 1969 439 2018 p.
466 1952 517 2005 964
546 1956 579 2004 Δ.
602 1969 624 2005 s.
650 1971 714 2022 peg.

173 2025 225 2076 652
247 2021 365 2073 casaub.
407 2023 530 2089 Namque
558 2024 714 2076 Herodotus

173 2093 325 2143 Caucouios
356 2092 450 2159 utique
480 2093 630 2158 ignoravit,
664 2111 715 2146 nec

173 2163 315 2213 Oeucones
336 2162 405 2212 idem
429 2163 519 2227 novit,
545 2179 613 2229 quos
636 2170 717 2230 poete

173 2232 297 2282 nominet
312 2233 339 2281 in
356 2232 436 2282 Iliad.
453 2233 486 2284 X.
506 2233 567 2286 429.

208 2327 459 2402 προσκεχωρήκασι
476 2329 507 2386 δὲ
525 2335 654 2400 γλῶσσαν
665 2331 718 2404 μὲν

152 2397 246 2470 .κρὸς
267 2399 299 2455 τὸ
317 2397 446 2470 Καρικὸν
464 2401 562 2474 ἔθνος]
583 2408 602 2460 i.
623 2424 646 2458 e.
673 2424 716 2459 ee·

173 2484 317 2534 cesserunt,
341 2477 409 2542 qaod
429 2477 466 2526 ed
488 2479 595 2542 linquam
617 2483 714 2542 attinet,

174 2546 211 2596 ed
227 2547 341 2597 (laricem
358 2548 482 2597 nationem
504 2563 526 2596 s.
546 2549 715 2600 eceonorrode·

173 2624 235 2666 runt
256 2632 326 2667 semu
347 2620 454 2682 linquam
478 2617 514 2666 ed
535 2619 643 2670 Οανίεαε
670 2635 716 2668 κα-

174 2687 249 2736 tionie
267 2688 382 2753 lorpeem.
397 2717 431 2726 -
450 2685 610 2738 Iablonskio
628 2689 715 2754 (Dies.

175 2755 208 2806 de
225 2757 334 2823 Lingua
357 2757 480 2822 Lycaon.
505 2765 526 2806 t.
550 2757 604 2808 111.
631 2774 656 2838 p.
681 2759 716 2810 95

175 2824 308 2891 Opuscc.)
327 2827 445 2877 scribere
462 2826 577 2891 placuit:
594 2841 666 2892 προς
684 2817 716 2875 τὸ

174 2889 305 2960 Καρικὸν
322 2890 392 2954 ἔθος
410 2895 469 2961 (ρεο
486 2891 599 2960 ἔθνους
619 2897 655 2946 ed
667 2911 716 2946 nro-

174 2981 227 3016 rem
250 2968 367 3032 loquendi
383 2974 408 3017 et
429 2967 624 3018 consuetudinem
647 2967 718 3018 θαή-

174 3052 238 3086 cem.
280 3037 371 3086 Minus
395 3035 512 3086 feliciter
535 3037 563 3085 iu
584 3035 636 3087 boe
657 3035 718 3086 loco

176 3104 336 3170 explicando
355 3109 481 3156 versatur
499 3107 595 3171 Heyue
612 3107 640 3154 iu
665 3105 719 3155 Ob-

176 3191 265 3226 servv.
275 3175 398 3226 edllied.
413 3175 436 3237 I,
448 3175 576 3242 lll.peg.
590 3176 633 3228 bl.
648 3175 718 3228 Nem

176 3247 234 3312 ipse
252 3247 386 3296 Homerus
403 3244 461 3310 [Ili.
485 3245 522 3308 ll,
546 3245 609 3310 867)
635 3245 718 3296 Cares

176 3315 243 3366 dicit
269 3305 527 3382 βαρβαροφῶνους,
557 3315 629 3380 quod
654 3331 719 3380 quo-

176 3385 256 3435 modo
280 3386 317 3436 sit
338 3383 538 3449 accipiendum,
563 3383 720 3450 disceptant

176 3459 282 3506 veteres
300 3456 461 3520 interpretes
479 3459 562 3519 etque
586 3469 719 3520 gramma·

176 3525 233 3587 tici,
244 3541 357 3590 quorum
365 3523 515 3575 sententies
525 3523 719 3588 retulitHeyne

176 3595 212 3644 ed
229 3595 256 3644 b.
274 3594 293 3645 l.
312 3610 375 3661 pag.
393 3595 444 3646 434
461 3608 518 3659 seq.
547 3597 628 3658 atque
646 3593 720 3643 Frei-

177 3671 225 3730 tag
242 3664 279 3714 ed
296 3663 315 3714 l.
329 3665 347 3715 l.
367 3681 394 3729 p.
415 3663 475 3716 521.
510 3665 626 3727 Propter
645 3663 719 3713 Stre-

176 3734 257 3784 bonis
274 3733 363 3784 locum
376 3733 465 3798 (XIV.
477 3748 504 3796 p.
517 3732 578 3794 663,
596 3733 642 3784 ubi
652 3729 718 3800 βαρ-

177 3795 367 3870 βαροφωνους
385 3802 504 3867 explicat
522 3795 590 3860 rode
611 3792 718 3866 ἑλληνί-

175 3871 285 3936 domuc)
304 3877 380 3934 sunt,
405 3873 450 3938 qui
475 3863 719 3938 βαρβαροφωνους

177 3958 236 3992 eam
255 3941 289 3993 ob
308 3957 417 3994 causam
436 3941 519 3992 Ceres
534 3957 550 3990 e
564 3945 646 4006 poete
665 3941 719 3990 dici

176 4017 286 4078 putent,
313 4011 386 4077 quod
404 4011 536 4062 Graecum
559 4026 719 4073 sermonem,

177 4097 257 4146 quern
280 4081 469 4140 adsciverant,
493 4095 589 4145 aspere
610 4085 637 4130 et
660 4096 720 4131 cor·

177 4156 255 4216 rupte
278 4151 433 4211 retulerint,
458 4149 668 4200 maledicentes
692 4153 720 4200 et

177 4221 395 4285 pronuntiantes.
431 4218 511 4270 Ocni.
533 4218 643 4270 Solden.
662 4219 681 4269 l.
699 4219 718 4269 l.

177 4305 202 4354 p.
223 4289 282 4340 102.
306 4288 395 4339 Mults
413 4287 526 4340 eundem
545 4288 574 4339 in
592 4304 649 4340 rem
668 4287 721 4338 dis-

175 4363 255 4424 putat
273 4357 414 4409 iablonsk.
433 4355 451 4409 l.
474 4355 492 4409 l.
513 4373 540 4424 p.
560 4357 590 4410 ll
610 4371 666 4424 seq.
686 4356 721 4410 94

218 4459 385 4502 ΗΕΒΟΒΟΤ.
411 4459 432 4500 1.

767 1305 825 1356 seq.
845 1291 913 1341 setis
931 1297 1057 1342 constare
1075 1291 1239 1352 arbitratus,
1258 1289 1309 1340 Ce-

767 1376 826 1410 rum
851 1361 1035 1427 antiquiorum
1058 1359 1192 1427 linguam,
1215 1375 1308 1426 quam-

766 1431 808 1480 vis
827 1445 843 1480 a
861 1431 973 1482 Graecis
988 1431 1123 1498 quaedem
1141 1430 1309 1492 assumserit,

767 1503 859 1551 tamen
877 1506 987 1566 propter
1009 1503 1037 1552 id
1058 1501 1146 1567 ipsum
1169 1517 1186 1552 a
1205 1501 1310 1552 Graece

767 1569 885 1621 dialecto
903 1571 1118 1623 discernendam.
1155 1571 1246 1636 Atque
1265 1567 1309 1620 vel

768 1655 827 1690 eam
845 1641 879 1691 ob
903 1657 1014 1692 causam
1038 1658 1055 1692 e
1078 1642 1188 1693 Graecis
1213 1640 1309 1690 distin-

765 1711 811 1775 gui
827 1710 910 1760 Cares
926 1713 1003 1763 etad
1021 1711 1178 1764 Semiticam
1195 1711 1308 1775 stirpem

765 1781 913 1844 pertinere,
940 1797 1001 1832 oum
1029 1781 1090 1832 eliis
1120 1781 1187 1831 viris
1221 1780 1309 1831 doctis

764 1850 819 1899 iam
842 1865 924 1915 supra
949 1852 985 1901 ad
1007 1851 1030 1914 1,
1057 1851 1103 1902 171
1129 1851 1188 1901 init.
1212 1849 1309 1900 statui-

765 1934 834 1969 mus.
852 1920 971 1972 Caunios
983 1936 1048 1972 vero
1067 1925 1095 1970 et
1112 1921 1186 1985 ipsos
1204 1920 1239 1971 ad
1259 1919 1309 1970 Oe-

765 1991 851 2039 ricem
869 1991 980 2056 stirpem
992 1991 1118 2056 primitus
1135 1990 1309 2054 pertinuisse,

764 2063 839 2110 recte
851 2060 1015 2112 contendere
1023 2061 1132 2110 videtur
1141 2059 1237 2111 Hoeck
1248 2059 1309 2110 Ore-

767 2133 796 2178 te
817 2129 856 2180 11.
870 2146 897 2194 p.
907 2129 969 2182 311.
980 2162 1014 2171 -
1032 2131 1065 2180 In
1083 2145 1159 2195 seqq.
1177 2120 1236 2179 κατ’
1250 2120 1309 2193 ἡλι-

766 2197 834 2263 κίην
848 2213 876 2249 τε
894 2195 942 2249 καλ
960 2191 1099 2266 φιλότητα
1115 2205 1157 2250 est
1177 2200 1309 2250 secundun

765 2276 871 2320 aetatem
889 2274 972 2335 etque
991 2273 1127 2322 ωκίεἰλίαω.
1164 2270 1218 2320 Ρεο
1237 2264 1309 2318 ello-

766 2331 828 2400 δὸν,
846 2340 919 2404 quod
938 2341 1017 2392 codd.
1037 2340 1179 2406 praebent,
1203 2340 1308 2404 Burges

765 2409 794 2458 iu
812 2409 939 2476 Prolegg.
963 2410 1117 2476 Thucydid.
1142 2425 1168 2475 p.
1193 2408 1245 2462 330
1268 2423 1310 2458 re-

765 2479 848 2529 scribi
860 2479 919 2530 vult
934 2473 1049 2544 ἰλαδὸν,
1067 2480 1194 2545 idemque
1205 2477 1310 2544 placuit

767 2564 874 2614 quoque
895 2550 1012 2602 Bredov.
1036 2566 1062 2615 p.
1084 2549 1143 2612 160,
1170 2564 1249 2614 quem
1269 2562 1310 2596 se·

766 2623 846 2669 cutus
866 2625 908 2670 est
925 2620 1047 2671 Dietscb.
1084 2619 1216 2684 Equidem
1239 2634 1256 2667 a
1278 2615 1310 2666 li·

766 2689 823 2740 bris
835 2705 917 2740 mauu
929 2691 1039 2756 scriptis
1049 2694 1123 2740 stare
1133 2688 1226 2739 malni.
1245 2687 1310 2737 Mox

767 2774 827 2809 cum
839 2759 965 2810 Bekkero
983 2759 1112 2811 revocavi
1129 2751 1311 2822 ἱδρυθέντων

767 2844 816 2893 pro
835 2821 1056 2892 ἱδρυνθέντων,
1081 2843 1151 2893 quse
1169 2828 1257 2878 forme
1276 2825 1310 2875 eb

767 2898 907 2948 Herodoto
925 2898 1015 2950 aliene
1031 2897 1148 2949 videtur.
1178 2896 1220 2947 cl.
1240 2899 1310 2944 nott.

769 2968 804 3018 ad
823 2966 851 3018 11
878 2968 922 3016 44.

803 3005 985 3100 λδρὸθέντων
1008 3031 1040 3083 δέ
1064 3047 1114 3098 σφι
1136 3027 1207 3096 speie
1226 3029 1311 3093 ξεινι-

769 3103 829 3154 κῶν
846 3121 872 3155 κ.
895 3119 919 3154 τ.
941 3103 975 3171 7.]
1001 3104 1103 3156 Sensus
1126 3103 1181 3154 loci
1207 3103 1232 3153 is
1254 3101 1311 3152 lere

770 3179 824 3226 est:
853 3174 939 3238 „Cum
968 3175 1032 3225 olim
1061 3174 1205 3240 peregrine
1233 3186 1311 3222 secra

770 3245 842 3310 epud
854 3245 928 3309 ipsos
944 3245 1074 3295 institute
1086 3248 1187 3307 essent,
1204 3247 1311 3308 poetes,

769 3315 815 3365 ubi
827 3314 878 3365 hoc
889 3315 956 3378 ipsis
970 3315 1109 3379 displicuit
1122 3313 1239 3380 (placuit
1246 3327 1311 3363 vero

770 3385 866 3450 patriis
879 3388 986 3434 tentum
997 3385 1039 3434 uti
1054 3383 1126 3448 diis),
1141 3398 1232 3434 omnes
1243 3381 1313 3431 Ceu-

769 3455 808 3504 nii
828 3454 957 3518 puberes,
977 3455 1059 3505 armis
1082 3452 1199 3514 indutis,
1223 3450 1311 3500 bestie

769 3525 859 3574 adrem
887 3523 1015 3574 lerientes
1043 3537 1128 3587 usque
1156 3521 1190 3570 ed
1215 3519 1313 3583 Calyn-

771 3593 846 3644 dicos
865 3591 931 3644 fines
946 3593 1084 3658 progressi
1096 3595 1171 3653 sunt,
1191 3589 1313 3640 dicentes

771 3680 800 3714 se
822 3664 919 3714 eiicere
941 3663 1006 3713 deos
1030 3659 1217 3726 peregrinos.“
1260 3656 1312 3719 Qui

770 3733 808 3783 dii
826 3733 961 3799 peregrini
979 3731 1073 3797 quales
1093 3729 1208 3791 fuerint,
1227 3741 1314 3791 aeque

770 3803 926 3869 ignoremus
957 3806 1039 3866 etque
1074 3799 1177 3865 petrice
1205 3795 1313 3846 illorum

771 3873 851 3935 deos,
871 3887 939 3938 quos
958 3870 1030 3922 solos
1049 3868 1228 3945 nunqeolere
1250 3880 1313 3915 con-

771 3942 932 4002 stituerent,
957 3941 1012 3990 nisi
1033 3939 1156 4000 eosdem,
1179 3951 1247 4002 quos
1263 3934 1313 3986 Ge·

771 4027 814 4062 res
842 4010 1055 4071 venerabantur,
1083 4008 1176 4059 Iovem
1204 4004 1313 4071 potissi-

771 4096 855 4143 mum,
881 4081 966 4130 luisse
984 4078 1139 4144 suspiceris.
1177 4076 1267 4141 Atque
1285 4075 1313 4123 in

771 4151 926 4200 uuiversum
944 4147 1094 4199 notandum
1116 4151 1171 4208 est,
1195 4145 1224 4195 in
1241 4148 1314 4195 vete-

772 4234 830 4269 rum
855 4217 1032 4284 religionibus
1065 4217 1118 4268 sibi
1149 4214 1221 4266 baud
1251 4229 1313 4264 rere
1357 4241 1362 4250 ·

771 4287 872 4354 opponi
890 4287 954 4338 deos
969 4289 1084 4352 patrios,
1105 4299 1217 4352 quorum
1236 4297 1315 4333 secra

772 4371 789 4410 a
812 4355 959 4408 maioribus
983 4355 1099 4418 tradite,
1124 4355 1183 4405 sive
1205 4350 1315 4418 publlce

1060 4434 1101 4496 22
