2980 4932
192 248 211 308 8
626 230 895 297 HERODOTI

193 423 342 508 πρῶτον·
377 411 515 504 persidi
534 413 639 478 ταῦτα
660 405 828 498 Ἑλλήνων
845 403 938 486 τινὰς
955 402 1012 490 (οὐ
1030 403 1094 492 γὰρ
1120 407 1232 490 ἔχουσι
1253 398 1333 470 τοῦ-

194 551 281 612 νομα
302 517 553 608 ἀπηγήσασθαι)
576 515 659 602 φασὶ
676 519 734 602 τῆς
752 516 913 599 Φοινίκης
935 511 968 589 ἐς
987 508 1098 598 Τύρον
1117 504 1334 595 προσχόντας,

195 623 342 717 ἁρπάσαι
367 627 428 694 τοῦ
457 619 610 711 βασιλέος
640 615 702 709 τὴν
736 617 909 704 θυγατέρα
932 611 1121 702 Εὐρώπην·
1152 619 1275 699 ἐἴησαν
1299 607 1333 679 d'

195 845 266 892 nem,
285 841 355 893 quae
380 840 413 874 ex
435 823 535 874 Aldina
557 821 636 871 fluxit
658 825 741 886 atque
792 817 901 870 fabulae
920 817 977 868 vim
1000 816 1173 878 concluserit,
1197 829 1278 880 quam
1301 813 1338 864 ad

189 889 248 951 'uno
277 897 347 948 libro
372 895 477 946 Veneto
506 893 649 958 probatur,
678 891 742 942 reti·
791 889 937 954 religiones
968 903 1055 952 aeque
1082 891 1165 953 atquo
1192 885 1227 935 ad
1252 885 1338 934 histo-

194 971 302 1021 uuimua
314 965 484 1032 potissimum
494 967 605 1028 propter
616 976 658 1026 ea,
672 977 741 1027 qnae
791 961 860 1010 riam
883 958 1058 1024 gentiumque
1080 957 1256 1024 migrationes
1278 971 1338 1020 per-

196 1057 220 1092 c.
250 1041 276 1090 5.
301 1037 438 1103 leguntur.
471 1031 623 1098 Schweigh.
659 1037 741 1098 atque
792 1031 892 1092 tinere,
916 1029 985 1078 satis
1003 1033 1122 1080 constat.
1157 1028 1266 1078 Etenim
1283 1029 1339 1076 Eu·

196 1109 283 1162 (iaisl.
308 1106 382 1156 haud
406 1105 499 1155 invitis
523 1102 685 1168 quibusdam
709 1101 739 1151 li-
792 1116 867 1165 ropa,
886 1099 962 1164 regia
979 1099 1055 1162 virgo
1070 1114 1087 1148 a
1102 1099 1173 1150 Jove
1190 1102 1279 1162 rapta,
1297 1095 1339 1146 lu-

195 1179 251 1228 bria
275 1177 474 1241 rescripserunt
496 1162 645 1237 Ἕλληνες,
668 1171 741 1238 quod
791 1186 884 1221 narem
897 1169 975 1219 deam
995 1168 1105 1220 exbibet
1124 1184 1179 1218 non
1200 1167 1281 1217 aliam
1298 1171 1339 1216 at-

194 1248 350 1300 Pausaniae
367 1246 405 1308 11,
423 1245 456 1297 16
470 1244 625 1310 testimonio
646 1244 741 1308 utique
792 1257 844 1306 que
861 1241 974 1302 Jonem‚
994 1239 1132 1301 Astarten,
1146 1237 1223 1301 alias,
1244 1237 1340 1302 quales

195 1317 306 1384 probari
323 1316 433 1378 volunt,
453 1313 579 1379 quodque
601 1313 685 1363 etiam
702 1328 741 1362 ra·
792 1311 942 1375 antiquitas
964 1309 1043 1360 finxit
1065 1310 1184 1375 virgines
1206 1307 1286 1358 modo
1311 1309 1341 1356 vi

196 1392 280 1439 centt.
318 1386 379 1437 edd.
417 1384 568 1435 ediderant.
608 1381 742 1433 Matthiae
792 1385 886 1446 raptas
903 1380 982 1430 modo
1001 1385 1098 1444 sponte
1116 1379 1249 1430 abductas
1265 1383 1292 1428 et
1310 1379 1340 1428 in

195 1460 265 1508 bene
295 1455 407 1506 retinuit
442 1452 587 1514 Φοίνικες,
617 1453 743 1518 idemque
794 1451 862 1502 alias
886 1455 973 1501 terras
1001 1451 1149 1500 translatas
1171 1449 1340 1514 multumque

197 1543 279 1592 quam
301 1525 417 1576 maxime
434 1522 545 1573 retineri
570 1521 629 1572 vult
647 1538 742 1572 censor
793 1521 930 1588 palantest
948 1521 1046 1586 quibus
1071 1521 1281 1586 migrationibus
1299 1535 1340 1568 er-

196 1599 225 1648 in
247 1595 361 1660 Ephem.
378 1595 501 1644 lenense.
520 1592 597 1643 1817.
619 1609 660 1643 nr.
682 1591 740 1643 103.
794 1593 935 1642 roribusve
957 1595 1082 1641 naturam
1102 1591 1184 1640 lunae
1207 1607 1255 1656 pro
1273 1594 1340 1640 tem-

111 1708 115 1716 .
197 1685 225 1733 p.
249 1664 310 1718 368.
338 1669 421 1730 atque
447 1662 550 1713 Herold
573 1663 601 1711 in
624 1663 740 1728 Specim.
793 1677 859 1727 poro
882 1662 1070 1712 evanescentis
1096 1665 1178 1726 atque
1200 1661 1340 1711 redeuntis

197 1733 482 1788 Emendd.Herodott.
494 1733 666 1796 Norimberg.
676 1730 742 1783 1850
793 1733 821 1782 in
841 1732 970 1797 coeloque
993 1733 1072 1796 quasi
1088 1731 1204 1782 errantis
1223 1731 1338 1782 indicari

198 1806 285 1869 odito,
327 1804 497 1870 improbante
535 1801 676 1853 Dietsehio
714 1803 742 1852 in
793 1807 888 1852 notum
912 1807 964 1853 est.
989 1802 1051 1853 Vid.
1078 1802 1187 1852 Hoeck:
1213 1801 1296 1851 Creta
1314 1802 1338 1852 I.

198 1877 313 1928 Jahrbb.
330 1876 350 1926 f.
371 1873 469 1926 Philol.
486 1889 513 1924 u.
532 1872 652 1938 Paedag.
668 1873 741 1924 LXI.
792 1889 820 1938 p.
841 1871 874 1924 83
903 1889 979 1938 seqq.
1002 1889 1034 1922 ac
1051 1873 1197 1938 praecipue
1217 1873 1339 1922 Movere:

197 1963 223 2012 p.
243 1945 304 1998 432.
792 1943 844 1992 Die
863 1942 1008 1992 Phdniaier
1025 1943 1062 2004 11,
1083 1946 1107 1996 ¹2.
1128 1959 1155 2007 p.
1176 1942 1210 1993 66
1229 1958 1284 2007 seq.
1306 1942 1340 1993 78

232 2004 260 2072 ἐς
281 2005 378 2078 Τύρον
395 2003 583 2077 προσηόνιας]
604 2002 743 2075 προσχόν-

198 2101 247 2142 rec
266 2099 358 2134 omnes
376 2083 439 2132 libri
453 2080 612 2131 Herodotei.
636 2081 744 2132 Rescri-

198 2155 254 2220 psit
270 2151 421 2218 Schvveigh.
434 2142 638 2214 προσσχόντας,
658 2149 744 2214 dupli-

199 2228 262 2275 cato
280 2223 369 2285 litera,
383 2237 444 2272 eum
463 2219 611 2270 descendat
629 2235 645 2269 a
660 2220 743 2270 verbo

199 2289 357 2356 προσέχειν.
394 2291 447 2343 Sed
469 2290 598 2340 librorum
626 2290 744 2340 omnium

199 2363 393 2414 auctoritatem
402 2363 494 2412 tuetur
505 2361 654 2412 Grammat.
662 2359 744 2411 Grae-

200 2449 247 2484 cus
270 2432 397 2497 (Gregor.
422 2429 544 2481 Corinth.
573 2447 601 2495 p.
625 2430 677 2482 680
701 2430 743 2480 ed.

200 2500 331 2566 sebast),
351 2499 490 2566 vulgatam
505 2499 618 2550 sormam
634 2505 745 2564 proptor

200 2571 362 2637 euphoniam
392 2570 420 2620 in
443 2586 495 2620 usu
525 2569 609 2620 luisse
634 2571 744 2620 docens.

199 2643 271 2693 Hinc
290 2656 351 2690 cum
370 2639 457 2690 Gaias.
483 2640 583 2689 retinui
606 2631 746 2704 προσχόν-

201 2727 259 2773 ree,
282 2715 313 2760 ut
338 2709 411 2759 infra
437 2709 460 2770 1,
490 2708 533 2760 86.
557 2709 595 2772 ΙΙ,
622 2709 671 2761 136
697 2709 744 2760 fin.

203 2781 261 2832 182.
280 2773 331 2829 ned
345 2793 455 2829 moveor
473 2778 516 2839 iis,
536 2794 605 2843 quae
624 2779 745 2845 disputa-

200 2852 241 2900 vit
271 2848 386 2900 Bredov.
421 2864 447 2912 p.
477 2848 528 2898 100
556 2851 746 2914 perspicuitati

201 2917 396 2971 consulendum
427 2932 487 2967 esse
515 2921 604 2967 ratus:
635 2936 688 2984 qua
712 2920 745 2970 do

202 3006 286 3042 causa
320 2988 416 3052 opinor
452 2985 535 3035 etiam
557 2987 681 3040 Dindori.
719 2995 746 3041 et

201 3058 325 3110 Dietsch.
343 3057 511 3120 scripserunt
538 3051 743 3121 προσσχόντας,

202 3130 283 3180 litera
299 3127 447 3192 geminata,
462 3140 543 3190 quam
561 3142 594 3176 ox
614 3143 674 3178 mea
688 3129 746 3192 qui-

203 3199 264 3249 dem
292 3196 429 3247 sententia
463 3211 549 3260 neque
579 3196 746 3260 Herodotus,

203 3284 291 3334 neque
317 3265 465 3329 Sophocles
491 3263 539 3330 (de
561 3281 614 3330 quo
638 3265 693 3314 dixi
718 3268 746 3314 in

203 3336 314 3389 Annall.
334 3335 527 3402 Heidelbergg.
549 3333 624 3386 1852.
648 3353 675 3399 p.
695 3334 748 3386 030

204 3404 277 3472 seq.)
299 3421 386 3470 neque
414 3405 586 3468 Thucydides
614 3406 683 3472 (vid.
708 3405 747 3452 in-

203 3480 327 3542 terprett.
353 3475 388 3525 ad
411 3476 434 3538 I,
458 3473 504 3539 15)
526 3491 614 3540 noque
629 3475 676 3524 alii
703 3473 747 3524 ad-

203 3548 344 3599 miserunt.

237 3606 363 3680 ἁρπάσαι
378 3611 430 3664 τοῦ
441 3611 569 3680 βασιλέος
586 3606 640 3678 τὴν
657 3611 748 3678 doye-

202 3683 269 3750 τέρα
286 3675 442 3750 Εὐρώπην]
462 3685 503 3734 De
525 3684 647 3747 Europa,
671 3683 748 3748 Tyrii

204 3756 277 3820 regis
296 3753 352 3803 filia
370 3770 387 3804 a
405 3755 476 3806 Jove
499 3755 550 3804 sub
568 3753 641 3802 tauri
657 3752 747 3817 specie

203 3829 284 3889 rapta
300 3829 328 3874 et
344 3824 373 3873 in
395 3823 503 3874 Cretam
527 3822 663 3872 translata
680 3826 747 3872 vett.

204 3895 310 3956 scriptt.
336 3893 410 3944 locos
437 3893 564 3944 exhibent
587 3893 748 3956 interpretes

794 2028 870 2076 seqq.
891 2013 951 2065 181,
972 2014 1049 2063 Ηιιοο
1068 2013 1130 2076 ipsa
1153 2013 1182 2062 in
1198 2013 1339 2063 Graeciam

795 2098 811 2131 a
821 2081 1001 2132 Phoenicibus
1019 2082 1154 2132 translata
1165 2082 1281 2147 indeque
1300 2099 1341 2132 re-

795 2156 875 2216 cepta
890 2167 907 2201 a
925 2153 1037 2202 Graecis
1056 2169 1104 2216 pro
1117 2168 1191 2202 moro
1204 2152 1239 2202 ad
1256 2153 1341 2202 histo-

795 2223 852 2272 riae
870 2222 983 2272 sormam
1002 2222 1119 2274 deducta
1141 2237 1174 2272 oc
1194 2223 1238 2272 vel
1254 2224 1340 2289 magia

797 2297 928 2343 exornata
944 2293 1031 2343 fuisse
1043 2293 1177 2342 neminem
1197 2293 1282 2356 sugit:
1295 2309 1341 2344 ne-

797 2377 849 2427 que
867 2363 1048 2426 Herodotum,
1067 2363 1140 2428 quod
1158 2363 1289 2428 quosdam
1304 2365 1341 2414 se-

797 2435 868 2483 cisse
892 2433 984 2494 video‚
1009 2433 1258 2498 reprehendendum
1288 2434 1341 2484 exi-

797 2503 913 2565 stimem,
933 2505 979 2568 qui
997 2503 1118 2553 rabulam
1136 2505 1184 2566 ita,
1204 2509 1235 2554 ut
1257 2504 1341 2554 tradi·

797 2579 853 2623 tam
876 2579 1032 2638 acceperat,
1056 2573 1149 2623 retulit
1168 2573 1209 2624 ad
1231 2590 1341 2624 oausam

797 2643 904 2693 dissidii
922 2645 994 2694 inter
1013 2644 1132 2695 Graecos
1156 2649 1183 2694 et
1204 2645 1341 2695 Asiaticos

796 2714 918 2765 homines
936 2715 989 2764 orti
1007 2714 1204 2778 explicandam.

831 2780 932 2845 εἴησαν
959 2774 988 2831 δ’
1011 2773 1048 2832 ἂν
1075 2770 1154 2834 οὗτοι
1183 2781 1301 2850 Κρῆτες]
1322 2786 1341 2835 i.

798 2869 822 2903 o.
839 2854 882 2903 isti
898 2853 969 2903 tana
982 2855 1219 2906 acioanCrelenses
1234 2856 1341 2919 suamne.

798 2922 923 2987 Optativi
949 2939 1028 2974 usum
1058 2939 1090 2973 ex
1121 2925 1148 2975 h.
1180 2924 1199 2976 l.
1227 2926 1343 2976 maxime

797 2992 972 3056 conspicuum
1006 2994 1097 3058 plures
1131 2999 1275 3045 notarunt:
1308 2995 1342 3048 G.

796 3063 945 3112 Hermann.
967 3063 1084 3127 Opnscc.
1102 3065 1150 3116 lV.
1167 3081 1193 3128 p.
1214 3065 1272 3116 1611.
1296 3067 1343 3118 Ja-

797 3132 862 3181 cobs
872 3131 906 3180 ad
914 3132 1060 3184 Aeliamll.
1068 3135 1100 3183 Α.
1112 3135 1149 3192 ΙΙ.
1157 3136 1199 3186 11.
1207 3137 1342 3198 Ησιιοηρ.

797 3200 885 3250 Lehre
904 3201 929 3251 d.
951 3203 1052 3266 griech.
1066 3203 1172 3254 Partilr.
1184 3205 1221 3255 Il.
1241 3223 1268 3268 p.
1281 3207 1342 3256 255.

798 3269 924 3320 Kuehner
944 3273 991 3322 Gr.
1004 3273 1051 3322 Gr.
1073 3275 1098 3333 6.
1115 3273 1175 3332 407,
1193 3276 1218 3325 2.
1244 3276 1344 3324 Noster

797 3336 865 3387 haec
883 3342 967 3391 verba
991 3341 1115 3392 consulto
1141 3343 1280 3394 addidisse
1305 3346 1344 3392 vi-

800 3405 891 3470 detur,
913 3411 985 3474 quod
1007 3413 1096 3475 prisco
1120 3411 1166 3462 illo
1188 3430 1256 3464 aevo
1280 3414 1340 3464 (ire

799 3479 890 3526 tenses
938 3479 1009 3528 inter
1050 3481 1170 3546 reliquas
1213 3484 1345 3534 Graeciae

800 3551 896 3610 gentes
918 3562 947 3596 re
969 3548 1062 3598 navali
1082 3551 1241 3602 excelluisse
1266 3553 1346 3604 adeo·

800 3630 852 3680 que
869 3614 1120 3680 θαλασσοκραιίαν
1139 3622 1290 3673 obtinuisse
1308 3625 1346 3674 te-

799 3689 909 3744 runtur,
927 3685 1081 3737 latrociniis
1098 3691 1180 3740 maris
1200 3705 1282 3755 quam
1291 3709 1347 3743 ma-

799 3755 869 3804 xime
893 3754 992 3817 dediti,
1017 3761 1048 3806 ut
1069 3765 1166 3822 sponte
1189 3760 1242 3810 hac
1266 3763 1294 3811 in
1317 3779 1348 3814 re

800 3825 952 3875 enarranda
979 3825 1123 3878 Cretenses
1150 3830 1290 3880 Herodoto
1319 3833 1348 3883 iu

800 3899 915 3944 mentem
926 3896 1112 3948 venissehaud
1123 3899 1258 3950 miremur.
1268 3901 1348 3952 Unde

204 3963 239 4014 ad
258 3963 350 4013 Ovidii
366 3962 479 4014 Heroid.
498 3961 546 4020 tv,
566 3963 608 4012 55.
632 3963 693 4023 Qua
710 3962 749 4012 ia·
800 3965 971 4028 proverbium
994 3955 1008 4013 ὁ
1036 3959 1115 4029 Κρὴς
1138 3961 1170 4016 dl
1193 3962 1245 4017 τὸν
1269 3963 1346 4019 Πόν-

203 4032 268 4084 bula
293 4031 359 4082 nibil
388 4031 461 4081 alind
492 4031 546 4078 nisi
570 4028 690 4082 colonias
718 4033 745 4080 in
797 4047 856 4096 τον,
869 4033 910 4106 ‘le
929 4051 982 4098 quo
1000 4036 1111 4098 scripsit
1125 4038 1254 4088 Aristidis
1268 4041 1346 4091 scho-

203 4103 311 4168 ertam
337 4118 354 4152 a
377 4099 559 4151 Phoenicibus
584 4099 680 4150 ductas
710 4103 745 4150 si·
796 4103 910 4154 liastaa
924 4105 1228 4171 Frommeliovalgatus
1242 4125 1268 4170 p.
1285 4109 1343 4160 185.

203 4171 326 4237 gnificori
349 4167 421 4234 quod
446 4167 586 4218 contendit
604 4170 745 4236 Boettiger
797 4171 859 4222 coll.
884 4174 991 4236 Erasmi
1020 4173 1127 4240 Adagq.
1152 4192 1179 4240 p.
1206 4177 1267 4230 653.
1306 4179 1347 4230 Ac

202 4241 296 4308 Ideeu*
310 4257 334 4289 a.
354 4237 556 4301 Kunstmythol.
575 4255 601 4303 p.
621 4237 671 4290 307
686 4255 744 4306 seq.
796 4247 938 4304 praeterea
951 4245 993 4292 Cr.
1015 4243 1093 4294 affert
1107 4245 1260 4308 Thucydid.
1281 4247 1303 4310 1,
1317 4251 1345 4300 «1.

204 4325 306 4370 vereor,
325 4323 359 4358 ne
375 4306 536 4357 arctioribus
550 4307 646 4358 linibus
664 4309 744 4361 huius
796 4312 839 4360 Tu
856 4313 911 4363 vid.
932 4313 1019 4364 Marx.
1041 4313 1075 4362 ad
1089 4315 1192 4379 Ephori
1205 4317 1344 4382 Fragmm.
