3058 4928
566 276 814 336 EUTERPE.
837 275 879 335 H.
902 285 945 337 51.
1260 275 1322 336 549

191 455 247 526 καὶ
264 451 350 522 ἄλλα
374 447 457 540 πρὸς
476 448 641 538 τούτοισι,
660 449 701 522 τὰ
719 449 784 538 ἐγώ
802 444 1112 541 φοάσω,Ἕλιῑηνες
1133 447 1190 520 ἄνι’
1213 455 1320 537 Αἰγο-

192 563 299 629 ιιτίων
311 560 517 643 νενομίκασι.
557 559 617 623 τοῦ
635 555 672 624 δὲ
689 549 813 644 Ἑρμέω
826 551 867 624 τὰ
880 551 1053 642 ἀγάλματα
1068 550 1159 643 ὀρθὰ
1177 559 1265 642 ἔχειν
1280 552 1327 624 τὰ·

192 665 305 730 αἰδοῖα
327 662 504 738 ποιεῦντες
523 652 586 726 οὐκ
609 655 667 728 ἀπ’
689 663 888 745 Αἰγυπτίων
905 656 1135 748 μεμαθήκασι,
1163 653 1237 728 ttt'
1256 654 1321 728 ιἰιτό

192 767 377 851 Πελασγῶν
398 766 524 849 πρῶτοι
545 760 608 850 μὲν
622 758 792 851 Ἑλλήνων
806 756 964 831 ἁπάντων
977 757 1150 850 Ἀθηναῖοι
1170 770 1319 850 uapula-

191 867 328 958 βάντες,
346 862 436 953 παρὰ
458 865 495 935 δὲ
513 868 643 936 τούτων
663 855 774 936 ὧλλοι.
814 861 1021 952 Ἀθηναίοισι
1043 862 1124 955 γὰρ,
1142 860 1207 953 ἤδη
1226 891 1320 953 τηνι-

192 976 299 1041 ναῦτα
326 965 532 1058 ἐςἝλληνοις
553 973 722 1055 τελέουσι,
747 969 916 1053 Πελασγοὶ
940 965 1089 1037 σύνοικοι
1111 970 1265 1054 ἐγένοντο
1285 970 1322 1038 ἐν

191 1155 254 1204 pag.
274 1139 323 1188 774
344 1151 402 1202 seq.
416 1134 478 1188 coll.
497 1135 616 1188 Bohlenr
634 1137 733 1188 Iudieu

191 1210 214 1259 Ι.
234 1223 298 1274 pag.
317 1205 376 1258 182.

397 1377 462 1429 Cur.
484 1377 531 1457 LJ.

217 1469 352 1546 Ἕλληνες
368 1471 419 1531 ἀπ’
440 1475 603 1546 Αἰγυπτίων
621 1477 732 1543 νενομί-

190 1550 265 1618 nuce]
283 1553 307 1602 Ε
332 1567 407 1617 eeqq.
432 1551 578 1617 cogitando
601 1549 645 1600 hic
669 1548 732 1599 addi

190 1623 287 1674 volunt
305 1616 462 1686 μαθόντες,
486 1619 538 1670 hcc
561 1620 618 1670 iere
637 1635 731 1670 eenau:

191 1694 223 1744 ab
242 1693 374 1757 Aepyptiir
390 1691 473 1742 edocti
485 1707 516 1740 ea
529 1691 733 1741 inetituermrtiu·

190 1765 328 1826 etitutapue
340 1767 434 1822 teuent,
454 1773 476 1809 e.
496 1759 529 1809 ab
542 1759 674 1826 Aeppptiie
691 1773 733 1808 re-

192 1839 265 1895 cepta
281 1834 307 1882 in
324 1846 370 1880 νον
382 1829 480 1880 labent.
517 1829 575 1880 Nec
589 1829 732 1878 admodum

192 1901 297 1963 differt,
316 1899 388 1966 quod
404 1899 533 1950 continuo
552 1899 667 1964 legitur:
685 1889 732 1948 ἄττ’

191 1965 357 2036 Αἰγυπτίων
367 1962 557 2034 μεμαθήκασι.
588 1968 666 2019 Ocni.
685 1965 732 2030 IV,

225 2107 278 2158 τοῦ
294 2102 325 2158 dl
336 2099 443 2172 Ἑρμέω
457 2137 490 2147 -
505 2103 664 2172 ποιεῦντες]
679 2105 698 2157 i.
709 2121 732 2156 e.

189 2181 289 2245 [οοίνιιι
308 2178 434 2228 Mereruii
456 2184 557 2228 atatuce
575 2178 624 2238 itu,
647 2183 675 2226 ut
690 2175 735 2226 ta-

191 2248 496 2311 becnterertapudemic.
516 2245 734 2297 Pertinenthuec

191 2319 227 2370 nd
238 2320 363 2380 Hermae,
380 2317 426 2382 qui
439 2315 575 2379 dicuntur,
592 2331 615 2366 e.
626 2315 731 2380 lapidee

190 2389 252 2440 illos
269 2389 373 2438 formae
392 2387 557 2452 quadratae,
577 2386 675 2450 quibus
689 2400 731 2435 cc

173 2460 239 2526 'put
257 2458 315 2520 dei,
340 2457 461 2522 inprimis
481 2456 623 2517 Mercurii,
648 2455 732 2520 impo-

190 2531 271 2580 situm
285 2533 326 2579 eet
338 2527 514 2592 additumque
532 2525 680 2576 membrum
693 2525 733 2572 vi-

189 2599 238 2650 rile
252 2603 386 2660 erectum,
406 2595 499 2662 quulee
519 2595 673 2661 frequenter
687 2609 733 2644 nu·

190 2669 306 2734 tiquitne
324 2668 389 2732 poni
407 2665 532 2717 nolebant
550 2666 579 2715 iu
596 2664 677 2728 forie,
693 2665 733 2714 vi-

190 2740 238 2801 cir,
256 2737 356 2804 pluteis
369 2737 476 2803 viisque
489 2751 521 2785 uc
539 2735 661 2786 terminis
678 2751 732 2785 om-

189 2809 323 2873 nibusque
347 2807 404 2856 iere
427 2807 495 2856 lucie
513 2805 629 2870 privetis
647 2804 733 2869 publi-

190 2891 458 3008 titillet,
480 2874 733 3010 uitelli

191 3017 243 3067 hoc
264 3031 331 3080 opue
360 3014 521 3080 quadratum
545 3015 644 3077 iuieee,
667 3015 732 3065 iude

192 3087 227 3136 ed
250 3084 319 3136 aliae
344 3084 476 3136 Graeciae
498 3089 594 3150 gentes
616 3084 732 3137 urbeeve

191 3155 336 3206 deductum
353 3155 433 3206 tertia
452 3158 494 3204 eet
511 3155 663 3205 Pnureuiur
682 3155 731 3217 IV,

783 1137 899 1187 Hermes
915 1149 948 1184 ex
960 1133 1110 1184 columellis
1121 1135 1156 1183 ad
1166 1133 1234 1184 tinen
1246 1149 1323 1201 egro·

783 1221 842 1255 rum
859 1203 1042 1270 designandos
1058 1204 1154 1269 poeitie
1172 1218 1232 1252 cum
1250 1220 1323 1270 repe-

783 1278 862 1336 teret,
874 1273 993 1339 phullum
1004 1288 1059 1323 nnn
1069 1273 1123 1323 niei
1137 1273 1323 1338 luetigiiexor-

782 1344 867 1394 nendi
889 1359 973 1395 caune
992 1342 1114 1393 additum
1136 1347 1246 1408 putaret
1267 1359 1323 1394 om-

783 1429 897 1479 nemque
913 1413 976 1463 inde
987 1413 1146 1463 Hermnrum
1163 1417 1191 1462 et
1203 1427 1281 1463 neum
1296 1417 1324 1463 et

782 1483 1008 1550 aignificetionem
1038 1483 1072 1533 ed
1100 1497 1183 1534 uuum
1207 1481 1323 1534 limitum

783 1569 862 1605 urum
880 1558 908 1604 et
930 1557 1117 1603 ornamentum
1137 1553 1322 1618 restringeret.

785 1624 870 1686 Quem
889 1623 957 1674 satie
978 1622 1110 1673 refutavit
1126 1622 1259 1673 Herodoti
1276 1639 1323 1688 pa-

783 1693 899 1744 trocinio
923 1695 1050 1757 suscepto
1071 1691 1122 1744 Ed.
1142 1692 1271 1743 Gerhard.
1295 1693 1323 1742 iu

783 1764 858 1814 Diae.
878 1763 911 1814 tle
932 1762 1064 1828 religione
1080 1763 1239 1812 Herminium
1259 1761 1324 1828 (Be-

783 1833 862 1884 rolin.
883 1831 962 1898 1845)
979 1847 1006 1897 p.
1025 1835 1042 1882 4
1058 1847 1133 1897 eeqq.
1152 1833 1221 1882 etin
1237 1831 1323 1882 ultera

783 1904 868 1966 Diem,
882 1917 936 1968 que
949 1901 982 1952 de
992 1901 1105 1967 origine,
1123 1901 1324 1966 eignificetione

785 1977 813 2023 et
829 1987 880 2022 neu
898 1973 1058 2022 Hermurum
1073 1970 1224 2022 luculenter
1243 1987 1324 2036 expo-

784 2043 852 2093 euit:
882 2040 1101 2106 Hyperboreiech
1122 2068 1158 2078 -
1180 2040 1324 2092 Rlimieche

785 2111 907 2164 Studien.
943 2110 1004 2161 Vol.
1023 2111 1052 2160 11
1070 2107 1323 2176 (Archeeulogisch.

785 2181 918 2232 Nechleee
937 2196 987 2231 uue
1001 2180 1081 2246 Rom)
1098 2195 1162 2246 pug.
1178 2180 1230 2231 200
1246 2195 1322 2246 eeqq.

785 2253 836 2304 216
854 2266 929 2316 seqq.
965 2251 1040 2301 Deus
1064 2264 1128 2300 vero
1151 2249 1194 2299 ille
1218 2251 1323 2300 Mercu-

782 2321 852 2382 rius,
872 2321 916 2370 cui
933 2319 985 2370 hae
995 2320 1099 2386 figurae
1110 2318 1245 2384 phellicee
1262 2335 1325 2370 cnu-

783 2394 907 2440 eecretee
925 2394 997 2452 nunt,
1017 2404 1034 2438 u
1047 2388 1170 2454 Peluegie
1189 2388 1323 2440 adductus

783 2460 818 2510 ed
842 2475 888 2510 οοο
914 2458 979 2510 deos
1001 2459 1132 2525 pertinet,
1156 2459 1202 2525 qui
1225 2459 1253 2508 in
1276 2459 1324 2509 Sa-

782 2529 950 2580 mothracum
973 2529 1108 2595 myrteriie
1128 2527 1254 2580 coluntur
1274 2528 1324 2579 Oa·

782 2601 889 2666 birique
905 2598 988 2664 vulgo
1005 2603 1139 2650 vocentur
1155 2613 1242 2664 neque
1253 2597 1324 2648 ulinr

783 2684 849 2722 eune
865 2673 907 2719 est
915 2669 1065 2718 Mercurius
1081 2667 1142 2731 ille,
1155 2668 1193 2736 ,de
1211 2683 1264 2733 quo
1281 2667 1324 2716 ci-

783 2755 844 2792 cero
863 2739 896 2789 rie
909 2742 978 2788 natt.
992 2739 1074 2788 Deor.
1092 2737 1145 2800 ΙΙΙ,
1164 2739 1211 2788 22:
1235 2737 1324 2798 „Mer-

783 2811 874 2861 curius
893 2822 962 2858 unus
981 2805 1063 2858 Coelo
1086 2811 1178 2872 petre,
1199 2806 1251 2855 Die
1269 2821 1324 2855 ma-

782 2885 825 2930 tre
848 2883 943 2929 netur:
969 2876 1045 2927 cuiue
1070 2875 1231 2926 obscoenius
1254 2875 1324 2924 exci-

782 2954 842 3001 tate
859 2952 958 2998 nutura
976 2945 1106 3008 truditur,
1125 2944 1197 3010 quod
1209 2947 1324 3008 aspectu

782 3018 962 3083 Proserpinae
974 3019 1122 3066 commotus
1140 3013 1205 3063 eit.“
1241 3012 1324 3062 lutul-

781 3089 876 3155 ligitur
899 3086 970 3136 enim
993 3084 1143 3135 Mercurius
1167 3080 1323 3148 ithyphalli-

782 3173 843 3221 cns,
869 3157 916 3222 qui
936 3155 1035 3204 dieitur
1058 3159 1087 3204 et
1109 3157 1198 3204 erecto
1218 3152 1333 3202 luscino'

191 3225 234 3288 33,
256 3226 273 3274 4
294 3223 356 3274 coll.
375 3223 526 3289 Thucydid.
546 3224 594 3287 VI,
613 3226 656 3286 27,
676 3225 733 3274 eui·
781 3229 1013 3293 repraesentetur,
1031 3239 1092 3275 cum
1105 3223 1176 3273 ratio
1189 3223 1226 3273 eit
1245 3223 1323 3272 semi-

191 3311 263 3346 mum
275 3293 395 3344 advertit
406 3293 731 3359 opinorphalliceiurmu,
782 3297 852 3348 nelie
871 3296 988 3346 omnium
1007 3309 1095 3344 rernm
1113 3293 1140 3343 in
1161 3297 1261 3343 nature
1279 3307 1324 3357 ge-

191 3380 271 3431 quum
290 3365 319 3413 in
337 3363 438 3414 Bacchi
457 3364 542 3414 scurie
566 3363 674 3414 obvium
698 3379 732 3414 ex
782 3368 878 3428 nitrix,
898 3365 963 3415 eolis
982 3366 1024 3414 vie
1042 3368 1184 3430 vegetans.
1220 3361 1272 3425 Qui
1290 3361 1321 3411 Ο.

189 3437 315 3500 Aegypto
326 3431 408 3498 paulo
420 3437 484 3484 ente
496 3434 652 3498 repetierat.
670 3434 731 3484 Ηοο
783 3439 816 3488 0.
836 3421 965 3487 Muellero
984 3433 1119 3500 (Etruecc.
1144 3433 1166 3482 1.
1190 3448 1252 3498 pag.
1277 3431 1322 3495 77)

190 3521 224 3556 οε
244 3503 278 3554 de
300 3503 409 3554 Hermia
432 3502 601 3565 crederetur,
624 3503 731 3554 addidit
780 3509 852 3558 idem
870 3505 978 3556 videtur
994 3509 1076 3569 atque
1091 3503 1205 3553 Hermes
1224 3500 1323 3550 ebibo.

189 3576 257 3626 haec
274 3573 372 3636 verbu,
397 3573 494 3639 quibue
514 3573 545 3624 de
565 3573 670 3639 origine
690 3579 731 3623 te·
780 3579 854 3640 niue,
885 3575 930 3642 qui
961 3574 1078 3625 omnium
1109 3587 1196 3621 rernm
1225 3584 1323 3634 parens

189 3645 256 3696 lium
272 3643 606 3709 formetumphellicurnm
620 3641 730 3694 aliunde
780 3648 871 3698 omnin
899 3645 971 3695 boun
1001 3642 1153 3696 hominibus
1184 3644 1323 3705 praestare

190 3713 338 3780 repetenda
359 3729 408 3765 noe
435 3712 573 3775 edoceret,
598 3711 730 3778 simulque
779 3717 873 3768 fertur.

81 3803 83 3808 ·
189 3800 299 3836 cuneum
317 3785 358 3834 rei
379 3799 434 3834 uon
452 3789 509 3834 tem
527 3782 631 3848 aperire
650 3797 729 3847 quum
810 3778 988 3848 Ἀθηναίοισι
1016 3773 1068 3845 γὰρ
1093 3770 1148 3842 ἤδη
1167 3774 1323 3842 τηνικαῦτα

189 3854 338 3905 scientibus
357 3867 380 3905 e.
396 3853 526 3914 initiutie,
545 3851 580 3901 nd
591 3866 657 3918 quoe
672 3853 731 3917 ipee
780 3871 805 3906 ιι.
824 3871 847 3903 τ.
869 3853 904 3919 7.]
923 3850 1063 3902 Particula
1081 3839 1137 3914 ἤδη
1156 3847 1226 3898 mule
1242 3845 1322 3896 ebeet

189 3923 355 3988 pertinebat,
385 3922 539 3989 significare
562 3921 676 3972 studuit.
705 3921 728 3972 Ε
781 3941 798 3974 a
821 3923 891 3974 binis
916 3921 1005 3983 codd„
1034 3919 1069 3968 ub
1093 3918 1154 3968 eliis
1181 3931 1321 3982 perperam

188 3994 366 4060 Pelasgorum
384 3992 468 4043 aecrie
489 3991 574 4057 igitur
595 4006 656 4042 cum
674 3993 730 4042 No·
782 3991 956 4044 confunditur
984 4005 1044 4040 cum
1074 3980 1120 4053 δὴ,
1147 3985 1322 4052 significatur

190 4067 245 4113 ater
262 4063 378 4114 Hermes
395 4066 502 4128 repetat
523 4060 731 4128 religIoeumque
782 4063 852 4113 enim
867 4067 973 4125 tempus
992 4059 1055 4110 olim
1074 4058 1172 4119 iniere,
1192 4071 1245 4122 quo
1257 4071 1323 4105 non-

190 4147 300 4183 cuueam
319 4137 347 4182 et
365 4131 590 4197 significationem
605 4130 647 4180 hie
663 4129 730 4194 lupi·
781 4131 844 4182 dum
862 4129 1042 4180 Athenienses
1067 4127 1209 4180 Hellenum
1229 4127 1257 4176 iu
1274 4141 1322 4174 nn-

190 4201 269 4252 dibne
287 4202 327 4250 itu
350 4201 527 4252 conformatis
551 4201 662 4250 enbeeae
684 4199 730 4249 de·
781 4215 854 4251 mero
873 4199 975 4250 luerint
991 4197 1092 4259 habiti,
1115 4198 1143 4248 id
1165 4195 1237 4264 quod
1260 4211 1322 4245 con-

190 4271 289 4333 cleret,
321 4287 375 4321 non
407 4275 466 4320 erut
491 4269 627 4335 proiecto,
658 4268 730 4334 quod
782 4271 857 4321 veuit
874 4285 933 4323 cum
951 4269 1001 4330 iis,
1025 4267 1134 4334 quael,
1158 4265 1191 4317 57
1209 4278 1322 4316 numu-

189 4341 280 4406 Zcegu
302 4341 336 4390 de
359 4340 486 4390 obeliecc.
506 4354 569 4408 pag.
593 4337 643 4390 ult
662 4354 730 4404 seq„
782 4345 840 4404 tur,
857 4339 904 4390 ubi
921 4338 978 4391 vid.
997 4341 1067 4390 nott.
1103 4339 1226 4404 Namque
1240 4335 1321 4386 Athe-
