3086 4952
620 253 746 316 OLIO.
768 256 794 316 Ι.
818 265 879 320 141.
1000 266 1002 277 “
1255 254 1314 318 291

186 427 325 517 σόμενοι
346 427 463 510 πόλιας
482 427 619 498 πάντων
641 426 852 520 ἀνθρώπων,
882 435 950 500 τῶν
970 425 1064 520 ἡμεῖς
1084 435 1192 518 ἴδμεν.
1237 427 1317 502 οὔτε

188 530 252 620 γὰρ
272 529 314 601 τὰ
336 529 405 602 ἄνω
419 529 520 622 αὐτῆς
534 540 639 623 χωρία
651 531 760 604 τώυτό
775 537 880 605 ποιέει
893 540 933 626 τῇ
948 530 1075 624 Ἰωνίῃ,
1100 531 1179 606 οότε
1194 531 1235 604 τὰ
1254 534 1314 606 τιό-

189 663 251 721 τω,
271 633 348 706 ου”τε
363 627 405 705 τό
423 634 503 726 πρός
516 634 578 726 τὴν
593 634 659 726 η’ὦ,
683 633 761 708 οὔτε
775 635 816 708 τὰ
836 635 917 728 πρός
935 635 997 728 τὴν
1014 641 1175 729 ἕσπέρην,
1197 637 1238 708 τὰ
1252 639 1315 729 μὲν

189 735 255 810 ὑπό
274 745 334 808 τοῦ
347 745 476 830 ψυχροῦ
496 767 531 810 τε
551 742 607 810 καὶ
623 736 731 831 ὑγροῦ
750 740 942 830 πιεζόμενα,
960 741 1000 812 τό
1023 743 1061 813 δὲ
1074 738 1142 814 ὑπό
1155 749 1216 813 τοῦ
1229 755 1313 835 θερ-

189 848 254 932 μοῦ
274 871 309 912 τε
329 845 384 912 καὶ
403 841 603 934 αὐχμώδεος.
639 850 802 916 Γλώσσαυ
823 845 860 915 δὲ
880 842 921 915 osi
940 843 1003 936 τὴν
1022 843 1130 935 αὐτὴν
1149 837 1243 918 οὗτοι
1257 875 1315 918 νε-

187 953 355 1036 νομίκασι,
374 942 458 1018 ἀλλὰ
477 947 618 1038 τρόπους
635 952 791 1042 τέσσερας
810 953 1048 1040 παραγωγέων.
1088 957 1238 1040 Μίλητος
1251 952 1315 1042 μὲν

187 1116 342 1181 disquisivit
360 1121 387 1166 et
405 1133 464 1168 cnm
483 1117 530 1181 iis,
549 1133 618 1184 quae
634 1135 724 1170 recen·
775 1117 898 1169 Corinth.
922 1133 949 1182 p.
975 1115 1036 1166 490.
1061 1115 1123 1182 491)
1147 1117 1201 1168 dici
1225 1131 1316 1184 παρα-

186 1187 269 1236 tiores
297 1187 442 1252 scriptores
469 1187 632 1254 attulerunt,
663 1205 725 1239 con·
775 1179 900 1252 τροπὴν,
923 1186 996 1252 qnod
1012 1201 1094 1250 prave
1110 1186 1168 1236 illic
1182 1193 1316 1238 mutatum

187 1255 251 1316 tulit
279 1256 388 1308 Soldan.
419 1258 495 1310 Rerr.
520 1259 623 1311 Miless.
648 1259 725 1310 Com·
775 1257 857 1310 iuerit
880 1257 908 1306 in
937 1247 1123 1321 περιτροπήν.
1166 1255 1263 1324 Itaque
1287 1256 1317 1327 hi

187 1330 269 1378 ruent.
291 1327 322 1378 P.
346 1327 369 1378 I.
394 1344 422 1394 p.
445 1328 462 1380 8
485 1344 559 1394 seqq.
584 1329 645 1382 coli.
667 1329 724 1394 p.3
775 1331 892 1394 quatuor
916 1317 1018 1390 τρόποι
1042 1340 1064 1376 s.
1083 1323 1256 1391 χαρακτῆρες
1279 1327 1319 1376 in·

187 1411 262 1462 seqq.
775 1396 915 1464 telligendi
937 1399 1016 1446 amnt
1035 1393 1067 1446 de
1085 1395 1209 1446 dialectis
1226 1395 1319 1447 loceli-

222 1461 354 1530 τὰμὲν-
369 1457 525 1534 πιεζόμενα]
544 1468 724 1519 Retinuieum
775 1470 826 1518 bus
850 1483 873 1518 s.
899 1465 1064 1532 specialibus
1093 1457 1226 1532 (τοπικὰς
1249 1481 1318 1532 quas

186 1541 298 1587 recentt.
332 1533 393 1586 edd.
423 1536 535 1588 formam
565 1533 722 1603 πιεζόμενα,
774 1537 896 1604 dicunt),
916 1537 1025 1602 inques
1042 1534 1319 1588 abieritIonieadia·

187 1608 341 1672 neutiquam
356 1604 568 1671 sollicitandam,
592 1623 652 1659 curn
670 1609 724 1660 No·
773 1608 870 1670 lectus,
890 1623 959 1672 quae
969 1611 997 1656 ct
1009 1607 1069 1672 ipsa
1081 1611 1196 1657 vocatur
1208 1605 1319 1672 γλῶσσα

188 1681 243 1726 ster
268 1681 425 1727 constanter
453 1676 504 1728 hae
532 1678 606 1728 verbi
636 1679 724 1729 forma
771 1669 827 1735 Ἰὰς
845 1667 1005 1740 ε.’1ωνιιιι].
1041 1675 1125 1726 Plura
1141 1676 1262 1728 Fischer.
1283 1675 1318 1728 ad

187 1761 251 1796 usus
268 1747 305 1795 sit
321 1761 409 1810 neque
420 1739 595 1811 πιεζούμενος
608 1749 725 1813 scripse·
775 1746 885 1798 Wellsr.
904 1745 1023 1796 Gratum.
1041 1745 1121 1810 Spes.
1139 1744 1162 1795 Ι.
1182 1762 1208 1810 p.
1226 1746 1269 1798 38.

188 1817 238 1879 rit,
256 1815 327 1881 quod
346 1831 406 1866 cnm
424 1816 451 1864 in
469 1818 628 1882 quibusdum
646 1817 723 1868 libris
810 1815 940 1879 Μίλητος
956 1807 1008 1878 μὲν
1027 1807 1123 1864 αὐτῶν
1136 1807 1234 1879 πρτότη
1251 1831 1276 1865 κ.
1294 1830 1317 1865 τ.

187 1885 346 1936 Herodoteis
360 1883 424 1948 (111,
437 1886 494 1936 1411.
510 1888 557 1950 VI,
571 1887 629 1940 108.
642 1888 724 1950 VIII,
776 1883 811 1966 1.]
840 1875 937 1935 αὐτῶν
965 1882 1009 1932 hic
1038 1883 1166 1948 rescripsi
1188 1899 1237 1949 pro
1267 1875 1319 1934 αό-

190 1955 250 2020 142)
278 1955 425 2020 reperiatur
448 1956 564 2023 indeque
590 1959 671 2008 etiarn
696 1959 725 2008 ln
777 1957 880 2020 τεωυ,
905 1951 1039 2018 probante
1061 1953 1178 2005 Bredov.
1203 1969 1230 2020 p.
1256 1955 1318 2006 241.

190 2025 322 2076 editiones
339 2026 488 2090 irrepserit,
507 2029 534 2077 in
547 2027 725 2078 alteramIor-
775 2025 909 2086 Belsinon,
945 2037 1024 2088 quern
1049 2021 1172 2090 sequitur
1195 2023 1318 2088 Dietsch‚

191 2110 262 2146 marn
277 2095 465 2146 restituendam
479 2112 539 2148 esse
556 2097 726 2148 docuitBre-
775 2086 885 2144 αὐτέων
910 2093 1032 2144 retinnit.
1066 2093 1131 2144 Mox
1154 2093 1216 2144 dedi
1239 2091 1319 2145 αἵδε

193 2165 256 2216 dor.
273 2181 297 2229 p.
317 2165 365 2216 ses
384 2165 498 2232 itemque
512 2167 631 2218 Dindori
642 2169 726 2219 Prae·
776 2160 813 2214 δὲ
837 2156 868 2214 ἐν
887 2159 922 2211 τ’
940 2159 1048 2228 Λυδίῃ,
1075 2163 1122 2214 nbi
1146 2165 1215 2215 male
1235 2165 1317 2232 vulgo

193 2234 243 2284 iat.
263 2249 289 2297 p.
305 2234 407 2284 XXIII.
441 2236 540 2287 Atticis
565 2238 724 2303 posterioris
777 2234 860 2284 edunt
877 2179 921 2282 αό
931 2227 977 2282 δέ.
1015 2231 1059 2282 Ita
1077 2250 1184 2315 qupqne
1202 2235 1317 2301 Stepha-

193 2305 300 2366 actarii,
312 2303 454 2356 Plutarcho
465 2308 634 2372 praesertim,
653 2306 726 2358 haud
776 2320 827 2355 nus
838 2302 1008 2370 Byzantinus
1028 2318 1051 2353 s.
1071 2320 1098 2356 v.
1117 2303 1237 2370 Εφεσος.
1267 2305 1318 2356 Mi-

190 2373 341 2439 inireqnens
357 2369 453 2436 πιεζὲω
472 2375 531 2443 (pro
544 2373 651 2444 πιέζω)ε
671 2393 726 2443 qua
775 2375 823 2426 leti
840 2379 932 2424 antem
950 2371 1065 2436 Neleus,
1084 2373 1180 2426 Ionum
1198 2391 1221 2426 s.
1236 2374 1318 2426 Athe-

189 2444 223 2494 de
239 2460 268 2494 re
284 2444 339 2494 dlxi
356 2445 391 2495 sd
400 2445 539 2500 Plutarch.
551 2447 640 2499 alcio.
659 2463 723 2513 pag.
777 2445 909 2495 niensium
921 2443 984 2505 dux,
998 2443 1153 2496 consedisse
1165 2445 1259 2508 fertur,
1274 2461 1318 2496 ex·

187 2513 221 2565 82
240 2529 312 2580 seqq.
332 2514 393 2566 coll.
409 2516 452 2566 oo.
776 2514 861 2582 pulsis
884 2515 918 2564 iis
937 2513 1063 2580 gentibus
1084 2515 1222 2578 barbaris,
1248 2531 1318 2581 quse

221 2582 346 2648 γλῶσσαν
364 2579 395 2634 δὲ
413 2576 448 2634 οὐ
466 2577 519 2651 τὴν
536 2575 628 2650 αὐτὴν
645 2571 726 2636 οὗτοι
777 2585 839 2636 olim
857 2583 927 2634 hanc
945 2583 1082 2648 regionem
1100 2590 1244 2637 tenuerant
1269 2584 1316 2649 (ci.

188 2651 406 2722 νενομίκασι]
429 2656 447 2706 i.
468 2671 493 2706 e.
517 2657 543 2706 in
565 2671 612 2706 ιιαι
633 2655 727 2706 babent
777 2655 801 2717 1,
821 2653 892 2720 149).
928 2655 981 2717 Qui
996 2653 1096 2706 Neleus
1121 2671 1182 2707 cum
1201 2660 1256 2706 tres
1275 2669 1318 2705 nr-

187 2738 210 2774 s.
229 2730 340 2788 utuntur,
358 2727 395 2774 rati
409 2727 498 2776 solent.
536 2724 614 2775 Coul.
634 2726 657 2790 Ι,
676 2725 723 2776 131
770 2725 824 2790 ,bes
842 2723 997 2776 condidisse
1014 2723 1188 2789 perhibeatur
1211 2727 1318 2790 prester

187 2793 253 2857 ihiq.
270 2798 326 2844 not.
353 2799 380 2844 et
398 2793 460 2845 add.
479 2793 630 2846 Blomflsld.
649 2794 726 2847 Glos·
776 2794 913 2856 Miletum,
950 2793 997 2842 rix
1027 2793 1138 2843 dubium
1170 2797 1225 2854 est,
1257 2791 1318 2842 illas

187 2877 240 2912 sar.
260 2863 613 2929 inhesohyl.0hoeph.9d.
644 2863 726 2915 Haud
777 2865 861 2916 luisse
880 2863 1007 2926 Μγιιοετια
1031 2865 1059 2910 et
1076 2863 1196 2912 Prienen.
1239 2859 1318 2910 Unde

187 2932 267 2982 sliter
284 2933 439 2984 Herodotus
462 2935 499 2997 11,
519 2936 562 2985 42.
581 2935 629 2997 IV,
648 2935 707 2987 183.
777 2937 860 2986 etiam
883 2932 938 2982 illie
965 2930 1053 2980 tribus
1077 2943 1245 2980 communem
1269 2926 1319 2976 lin-

222 2991 289 3050 ἀλλὰ
306 2994 414 3067 τρόπου
446 2997 576 3068 τέσσερας
593 3019 725 3070 παραγω·
776 3018 858 3070 guam
883 3001 967 3050 inisse
989 3012 1068 3047 nemo
1090 2997 1242 3048 mirabitur.
1277 2997 1319 3046 De

187 3065 270 3138 γέων]
289 3072 308 3122 1.
328 3087 351 3123 e.
371 3019 478 3137 μόνον
494 3073 578 3126 modos
597 3075 726 3126 deductio-
777 3073 885 3138 Mpunte
908 3071 1015 3134 praeter
1032 3066 1167 3117 Herodoti
1190 3065 1266 3116 locos
1284 3065 1318 3128 V,

186 3157 241 3190 πειτα
257 3139 409 3209 (usurpant)
432 3158 454 3193 s.
475 3146 559 3209 lingua
580 3147 725 3195 etantanto
776 3142 810 3194 36
828 3144 856 3191 et
872 3139 922 3200 VI,
941 3137 959 3186 8
975 3135 1037 3186 vide
1059 3136 1177 3202 reliquos
1195 3139 1263 3186 vett.
1281 3133 1319 3186 lo-

187 3219 293 3276 pnstuor
310 3213 394 3263 modos
418 3220 443 3263 et
457 3215 630 3282 proprietates
647 3215 726 3265 deda·
777 3225 823 3262 cos
842 3207 915 3273 apud
933 3206 1074 3270 Forbiger.
1092 3206 1204 3258 Handb.
1223 3203 1249 3256 d.
1269 3204 1318 3256 alt.

186 3288 241 3344 ets,
266 3286 297 3330 ut
312 3281 400 3332 locum
419 3282 612 3348 interpretatus
631 3293 670 3335 est
687 3283 723 3334 H.
778 3281 876 3344 Geogr.
896 3277 933 3326 II.
958 3291 985 3340 p.
1009 3275 1060 3328 213
1077 3292 1148 3344 seq„
1173 3275 1319 3340 praecipue

188 3350 355 3415 Stephanus,
374 3351 506 3416 probante
519 3353 726 3420 Schweighaeu-
777 3351 896 3400 Psusan.
914 3343 983 3406 vn,
1003 3346 1028 3394 2.
1045 3347 1070 3406 ξ.
1090 3348 1119 3410 7,
1143 3345 1190 3410 qui
1206 3359 1319 3408 parvum

187 3435 257 3470 sero.
292 3421 390 3486 Agitur
407 3422 476 3474 enim
498 3421 542 3474 hic
561 3423 594 3474 de
610 3429 726 3489 quatuor
778 3419 806 3468 in
818 3433 883 3482 agro
900 3413 1008 3479 Myusio
1027 3413 1109 3462 maris
1127 3415 1217 3464 sinum
1234 3411 1320 3462 fuisse

187 3489 281 3540 formis
312 3491 440 3554 dirersis,
475 3492 503 3542 in
534 3509 601 3560 quas
629 3493 725 3543 Ionum
778 3487 888 3548 scribit,
911 3481 1094 3533 aMaeaudro
1112 3482 1195 3532 fluvio
1218 3480 1247 3560 in
1264 3485 1320 3562 sta·

186 3559 280 3626 lingue
291 3561 396 3624 abierit,
409 3577 531 3628 quasque
541 3565 569 3614 in
581 3561 634 3614 fine
645 3561 725 3611 huius
777 3573 859 3624 gnum
877 3555 916 3604 its
935 3566 1109 3613 conversum,
1140 3555 1170 3600 ut
1188 3549 1263 3598 urbis
1281 3565 1320 3598 ru·

80 3669 85 3678 ,
167 3631 286 3695 ,capitis
313 3635 395 3681 vocat
422 3630 600 3698 χαρακτῆρας
636 3630 724 3696 (coni.
778 3627 868 3689 colas,
888 3625 922 3676 ob
941 3623 1078 3687 ingentem
1097 3618 1214 3670 culicum
1232 3616 1320 3668 rime

187 3700 298 3764 Gregor.
314 3700 435 3750 Corinth.
450 3698 636 3768 pag.llseq.).
660 3702 727 3750 Eas-
777 3695 921 3764 paludibus
946 3696 1034 3742 ortam
1052 3689 1137 3770 'rebus
1163 3686 1220 3768 suis
1238 3685 1320 3768 ornai-
1375 3721 1377 3728 .

186 3769 246 3820 dem
265 3769 308 3820 hio
325 3769 444 3836 appellat
461 3763 644 3836 παραγωγὰς,
663 3770 681 3819 i.
701 3785 725 3820 e.
777 3769 827 3818 bus
852 3761 1000 3830 asportatis
1020 3757 1146 3839 Miletum
1162 3759 1319 3838 migrarintp

186 3839 352 3904 deflexiones,
376 3845 532 3892 mutationum
547 3856 657 3907 genere,
682 3855 726 3888 υα-
778 3835 908 3900 additque
932 3845 983 3880 sua
1005 3831 1106 3910 aptate
1120 3825 1187 3876 nrhrl
1207 3825 1321 3892 Myunts

188 3911 304 3967 τίεεοειτς
323 3909 455 3962 vocabulo
473 3911 590 3961 deducto
610 3924 626 3959 a
644 3907 727 3958 verbo
778 3904 917 3956 exstitisse
928 3899 981 3950 nisi
992 3899 1108 3962 Dionysi
1119 3895 1256 3962 templum.
1277 3896 1320 3950 ef.

187 3970 324 4043 παράγειν
343 3979 489 4043 (seducere,
506 3982 532 4030 in
548 3981 670 4031 diversum
683 3978 728 4027 da·
778 3975 861 4025 etiam
885 3971 937 4021 hac
966 3967 999 4018 de
1022 3983 1051 4018 re
1076 3967 1163 4020 Raeul
1188 3966 1321 4020 Roohetts

188 4063 258 4112 cere,
280 4049 408 4115 (testere),
433 4049 467 4100 de
489 4065 543 4114 quo
561 4049 616 4098 vid.
636 4047 663 4110 1,
682 4047 726 4100 sl.
778 4045 852 4094 Hist.
874 4041 908 4092 de
925 4036 1068 4090 l'e'tabliss.
1089 4037 1136 4090 des
1156 4035 1208 4090 ool.
1222 4037 1319 4104 Grecq.

189 4117 546 4184 HaecSchweighaeuserus
565 4122 666 4179 mouet,
682 4115 728 4166 ad·
778 4115 811 4164 T.
836 4111 888 4162 111.
913 4125 941 4176 p.
966 4107 1000 4160 85
1023 4123 1080 4176 seq.
1122 4107 1255 4162 Lehuert:
1279 4110 1321 4160 Do

189 4184 253 4236 deus
276 4193 430 4252 praeterea,
460 4188 553 4240 eodeni
577 4202 658 4238 sensu
685 4201 728 4236 ea-
779 4181 851 4233 loed.
868 4179 954 4230 Ionio.
973 4195 999 4246 p.
1019 4179 1036 4230 4
1053 4195 1110 4245 seq.
1146 4179 1187 4232 Ac
1204 4181 1264 4228 tota
1280 4193 1321 4226 ro-

190 4253 293 4308 demin
314 4274 343 4308 re
361 4275 378 4308 a
397 4258 528 4324 Gregorio
542 4255 681 4307 Corinthio
701 4258 729 4304 et
778 4252 858 4318 gioue
875 4249 939 4300 inde
957 4264 974 4300 a
990 4249 1145 4300 Pausaniae
1168 4251 1260 4298 aetate
1278 4244 1321 4296 vel

189 4323 289 4378 Ioanne
311 4327 495 4380 Grammatico
518 4324 586 4394 (rid.
614 4325 727 4391 Gregor.
778 4321 865 4389 magle
878 4323 984 4372 munta
996 4333 1044 4386 per
1054 4315 1235 4370 Maeandriin
1248 4329 1321 4366 maro

1048 4396 1111 4461 19*
