3008 4924
522 279 769 341 EUTnuPn.
791 280 834 341 II.
856 288 916 342 138.

1227 276 1288 338 745

155 457 311 543 γλῶσσαν
327 450 566 543 έστλἍρτεμις.
606 449 649 522 Τὸ
670 453 708 523 δὲ
725 449 800 544 ίρδν
814 449 916 544 αὐτῆς
937 443 1004 524 ὦδε
1020 460 1098 542 ἔχει.
1124 449 1213 542 πλήν
1231 457 1357 541 τής138

156 559 278 630 ἐσόδου
296 557 334 629 τό
348 557 429 628 ἄλλο
443 557 544 647 νῆσός
559 560 645 627 έστι·
671 561 707 628 έκ
722 557 787 646 γάρ
809 563 871 627 τού
888 565 1017 628 Νείλου
1039 556 1202 646 διώρυχες
1215 558 1287 626 έσέ-

155 683 269 752 χουσι,
290 660 331 732 οὐ
350 671 597 751 συμμίσγουσαι
617 658 793 751 άλλήλησι,
819 659 894 732 ἄλλ’
917 661 993 751 άχρι
1014 668 1072 752 τῆς
1093 659 1214 732 ἐσόδου
1229 667 1291 730 τού

155 773 231 857 ἑροῦ
252 768 391 856 ἑκατέρη
415 768 536 854 ἐσέχει,
558 761 579 855 ή
600 765 664 855 μὲν
684 771 724 858 τῇ
746 768 986 856 περιρρέουσα,
1008 761 1029 854 ή
1051 766 1088 835 δὲ
1108 771 1167 855 τῇ,
1193 755 1291 854 εὖρος

155 875 257 941 ἐοῦσα
272 872 411 960 ἑκατέρη
426 868 546 939 ἑκατὸν
562 875 695 953 ποδῶν,
718 872 874 958 δένδρεσι
887 869 1072 950 κατάσκιος.
1098 866 1138 939 τά
1154 868 1191 938 δὲ
1206 893 1288 956 προ-

155 974 280 1044 πύλαια
299 969 385 1057 door
403 973 466 1062 μὲν
489 977 570 1044 δέκα
590 970 756 1063 ὀργυιέων
783 975 868 1059 ἐστὶ,
896 973 1030 1043 τύποισι
1051 975 1089 1044 δὲ
1115 971 1290 1062 ἑξαπήχεσι

155 1075 376 1148 ἐσκευάδαται
391 1075 510 1161 άξίοισι
526 1077 638 1164 λόγου.
661 1075 717 1147 ἐὰν
732 1073 764 1146 δ’
778 1079 816 1147 έν
828 1081 911 1168 μέση
925 1082 967 1166 τῇ
981 1077 1057 1146 πόλι
1071 1075 1109 1146 τὸ
1120 1074 1195 1166 ipis
1208 1103 1288 1146 κατ·
1362 1097 1363 1100 ’

155 1188 271 1273 οράται
293 1182 464 1252 πάντοθεν
484 1181 663 1272 περιιόντι·
689 1178 747 1250 ἅτε
766 1178 830 1272 γάρ
851 1187 910 1270 τῆς
930 1179 1044 1262 πόλιος
1064 1181 1127 1270 μὲν
1145 1183 1289 1270 έκκεχω·

189 1341 207 1413 ἡ
235 1341 267 1398 δὲ
293 1341 449 1415 Βούβαστις
483 1343 556 1400 κατὰ
575 1339 697 1399 Ἑλλάδα

154 1416 283 1484 γλῶσσαν
312 1409 370 1468 ieri
391 1411 528 1486 Ἀρτεμις]
555 1419 618 1470 Vid.
642 1421 696 1470 Hc-

154 1490 244 1542 rodot.
264 1489 303 1550 II,
325 1489 375 1541 153
394 1494 421 1540 et
442 1491 536 1540 confer
553 1488 693 1541 Iablonsk.

153 1559 253 1609 Penth.
272 1559 358 1624 Aegg.
382 1559 437 1621 111,
457 1560 487 1622 3,
504 1561 587 1610 Vocc.
607 1562 693 1624 Aepg.

153 1645 217 1693 pag.
241 1628 275 1680 53
297 1644 366 1693 seq,
392 1629 487 1680 creua.
510 1629 631 1694 Symbol.
655 1629 694 1682 ΙΙ.

153 1713 216 1764 pag.
236 1698 288 1749 568
306 1713 381 1764 seqq.
418 1699 487 1749 Erat
503 1703 593 1750 autern
607 1701 694 1750 Buba-

152 1769 199 1816 stis
208 1783 306 1817 numen
319 1769 408 1818 lanae
419 1784 497 1818 novae
506 1768 546 1818 iel
559 1785 694 1820 renascen-

153 1839 195 1898 tis,
214 1839 271 1888 Deo
290 1839 371 1886 Luna.
410 1837 470 1899 Quo
481 1838 524 1888 vel
536 1855 633 1889 nomen
646 1839 695 1889 du·

153 1908 205 1969 cit,
230 1907 303 1972 qnod
329 1908 477 1972 interprete
494 1907 651 1959 Isbtonskio
675 1909 693 1958 l.

151 1976 171 2026 l.
191 1977 278 2026 valet:
302 1994 367 2042 quoe
385 1981 475 2028 sulcen
498 1978 577 2027 nudat
593 1977 637 2028 vel
653 1995 696 2030 re-

152 2050 222 2110 iepii,
240 2052 302 2096 aut:
318 2047 410 2109 faciem
423 2048 603 2111 nrultiplicansq
624 2047 696 2113 quod

151 2120 294 2181 utramque
314 2117 346 2166 de
368 2117 441 2166 hana
458 2117 598 2168 benedici
615 2131 696 2182 posse

152 2201 231 2236 nemo
253 2201 307 2236 non
329 2187 414 2237 videt.
456 2187 602 2252 Scyffarth:
633 2187 694 2237 Bei-

1 2257 2 2279 ¹
103 2294 105 2299 .
152 2259 230 2321 iniiga
248 2273 273 2307 κ.
292 2257 451 2306 Keuntniss.
468 2256 495 2308 d.
510 2256 559 2308 alt.
575 2258 693 2321 Aegypt.

152 2326 190 2376 ll.
211 2341 272 2390 pag.
300 2326 350 2378 130
366 2342 464 2376 nomen
484 2328 693 2391 interpretatur:

152 2397 242 2446 Lunae
270 2411 363 2446 coccae
385 2397 482 2447 δοκιυο.
523 2397 692 2447 Herodotum

151 2470 242 2515 autem
265 2466 333 2516 satia
356 2471 433 2530 patet
455 2483 525 2531 quae
548 2467 618 2517 ratio
638 2483 693 2516 mo-

151 2535 237 2598 verit,
260 2535 439 2586 utliubaaiia
464 2535 611 2602 explicaret
629 2538 693 2587 Dia-

150 2622 215 2656 αιαο.
243 2605 337 2670 Neque
349 2605 401 2656 hcc
412 2607 691 2671 praetermittendum,

150 2675 299 2737 Bubastia,
323 2691 394 2741 quae
422 2676 505 2727 Isidis
528 2675 586 2728 iilia
609 2677 691 2741 vulgo

150 2744 320 2808 perhibetur,
340 2751 368 2796 et
379 2746 464 2810 ipsam
480 2746 534 2796 dici
545 2747 692 2811 haberique

152 2814 252 2863 Isidem
271 2831 319 2880 pro
338 2831 371 2864 ea
389 2820 511 2865 veterum
530 2818 635 2866 ratione
650 2832 694 2866 co·

150 2883 266 2945 gitandi,
283 2899 345 2949 qua,
357 2899 426 2948 qnae
439 2885 548 2950 singula
560 2887 588 2935 in
601 2884 692 2950 aliquo

150 2953 259 3001 numine
275 2955 365 3003 inesse
382 2957 526 3017 putentur,
544 2971 576 3004 ea
592 2954 694 3004 disiun-

150 3025 195 3070 cta
222 3022 343 3072 efficiant
371 3037 442 3072 nova
469 3024 594 3086 numina,
624 3039 694 3088 qnae

150 3095 241 3140 tamen
260 3091 458 3155 quodammodo
477 3093 622 3143 coniuncta
638 3094 694 3142 sint

151 3175 276 3220 camec,
296 3177 329 3210 ex
350 3177 402 3226 quo
422 3163 583 3212 emanarint.
621 3163 692 3212 Hinc

33 3231 41 3246 '
149 3228 216 3279 illud
231 3229 359 3294 explicari
378 3231 471 3291 debet,
490 3231 562 3296 quod
575 3232 693 3297 Aeschy-

149 3298 206 3362 lus,
235 3305 266 3349 ut
295 3300 367 3350 infra
399 3301 536 3365 proditum
567 3301 692 3368 legimus,

149 3369 296 3436 Diunmnfi.
306 3385 330 3420 ε.
341 3370 484 3435 Bubastia)
498 3372 599 3422 Cereris
609 3371 692 3422 filiam

149 3437 257 3490 dixerit.
293 3441 362 3490 Nam
377 3441 455 3491 Ocres
470 3441 564 3490 eadem
578 3442 690 3493 Graecis

149 3512 205 3568 est,
225 3523 295 3572 quae
307 3509 359 3560 Isis
370 3510 522 3574 Aegyptiis,
540 3515 612 3562 teste
629 3513 689 3576 ipso

148 3577 279 3628 historiae
295 3584 382 3644 patre.
402 3579 538 3630 Bubastia
548 3597 620 3632 nunc
637 3581 691 3645 plc-

148 3663 261 3712 rnmque
289 3654 454 3714 componunt
479 3665 539 3700 cum
572 3667 604 3700 ca
630 3651 689 3714 dea,

149 3733 218 3782 quae
239 3719 267 3768 in
290 3719 485 3783 Aegyptiorum
509 3722 690 3771 monumentis

147 3792 261 3838 vocatur
279 3789 373 3838 Pascit
390 3805 412 3838 s.
433 3788 523 3849 Pccdt3
542 3789 597 3841 vid.
618 3792 690 3840 Ban-

147 3871 204 3907 sen.
221 3857 239 3906 l.
262 3856 280 3908 l.
305 3858 329 3909 I.
352 3875 416 3924 pag.
436 3858 487 3909 468
512 3863 539 3908 et
562 3860 619 3910 tab.
639 3859 688 3911 XI.

148 3923 217 3988 (aive
239 3925 277 3990 ΙΙ,
301 3929 339 3992 ε),
366 3928 530 3978 Willrinsou.
561 3929 689 3980 Manncrs

147 3999 199 4045 ctc.
216 4011 271 4047 sec.
290 4012 343 4048 aer.
362 3997 385 4048 I.
406 4013 469 4063 pag.
483 3999 534 4047 277
545 4014 622 4064 seqq.
635 3999 688 4050 111.

147 4065 204 4116 tab.
220 4067 263 4126 27,
277 4067 364 4118 2coll.
381 4068 414 4119 35
426 4068 459 4129 A,
470 4067 518 4116 ubi
532 4068 609 4130 deae,
624 4085 689 4134 qua-

147 4133 180 4182 lis
201 4136 230 4184 in
247 4135 314 4199 ipsis
334 4138 514 4189 monumentis
532 4153 689 4202 repraesen-

146 4207 229 4265 tatur,
242 4205 332 4270 imago
345 4207 495 4257 exhibetur.
532 4208 619 4258 Aliter
632 4213 688 4258 sta-

146 4273 200 4322 tuit
216 4274 319 4324 Roeth:
339 4276 437 4326 Gescb.
452 4275 478 4326 d.
495 4277 605 4329 abendl.
625 4278 688 4328 Phi-

144 4340 194 4392 los.
213 4342 236 4392 I.
259 4359 323 4410 pag.
348 4344 398 4396 136
422 4361 498 4411 εερρ.
517 4351 587 4398 nott.
606 4363 632 4412 p.
652 4348 687 4400 49

747 1349 884 1402 disserens
897 1349 991 1400 dehac
1004 1350 1064 1414 ipsa
1077 1347 1141 1410 dea,
1160 1363 1231 1413 quac
1242 1364 1289 1398 vo-

746 1425 825 1472 catur
838 1421 941 1483 Pascht,
961 1435 1041 1486 quarn
1055 1419 1090 1470 ad
1101 1418 1234 1469 Bubastia
1249 1433 1289 1468 re·

746 1491 812 1542 ferri
832 1507 914 1556 posse
935 1494 1030 1556 negat;
1056 1489 1091 1539 ad
1114 1488 1185 1538 hanc
1206 1489 1289 1553 perti-

745 1577 809 1610 nere
826 1560 885 1610 vult
900 1561 977 1610 deam
990 1560 1071 1621 Anci,
1090 1574 1160 1624 qaae
1172 1559 1288 1609 Osiridis

746 1636 774 1681 et
792 1630 876 1680 Isidis
894 1630 951 1680 lilia
968 1630 1090 1694 Horiqnc
1106 1645 1183 1679 soror
1200 1629 1289 1692 perhi-

744 1702 855 1760 beatur;
874 1701 930 1750 vid.
951 1699 1016 1749 ibid.
1036 1715 1099 1764 pag.
1120 1700 1287 1750 158etnott.

744 1787 808 1836 pag.
824 1771 882 1820 185.
913 1771 953 1820 Ac
965 1769 1081 1833 denique
1093 1769 1210 1819 conferri
1225 1785 1289 1832 qno-

747 1857 797 1906 que
810 1840 910 1904 poterit
919 1839 1062 1904 Ungaralli
1076 1840 1106 1888 iu
1113 1838 1213 1889 Annali
1226 1837 1286 1887 dell'

744 1911 863 2031 ἰοελίλιὲλθ.
883 1909 1044 1974 Arcbeolog.
1061 1909 1126 1961 1847
1140 1907 1185 1973 (Τ.
1199 1908 1288 1976 XIX.)

745 1996 809 2046 pag.
865 2015 872 2030 .

885 2151 951 2202 Car.
971 2151 1148 2203 CXXXVIII.

781 2247 918 2320 διώρυχες
935 2246 1072 2322 ἐσέχουσι]
1092 2256 1228 2307 Suutbini
1244 2273 1289 2307 ca-

745 2326 821 2376 nales
841 2342 855 2376 e
874 2325 936 2376 Nilo
961 2325 1085 2388 deducti,
1110 2327 1149 2376 ita
1172 2331 1216 2388 ut,
1240 2327 1287 2378 ubi

745 2396 874 2462 coniungi
892 2395 932 2444 illi
951 2395 1100 2459 debebant,
1120 2401 1193 2447 terra
1208 2397 1288 2447 relin-

744 2471 881 2531 queretur,
899 2481 953 2530 qua
965 2465 1094 2531 templum
1111 2467 1288 2518 circumcirca

744 2538 822 2601 aquis
835 2536 976 2601 utriusque
991 2536 1094 2587 canalis
1109 2538 1227 2588 cinctum
1244 2553 1288 2588 cc-

742 2607 837 2657 haeret
850 2621 911 2658 cum
923 2608 1081 2658 continenti.
1119 2608 1161 2658 Ad
1177 2608 1288 2658 verbum

743 2667 848 2742 έσέχειν
867 2676 940 2730 conf.
958 2681 1026 2727 nott.
1046 2677 1080 2726 ad
1099 2678 1136 2738 II,
1156 2678 1198 2728 11.

778 2738 920 2796 τύποισι
942 2737 974 2794 δὲ
999 2737 1150 2810 ἑξαπήχεσι
1175 2737 1287 2796 έσκενά-

745 2813 840 2879 dccci]
852 2806 962 2871 τύπους
972 2815 1096 2880 intelligo
1109 2816 1219 2880 figuras,
1232 2821 1287 2865 sta-

745 2890 808 2935 tuas
837 2885 988 2945 hominum,
1016 2883 1100 2949 lapidi
1125 2885 1285 2949 insculptas.

744 2956 802 3004 Ncc
820 2954 875 3011 alio
893 2969 974 3004 sensu
992 2953 1020 3003 in
1039 2954 1160 3032 proxime
1173 2970 1286 3018 sequen·

745 3025 817 3074 tibus
845 3023 914 3072 dixit
940 3016 1057 3086 uipuctq
1082 3015 1285 3087 ἐγγεγλυμμένη

743 3086 897 3142 τύποισι.
934 3092 997 3142 Vid.
1017 3097 1087 3142 nott.
1107 3092 1141 3142 ad
1165 3093 1202 3155 II,
1224 3093 1284 3144 136.

743 3163 842 3227 Itaque
853 3162 886 3212 de
905 3162 978 3211 notis
989 3159 1200 3227 hieroglyphicis
1216 3179 1286 3228 quae

743 3232 884 3292 dicuntur,
903 3231 959 3281 noli
968 3230 1130 3297 intelligere.
1166 3233 1285 3284 Verbum

742 3292 936 3364 ἐσκευάδαται,
948 3315 1110 3366 quamquam
1122 3318 1154 3352 ex
1164 3303 1215 3354 hoc
1226 3303 1286 3354 loco

743 3372 823 3421 affert
840 3370 1002 3422 Eustotbius
1019 3373 1053 3422 ed
1069 3372 1159 3436 Odyss
1177 3365 1203 3436 η’
1222 3389 1285 3439 pag.

744 3441 812 3492 1569
830 3456 853 3490 ε.
873 3441 933 3502 271,
953 3441 994 3490 dis
1014 3441 1080 3492 licet
1097 3443 1233 3494 Bredovio
1257 3461 1284 3508 p.

742 3510 793 3562 334
824 3511 966 3576 reponenti
996 3457 1159 3562 δοκεύασται
1190 3517 1286 3564 contra

742 3580 860 3632 omnium
878 3579 1007 3632 librorum
1027 3583 1228 3634 auctoritatem.

775 3647 929 3714 κατορᾶται
957 3643 1106 3700 πάντοθεν
1133 3643 1284 3718 περιϊόντι]

741 3721 760 3771 i.
779 3736 803 3770 ε.
823 3736 876 3770 ενοι
893 3724 1005 3783 ternplum
1022 3722 1104 3772 acedia
1120 3723 1146 3771 in
1162 3722 1225 3772 arde
1241 3724 1284 3778 cit.

740 3791 848 3856 undique
865 3794 1017 3853 conspicitur
1030 3793 1192 3842 circumcirca
1210 3807 1232 3840 s.
1250 3791 1285 3841 ad

740 3860 866 3910 verbnm:
885 3863 998 3923 templum
1016 3889 1047 3898 -
1068 3863 1176 3927 undique
1194 3861 1226 3910 ab
1246 3877 1284 3924 eo,

741 3933 784 3994 qui
791 3931 932 3990 circumeat,
951 3932 1064 3993 conspici
1074 3939 1165 3993 potest,
1185 3931 1285 3996 quippe

740 3997 876 4048 humiliori
899 3997 959 4048 loco
978 4001 1112 4064 positum,
1134 4016 1194 4050 cum
1219 4001 1283 4050 urbs

740 4069 801 4134 ipsa
836 4068 1013 4119 circumcirca
1041 4069 1069 4118 in
1099 4068 1190 4120 altiori
1223 4069 1281 4120 solo

740 4135 886 4188 aedificata
908 4139 954 4188 sit.
996 4137 1075 4188 Coni.
1106 4139 1141 4190 ad
1170 4141 1208 4201 Il,
1232 4139 1281 4190 137

738 4210 808 4256 nott.
847 4207 926 4268 Quod
938 4207 1063 4272 sequitur
1077 4200 1199 4256 ἔσοατόν
1213 4199 1280 4272 ἔστι,

738 4275 993 4341 Schweighaeusero
1007 4277 1150 4328 obscurum
1163 4279 1281 4328 videtur.

737 4345 870 4411 Equidem
887 4361 919 4398 co
935 4346 1039 4410 refero,
1059 4348 1144 4412 quod,
1163 4363 1224 4398 cum
1237 4363 1282 4398 so·
