3086 4952
617 307 791 370 0L10.1.
815 317 877 374 139.
1251 305 1313 368 285

185 478 354 566 φέροντες.
392 473 443 556 Ἐς
464 475 612 571 ποταμὸν
628 479 665 548 δὲ
687 476 765 549 οὕτε
784 481 996 570 ἐνουρέουσι,
1017 474 1096 549 οὔτε
1117 453 1311 570 ἐμπτύουσι,

186 577 227 650 οὐ
241 596 353 670 χεῖρας
366 582 632 664 ἐναπονίζονται,
651 578 731 651 οὐδὲ
744 580 846 676 ἄλλον
858 580 981 654 οὐδένα
995 587 1209 675 περιορέωσι,
1228 581 1313 653 ἀλλὰ

186 686 341 772 σέβονται
369 681 536 771 ποταμοὺς
561 683 711 772 μάλιστα.
762 690 829 756 Καὶ
853 685 929 756 τόδε
953 684 1034 756 ἄλλο
1054 709 1115 776 σφι
1138 678 1205 758 ὦδε
1225 708 1309 776 συμ-
1322 699 1381 762 139

184 789 338 858 πέπτωκε
358 793 533 874 γίνεσθαι,
553 785 591 856 τὸ
603 790 734 878 Πέρσας
752 789 814 876 μὲν
833 785 954 868 αὐτοὺς
973 793 1112 878 λέληθε,
1132 787 1233 881 ἡμέας
1251 794 1313 880 μέν

183 917 234 960 τοι
248 887 299 960 οὔ.
329 889 370 958 τὰ
383 887 553 979 οὐνόματά
565 914 644 980 σφι,
665 890 762 961 ἐόντα
775 887 872 980 ὃμοια
886 907 972 960 τοῖσι
987 891 1114 980 σώμασι
1129 897 1184 965 καὶ
1198 900 1238 986 τῇ
1252 923 1311 985 με·

183 1087 204 1140 l.
222 1088 393 1139 Herodotum
416 1089 513 1152 iniis,
538 1105 609 1156 quse
632 1091 665 1143 du
684 1108 727 1145 οο-
777 1109 836 1144 rum
855 1092 1002 1144 sanctitate
1012 1093 1226 1159 praecipiuntur.·
1250 1095 1315 1148 Vid.

185 1158 283 1208 lumbis
296 1159 420 1224 scripsit,
441 1174 530 1210 errore
541 1159 647 1226 lapsum
666 1178 727 1214 esse
777 1163 877 1216 Roatb.
896 1163 916 1214 l.
936 1162 954 1212 l.
974 1178 1001 1228 p.
1021 1159 1081 1212 428.

184 1229 304 1290 iudicat,
333 1229 369 1278 ad
394 1230 493 1280 Persas
516 1231 726 1283 transferentem

186 1313 232 1360 ea,
252 1312 323 1364 quae
338 1297 370 1348 de
382 1298 503 1365 Assyriis
522 1305 550 1350 et
565 1301 725 1368 Babyloniis

185 1367 304 1420 valeant.

186 1427 724 1560 eti*1⁰²²³¹2i⁹ti²ititzd⁰⁰t¹ti
774 1428 842 1557 12⁶
861 1429 1315 1575 siit⁶t⁶,t*t,tt¹tttii²tst

184 1545 542 1644 proxime’anteoedsntibus
552 1579 651 1630 retinui
663 1595 723 1630 curn
774 1577 829 1642 ipsi
850 1523 1092 1629 Plsrsacpanimum
1115 1594 1168 1628 non
1191 1544 1316 1628 adr'rerts·

185 1647 310 1698 Dindorf.
331 1647 472 1712 vulgatam
494 1645 594 1698 πολλοὶ
614 1641 724 1710 disimi-
774 1651 849 1710 runt,
878 1649 1002 1714 equidem
1025 1665 1090 1700 vero
1111 1649 1171 1714 (qni
1194 1647 1315 1698 Graecus

185 1729 280 1780 νουσι,
311 1717 389 1768 cuius
417 1717 478 1768 loco
508 1718 680 1770 Gaistordius
709 1734 724 1769 s
775 1716 888 1768 Graecis
902 1717 1168 1786 soriboborninibus)
1186 1716 1315 1768 benend-

184 1785 305 1838 Piorent.
329 1787 389 1837 cod.
409 1787 531 1838 ediderat
554 1784 654 1838 πολλοὶ
676 1783 725 1838 nui
774 1787 854 1836 verti.
883 1788 915 1838 In
930 1788 1154 1839 antecedentibus
1171 1785 1314 1852 quodEita

185 1849 348 1918 ἐλούνουσις
386 1857 547 1908 Schaeisrus
577 1863 724 1923 praeeunte
775 1855 901 1920 (Jahrbb.
915 1858 935 1908 1.
944 1857 1209 1922 Philol.u.Peedag.
1219 1855 1314 1920 SuppL

184 1927 270 1978 Corae
293 1925 406 1976 dederat
426 1919 512 1977 πάλιν
535 1919 724 1988 ἐξελαύνουσι.
777 1926 827 1977 IX.
846 1941 871 1991 p.
888 1926 948 1992 115)
967 1927 1092 1978 voculam
1104 1915 1159 1978 dte
1175 1926 1229 1976 nisi
1241 1941 1316 1990 pror-

150 2013 153 2020 ·
186 1996 265 2059 Quod
287 1995 400 2047 Rsiakio
418 1997 446 2046 in
468 2001 585 2048 mentem
602 2002 723 2060 venerat,
778 2010 824 2046 sua
843 1995 998 2059 delendam,
1015 1997 1043 2047 in
1060 1989 1089 2046 ἐκ
1107 1993 1197 2046 τοῖνδε
1211 1999 1316 2045 mutan-

184 2065 212 2115 id
230 2081 313 2115 unum
329 2066 419 2131 placet
437 2067 572 2118 Brodorio
591 2083 617 2133 p.
631 2068 666 2120 85
683 2072 724 2118 at-
777 2065 840 2116 dam
857 2081 918 2117 esse
935 2071 1042 2129 censet,
1067 2066 1138 2132 quod
1156 2067 1316 2130 interpreta-

187 2149 240 2200 que
257 2134 502 2188 indeaDIetschio
517 2141 655 2202 receptum
672 2141 723 2201 est,
776 2139 821 2186 tur
840 2145 991 2200 praeterea,
1023 2136 1087 2186 mihi
1111 2135 1186 2186 nulla
1207 2135 1315 2186 videtur

187 2201 397 2272 quivoculasui
411 2207 498 2258 eiecta
516 2203 616 2258 πολλοὶ
635 2213 724 2257 trans·
776 2219 843 2284 opus
862 2221 922 2257 esse
938 2206 1080 2257 verborum
1098 2208 1256 2257 metanoea.

931 1335 996 1386 Cas.
1017 1333 1166 1386 CXXXIX.

189 2273 251 2352 tulit
265 2277 328 2324 ante
344 2272 391 2326 ιια1
409 2268 458 2334 τὰς
481 2269 580 2333 λευκὰς
598 2290 723 2341 περιστε-

188 2359 247 2407 ρας.
266 2343 397 2412 01.ο1ἰορι
404 2347 529 2398 Crenaer.
541 2347 722 2412 adFragmrn.

185 2413 249 2464 bist.
281 2429 308 2479 p.
331 2415 388 2466 106.
431 2416 561 2482 Stegerus
585 2415 723 2482 (Praesat.

185 2483 220 2534 ad
234 2483 367 2536 Herodot.
380 2501 406 2551 p.
416 2485 454 2550 X)
472 2487 639 2536 coniecerat:
656 2485 724 2535 πολ-

183 2553 218 2620 λῇ
236 2551 346 2621 κραυγῇ
364 2555 393 2620 (i.
406 2571 430 2606 e.
449 2559 523 2607 rmdio
539 2558 655 2616 elamore,
670 2571 723 2622 quo

184 2623 244 2674 scil.
264 2631 437 2676 occurrentes
456 2627 587 2678 admoniti
609 2626 661 2676 sibi
680 2641 724 2676 ca·

183 2698 267 2743 veant
298 2709 315 2744 a
339 2695 469 2760 pestifero
497 2695 603 2746 iliorum
632 2695 722 2762 tactu)

184 2753 334 2812 transcen
348 2755 377 2813 ἐκ
395 2762 445 2830 τῆς
459 2758 560 2831 χώρης.

219 2823 247 2889 ἐς
264 2825 396 2899 ποταμὸν
418 2827 450 2884 di
468 2825 534 2884 οὔτε
551 2825 723 2900 ἐνουρέουσι,

184 2892 250 2952 οὔτε
267 2896 423 2968 ἐμπτύουσι
440 2919 465 2954 ιι.
478 2920 501 2954 τ.
514 2903 549 2970 1.]
573 2903 724 2955 Admodum

185 2975 318 3037 negantes
346 2973 391 3025 hic
418 2974 528 3025 variant
558 2974 745 3040 particulaer·

184 3033 249 3090 οὔτε
267 3072 303 3082 -
323 3034 389 3094 οὔτε
404 3073 439 3084 -
457 3035 537 3094 οὖ-
551 3035 632 3106 etot,
652 3044 724 3110 quod

183 3111 271 3176 ipsum
298 3112 396 3164 turtius
419 3117 513 3180 negat.
553 3113 655 3178 Attigit
678 3129 725 3164 no·

184 3185 270 3232 strum
287 3181 377 3234 locum
394 3185 440 3235 Pr.
458 3184 567 3234 Franke
590 3183 643 3245 (De
662 3197 724 3248 par-

183 3251 248 3303 tioc.
261 3267 341 3319 negg.
356 3254 459 3306 Comm.
474 3253 512 3305 11.
526 3251 627 3304 Rintei.
644 3251 723 3317 18³³)

183 3335 210 3386 p.
235 3319 269 3372 2³
283 3328 428 3402 ,recteque
457 3328 578 3374 statuere
604 3324 722 3384 videtur,

183 3405 232 3456 pro
256 3404 291 3440 on
316 3407 349 3442 ex
371 3409 425 3444 uno
447 3393 516 3444 libro
538 3393 722 3458 recipiendum

184 3475 245 3510 asse
273 3451 352 3526 οὔτε,
382 3465 471 3529 prouti
498 3465 551 3514 iam
576 3464 670 3514 Rcinio
696 3467 723 3512 et

184 3529 332 3582 Sohasfero
359 3537 418 3584 erat
441 3534 538 3585 visum.
574 3533 638 3582 Mox
664 3531 724 3582 reli·

183 3601 230 3665 qui
248 3599 429 3665 περιορέωσι,
454 3619 468 3654 e
486 3603 646 3654 Florentino
669 3601 724 3651 edi·

184 3675 241 3720 tum
254 3685 303 3736 pro
314 3669 480 3736 περιορῶσι,
499 3671 570 3738 quod
582 3671 630 3722 alii
644 3671 722 3722 codd.

184 3739 309 3790 afferunt.
345 3742 471 3792 Recentt.
491 3741 552 3793 edd.
567 3757 638 3791 nnnc
657 3741 724 3791 scri·

183 3809 252 3859 bunt
271 3809 466 3874 περιορέουσι;
486 3812 523 3862 of.
538 3811 631 3862 landd.
652 3810 723 3872 adl,

185 3880 243 3929 1¹2⁴.
262 3878 304 3929 Ad
317 3886 504 3946 argumentum
514 3880 568 3932 loci
579 3879 643 3931 nolo
653 3895 724 3931 nunc

810 2291 844 2324 ru
868 2267 1013 2340 οὐνόματα
1035 2289 1100 2341 σφι,
1125 2269 1208 2326 ἐόντα
1227 2266 1314 2340 ὁμοῖα

774 2346 849 2395 τοῖσι
861 2339 968 2409 σώμασι
978 2341 1025 2396 nui
1041 2343 1077 2413 τῇ
1087 2343 1313 2412 μεγαλοπρεπείῃ

774 2431 800 2464 ιι.
813 2430 837 2464 τ,
852 2413 887 2480 1.]
907 2415 1024 2467 Nomina
1039 2417 1162 2479 Persica,
1182 2430 1252 2482 quae
1265 2429 1313 2480 pa-

774 2486 840 2536 riter
859 2485 888 2547 (i.
903 2502 927 2538 e.
942 2486 1001 2551 pari
1020 2485 1091 2551 apud
1110 2501 1202 2537 omnes
1221 2481 1312 2549 modo)

774 2559 830 2604 tum
857 2555 890 2606 dc
913 2556 1034 2620 corporis
1059 2556 1166 2618 habitu,
1193 2561 1251 2606 tum
1279 2553 1313 2604 de

775 2625 909 2690 dignitate
931 2629 1013 2691 atque
1034 2626 1120 2691 gradu
1144 2625 1313 2691 singulorum

774 2695 899 2746 desumta
908 2696 1022 2758 fuerint,
1042 2711 1064 2746 s.
1076 2695 1177 2760 pariter
1188 2702 1246 2745 turn
1256 2709 1314 2744 cor·

774 2766 847 2831 pori,
878 2769 935 2815 turn
965 2766 1093 2830 dignitati
1120 2761 1313 2830 (singulorum)

774 2835 970 2900 respondeant,
994 2835 1085 2884 omnia
1103 2836 1131 2884 in
1154 2833 1266 2884 eandem
1285 2833 1315 2882 ii-

775 2911 861 2956 teram
879 2906 966 2966 exire,
982 2919 1052 2968 quae
1062 2904 1181 2954 Doribus
1193 2902 1256 2964 San,
1271 2902 1314 2950 Io-

775 2975 854 3024 nibus
871 2975 956 3040 Sigmc
974 2973 1024 3034 sit,
1043 2971 1176 3022 Herodoti
1195 2975 1237 3020 est
1255 2985 1314 3020 sen-

776 3044 872 3094 tentia.
907 3045 1036 3093 Extrema
1062 3041 1146 3092 verba
1171 3040 1314 3106 praecipue

775 3113 951 3164 adverterunt
968 3112 1042 3161 viros
1061 3112 1169 3174 doctos,
1195 3110 1315 3177 Scalige-

774 3199 848 3244 rum,
867 3182 961 3247 Hyde,
986 3182 1152 3234 Gatakerum
1172 3181 1312 3244 (Adverss.

774 3253 850 3303 XXI.
874 3269 901 3318 p.
921 3252 998 3315 ool),
1017 3251 1100 3314 alios,
1128 3251 1175 3318 qni
1192 3251 1315 3302 Herodo-

774 3327 832 3372 tum
852 3323 879 3371 in
898 3322 940 3371 his
963 3321 1069 3386 lapsum
1092 3337 1151 3372 ssss
1170 3321 1314 3372 contende-

775 3396 850 3454 rent,
869 3392 969 3456 quipps
988 3391 1131 3455 deceptum
1145 3392 1251 3442 Graeca
1268 3406 1315 3440 no·

775 3463 876 3512 minum
909 3461 1079 3511 Persicorum
1112 3459 1314 3520 terminatione,

775 3547 858 3596 quac,
880 3535 912 3580 ut
929 3530 1020 3580 omnia
1037 3529 1094 3579 iere
1110 3529 1253 3594 peregrina
1268 3544 1316 3578 vo-

775 3600 874 3652 cabula
890 3597 1033 3650 masculini
1055 3598 1178 3664 generis,
1202 3597 1315 3662 plerum·

775 3687 827 3737 que
849 3671 954 3722 Graeco
975 3683 1099 3718 sermone
1118 3668 1146 3716 in
1168 3667 1238 3716 hanc
1256 3665 1315 3716 lite·

774 3757 832 3792 ram
854 3744 961 3790 exeant.
1003 3737 1125 3799 Addunt,
1152 3751 1221 3802 quaa
1242 3751 1314 3786 nunc

774 3811 802 3860 in
816 3812 960 3861 Persarum
978 3807 1071 3872 lingna
1083 3807 1256 3856 inveniantur
1268 3822 1314 3856 no-

774 3881 861 3942 mina,
879 3877 1052 3930 Herudoteae
1069 3877 1221 3928 sententiae
1238 3876 1315 3926 mini-

183 3947 279 3998 aderrs
294 3947 409 4000 aliorum
426 3950 588 4016 scriptorum
604 3951 725 4001 testimo·
774 3965 816 4000 me
846 3963 1003 4014 congruere.
1049 3947 1085 3997 At
1109 3945 1143 3997 ds
1169 3949 1313 3997 Persarum

183 4017 229 4067 uin
242 4018 276 4068 de
286 4019 425 4070 fluminum
444 4019 527 4082 cuitu,
543 4019 658 4071 collecta
676 4019 724 4070 illa
774 4019 931 4084 linguauon
944 4017 1087 4068 recentiori
1098 4017 1145 4068 sed
1157 4017 1313 4084 antiquiori,

183 4087 292 4151 quidem
310 4103 327 4138 a
344 4089 485 4140 Briasonio
505 4090 523 4140 l.
545 4089 563 4140 l.
583 4090 622 4141 11.
645 4089 670 4152 ξ.
689 4091 723 4140 12
775 4089 851 4140 ouius
874 4088 921 4137 vix
943 4087 999 4138 uila
1022 4089 1177 4138 accuratior
1200 4085 1235 4137 ad
1262 4101 1312 4136 nos

184 4171 270 4222 seqq„
291 4159 339 4209 sed
353 4158 405 4209 hoc
418 4160 504 4210 teneri
516 4159 609 4222 selim,
630 4175 663 4208 ex
682 4175 723 4222 eo,
775 4157 884 4210 devenit
895 4157 1003 4218 notitia,
1016 4157 1171 4208 Herodotus
1182 4155 1313 4222 loquitur.

158 4221 164 4236 ’
184 4225 255 4290 quod
268 4243 341 4293 aqua
353 4243 439 4294 aeque
457 4233 540 4294 atque
554 4219 658 4294 reliqu'a
672 4229 724 4278 ele·
774 4229 848 4278 Bene
862 4226 914 4278 hoc
931 4227 1002 4276 vidit
1017 4229 1049 4277 A.
1066 4227 1098 4278 G.
1116 4225 1240 4290 Sohlegel
1256 4225 1313 4287 (cu-

185 4302 275 4346 menta
303 4312 382 4348 sacra
408 4297 595 4359 habebantur,
627 4302 724 4362 sponte
774 4299 817 4348 ius
834 4311 877 4348 me
894 4296 1035 4348 admonuit
1048 4296 1106 4357 Cn,
1125 4297 1153 4346 in
1164 4295 1253 4344 Indic.
1267 4294 1314 4342 Bi-

184 4363 264 4416 dusre
283 4381 328 4430 en,
348 4381 417 4432 quus
437 4367 567 4418 hocloco
585 4366 724 4419 defluvio·
774 4366 869 4417 bliotb.
890 4367 928 4431 11,
947 4366 973 4420 3.
992 4381 1019 4432 p.
1038 4365 1090 4418 308
1106 4363 1209 4430 asom),
1227 4363 1314 4412 Hero·

1279 4486 1332 4496 Δ
