3032 4916
521 257 773 318 EUTERPE.
795 259 838 318 11.
863 268 922 322 128.
1227 262 1288 324 723

150 423 191 495 ιιύ
213 424 320 522 κάρτα
333 427 476 496 θέλουσι
496 428 675 514 Αἰγύπτιοι
696 427 910 520 οὐνομάξιιν,
930 429 1015 503 ἀλλὰ
1030 433 1087 502 acl
1105 431 1164 514 τὰς
1178 459 1287 526 πυρα-

149 632 296 691 rexarunt,
321 632 351 678 ut
369 627 505 680 noluerint
522 631 626 694 posteri
642 647 693 682 uo·
743 633 790 698 qui
807 637 939 684 vocantur
950 624 1071 698 ‘Taouic,
1090 631 1288 701 impermiste

149 699 222 748 ιιιίιιιι
241 713 333 748 eorum
351 713 459 748 servare
477 702 505 748 et
522 701 691 764 posteritatis
743 698 884 766 ποιμένες,
904 708 935 752 ut
947 703 1141 768 interpretatur
1153 704 1285 769 Iosephus

149 768 294 817 memoriae
316 769 434 819 tradere.
476 769 515 818 Ac
538 770 690 820 Larcberus
741 771 802 822 loco
820 772 947 837 primario
966 789 1000 824 ex
1017 773 1190 824 Manethonis
1209 774 1286 826 libris

147 837 210 886 inde
233 836 354 903 colligit,
379 836 412 888 de
435 840 605 903 pyramidum
629 856 691 891 con·
742 841 824 892 ducto
842 847 929 892 contr.
948 843 1047 908 Apion.
1065 844 1087 906 Ι,
1110 844 1156 906 14,
1175 843 1220 894 vel
1238 859 1285 909 po·

149 905 293 969 ditoribus,
311 912 343 957 ut
361 908 415 957 iam
434 906 540 958 Plinius
558 916 637 960 notat
653 911 688 962 H.
741 912 796 962 tius
820 920 950 974 postorum
984 929 1071 977 repes,
1106 919 1136 964 ut
1165 913 1284 978 explicat

148 975 182 1027 N.
201 977 345 1038 xxxvn,
367 978 413 1039 12,
440 993 534 1044 parum
553 985 688 1042 constare,
740 981 841 1032 Roeth:
868 981 1029 1033 Geschichte
1049 982 1075 1032 d.
1093 983 1202 1034 ahendl.
1221 984 1284 1034 Phi·

147 1061 208 1096 cum
225 1046 274 1096 alii
293 1047 373 1097 aliter
389 1048 507 1112 prodant
524 1064 612 1100 rerum
624 1051 691 1100 scri·
741 1050 846 1116 losopb.
865 1051 889 1102 1.
907 1067 934 1117 p.
954 1056 971 1102 4
989 1057 1073 1112 nott.;
1098 1053 1134 1102 ad
1153 1053 1202 1102 hos
1219 1069 1283 1104 vero

147 1122 247 1180 ptores.
293 1117 373 1179 Quod
395 1133 458 1168 vero
479 1119 570 1184 Zoega
597 1119 692 1170 scribit
741 1120 850 1172 eosdem
865 1137 898 1171 ea
912 1137 1019 1188 quoque
1031 1122 1165 1186 pertinere
1177 1123 1282 1186 volunt,

148 1185 182 1235 de
205 1185 332 1238 obelisco.
356 1203 383 1252 p.
407 1189 458 1240 293
477 1193 552 1251 not.,
578 1189 691 1240 Diodori
741 1205 812 1256 quae
826 1207 888 1241 mox
904 1191 977 1256 apud
994 1191 1162 1242 Herodotum
1178 1191 1211 1242 de
1226 1192 1285 1243 Plri-

147 1254 235 1306 locum
252 1258 389 1322 attingens
408 1257 436 1319 1,
451 1259 497 1308 72:
519 1259 566 1321 „in
583 1260 691 1310 univer·
740 1261 811 1310 litide
829 1267 954 1326 pastore,
978 1261 1055 1311 ouius
1076 1261 1163 1325 ipsius
1189 1276 1285 1312 nomen

147 1341 207 1375 aum
230 1341 299 1392 quae
322 1327 395 1392 apud
417 1327 584 1379 Herodotum
611 1329 692 1380 alios·
740 1329 793 1380 huc
813 1335 934 1395 spectet,
959 1331 1113 1382 traduntur.
1157 1331 1194 1380 At
1219 1346 1283 1380 varo

148 1411 198 1460 que
218 1395 344 1461 leguntur
361 1396 395 1446 de
412 1398 542 1448 infamiae
560 1403 627 1450 nota
644 1399 691 1449 ha·
740 1399 768 1449 hi
781 1399 835 1465 ipsi
847 1390 963 1461 ‘Panthu
981 1400 1028 1464 qni
1036 1403 1178 1461 vocantur,
1190 1399 1283 1464 quales

147 1481 205 1516 rum
235 1465 403 1531 pyramidum
437 1468 623 1520 conditoribus
651 1470 691 1518 in·
741 1469 844 1520 inerint
862 1471 885 1518 si
899 1483 1028 1535 quaeras,
1047 1469 1191 1520 valdehac
1207 1469 1240 1520 dc
1254 1483 1283 1520 re

146 1540 222 1597 usta,
240 1551 295 1586 non
308 1537 376 1586 satis
394 1537 521 1588 videntur
538 1539 689 1602 credibilia,
741 1539 922 1605 disceptatum
934 1553 994 1589 esse
1006 1543 1102 1588 nostra
1113 1539 1283 1604 potissimum

146 1605 302 1655 advertenti
318 1611 361 1655 tot
378 1606 447 1656 alias
471 1610 625 1672 pyramides
644 1623 689 1659 ox·
741 1615 833 1660 aetate
851 1624 929 1659 nemo
946 1609 1001 1658 iera
1016 1609 1138 1673 ignorat:
1157 1623 1225 1673 quae
1237 1609 1283 1674 qui
1393 1641 1395 1646 .

147 1680 220 1724 stare
233 1675 260 1724 in
271 1677 405 1740 Aegypto,
425 1677 453 1726 in
468 1677 566 1742 quibus
577 1678 690 1728 nonnul·
741 1694 906 1744 cognoscere
924 1679 1014 1728 omnia
1031 1679 1137 1743 cupiat,
1160 1679 1183 1728 is
1201 1677 1283 1728 adeat

146 1743 190 1794 lae
210 1745 342 1808 praetatis
363 1745 417 1794 illis
441 1761 495 1796 uon
512 1747 596 1798 multo
615 1763 690 1813 repa·
740 1749 815 1799 Beck
832 1747 947 1814 allgem.
960 1747 1126 1813 Weltgesch.
1142 1749 1165 1797 1.
1180 1764 1206 1813 p.
1221 1747 1281 1810 2911,

147 1815 253 1864 riuntur
271 1813 422 1874 minores;“
451 1816 479 1864 id
502 1817 611 1880 quidem
635 1833 689 1868 nou
740 1819 866 1868 Oreuser.
895 1817 1055 1868 Commeutt.
1086 1817 1230 1868 Herodott.
1254 1833 1281 1882 p.

147 1883 264 1933 omniax
281 1887 444 1948 partarecte
458 1886 688 1951 verequedictum
741 1887 791 1938 189
814 1903 890 1952 seqq.
920 1893 947 1937 et
970 1887 1113 1952 praecipue
1135 1887 1168 1938 A.
1191 1887 1281 1936 Koch:

146 1953 233 2003 videri
257 1952 300 2003 vel
325 1967 358 2003 ea
379 1960 530 2005 monstrare
552 1961 688 2020 poterunt,
739 1958 781 2006 De
799 1955 909 2022 regibus
924 1956 1079 2020 pastoribus
1091 1957 1137 2023 qui
1155 1957 1283 2008 dicuntur

147 2038 216 2089 quaa
236 2037 268 2072 ex
286 2023 354 2088 ipsis
371 2025 551 2074 monumentis
566 2025 601 2075 ad
619 2040 689 2076 com·
739 2025 997 2090 Hyksosbiarburg.
1013 2025 1088 2088 1844,
1101 2028 1147 2092 qui
1160 2032 1282 2078 veterum

146 2092 313 2158 probandam
340 2093 474 2144 Herodoti
506 2096 688 2145 narrationem
739 2096 902 2160 scriptorum
916 2097 1073 2146 testimonia
1090 2111 1175 2162 aeque
1191 2112 1225 2146 ac
1242 2111 1283 2146 re-

146 2163 230 2212 ducta
248 2163 276 2212 in
293 2163 518 2213 antecedentibus
537 2164 688 2216 attulimus.
739 2165 868 2216 cautioris
887 2165 986 2215 aetatis
1004 2165 1122 2216 virorum
1141 2165 1281 2216 doctorum

114 2292 116 2300 Ι
146 2233 207 2282 Hoc
226 2237 316 2283 auteur
330 2233 390 2284 loco
402 2235 549 2298 praeterire
564 2235 689 2286 uolumus
740 2235 890 2285 sententias
913 2235 1047 2296 exhibuit,
1079 2250 1146 2300 quas
1171 2235 1281 2285 easdem

146 2302 274 2353 Heereuii
297 2304 459 2353 sententiam
483 2303 577 2368 (idean
599 2303 642 2366 11,
661 2307 687 2356 2.
739 2305 821 2355 etiam
838 2319 938 2370 magna
956 2320 989 2354 ex
1001 2309 1079 2370 parte
1093 2305 1232 2369 proposuit
1249 2319 1282 2354 ac

146 2387 172 2438 p.
191 2372 266 2438 118),
291 2373 334 2422 cui
352 2372 433 2423 valde
451 2373 596 2425 verisimile
613 2375 688 2425 vide·
738 2374 995 2440 disquisivitliura:
1019 2373 1179 2425 Geschichte
1191 2374 1218 2425 d.
1233 2373 1281 2424 alt.

147 2447 203 2504 tur,
233 2443 401 2507 pyramidum
425 2443 580 2496 conditores
607 2445 689 2509 perti-
738 2443 846 2495 Bundes
867 2445 904 2494 11.
924 2460 951 2508 p.
971 2445 1020 2495 172
1037 2459 1113 2510 seqq.
1149 2443 1282 2509 Equidem

146 2527 210 2562 nere
227 2511 262 2562 ad
281 2527 340 2563 eam
358 2529 451 2579 regum
471 2515 594 2580 stirpem,
619 2529 687 2579 quos
737 2519 769 2564 ut
786 2514 893 2564 mittam
910 2529 957 2576 ea,
976 2529 1046 2579 quae
1063 2513 1098 2564 ad
1112 2514 1217 2564 Veteris
1230 2514 1282 2564 'l'e-
1311 2546 1318 2558 .

146 2581 249 2647 Hykros
260 2581 289 2647 (i.
300 2599 323 2634 e.
336 2599 413 2650 reges
424 2584 594 2650 pastoritios)
605 2583 687 2650 vulgo
738 2583 868 2634 stamenti
884 2583 1026 2634 historiam
1044 2584 1136 2648 potius
1152 2599 1232 2649 quarn
1245 2581 1281 2632 ad

145 2658 260 2714 vocant,
283 2667 380 2704 exosos
397 2653 458 2703 illos
476 2654 584 2719 quidem
601 2654 688 2719 Aegy·
737 2653 905 2704 Herodotum
923 2655 1059 2718 pertinere
1075 2653 1205 2714 arbitror,
1229 2651 1280 2701 hoc

145 2723 209 2786 ptiis
235 2727 317 2786 atque
339 2723 456 2784 invisos,
479 2739 538 2774 cum
557 2724 686 2788 populum
738 2724 797 2787 ipso
821 2723 976 2772 Herodoteo
1005 2721 1065 2772 loco
1091 2727 1122 2772 ut
1145 2720 1281 2772 Israelitaa

144 2790 224 2841 valde
241 2791 367 2842 vexarint
393 2793 562 2857 pessimeque
586 2797 687 2843 tracta·
736 2791 852 2856 intelligi
882 2791 1002 2852 credam,
1032 2805 1102 2854 quae
1127 2790 1281 2852 Hengsten-

144 2861 209 2910 rint.
246 2859 333 2910 Aliam
353 2861 450 2911 deinde
474 2863 601 2926 proponit
623 2877 686 2912 con·
737 2861 824 2924 hergli
842 2867 885 2910 est
899 2861 1035 2910 sententia
1053 2859 1092 2920 (d.
1106 2858 1212 2908 Biicher
1223 2858 1280 2906 hlo-

145 2930 276 2979 iecturam
294 2930 365 2979 idem
375 2931 525 2980 Heereniua
541 2931 570 2994 (l.
590 2930 607 2981 l.
622 2946 686 2995 pap.
737 2931 774 2979 sia
795 2945 821 2994 p.
837 2930 900 2994 264)
921 2929 956 2979 ad
971 2927 1110 2980 israelitas
1127 2926 1279 2987 referentia,

147 2997 206 3048 118.
228 2997 276 3048 198
294 3011 370 3064 seqq.
390 2998 452 3048 coll.
470 2999 508 3060 II,
531 2999 553 3049 l.
572 3015 599 3063 p.
612 3001 685 3061 405),
738 3013 807 3065 quae
834 2997 867 3049 da
892 3003 973 3064 geute
1002 2996 1131 3074 illatsive
1160 2995 1279 3060 regibus,

146 3083 200 3132 qua
216 3067 371 3130 pyramides
389 3067 423 3116 ab
436 3068 603 3133 Aethiopicis
618 3068 688 3132 regi·
738 3068 836 3133 quibus
863 3083 960 3118 nomeu
985 3057 1105 3128 Τιισως,
1135 3065 1280 3115 memoriae

145 3137 209 3198 bus,
234 3137 281 3200 qui
303 3151 351 3201 per
375 3137 484 3202 aliquod
506 3141 613 3202 tempus
635 3138 687 3188 Ae·
738 3136 846 3201 prodita
870 3142 949 3198 sunt,
979 3135 1007 3186 id
1031 3150 1048 3184 a
1070 3149 1112 3184 mc
1136 3134 1280 3199 impetrare

145 3206 222 3271 gypti
240 3219 352 3270 regnum
369 3207 515 3269 tenuerint,
532 3212 687 3258 exstructae
738 3221 853 3270 nequeo.
895 3207 935 3256 Ac
957 3205 1052 3256 merito
1075 3203 1195 3254 oblocuti
1216 3207 1281 3254 suut

145 3279 287 3339 putentur,
316 3291 377 3326 curn
402 3276 430 3325 iu
451 3277 512 3342 ipsa
529 3277 621 3328 Meroe
643 3277 688 3326 iti·
737 3275 989 3340 Hengstenberpio:
1005 3273 1153 3324 Bertheau:
1166 3274 1281 3326 ZurGe-

145 3343 204 3395 dam
215 3345 388 3414 inveniantur
398 3348 562 3410 pyramides,
576 3349 612 3397 ad
622 3361 687 3411 qua·
739 3345 860 3396 echichte
884 3347 910 3396 d.
932 3343 1170 3408 israelitum
1192 3359 1279 3408 seqq,
1333 3389 1336 3394 .

144 3429 203 3464 rum
217 3414 353 3479 exemplar
363 3417 514 3481 Aegyptiae
527 3417 629 3466 luerint
643 3431 687 3466 ae·
738 3415 884 3466 Hoffmann
909 3415 951 3464 in:
982 3414 1097 3464 Studien
1126 3430 1152 3464 u.
1177 3413 1278 3464 Kritilr.

145 3483 280 3534 dificatne.
322 3486 362 3536 Ac
385 3491 476 3535 monet
502 3501 609 3550 quoquc
629 3488 687 3536 Rit·
740 3485 817 3538 1839.
837 3486 875 3535 11.
893 3499 921 3549 p.
940 3483 992 3535 418
1016 3499 1106 3548 seqq,
1128 3485 1203 3534 Rura
1222 3482 1240 3532 l.
1259 3482 1278 3532 l.

144 3559 195 3605 ter.
216 3553 373 3616 (Erdkunde
392 3555 414 3604 I.
434 3571 497 3621 pag.
516 3555 594 3617 540),
613 3555 686 3620 apud
738 3573 765 3621 p.
788 3556 837 3606 188
852 3569 944 3620 seqq.,
962 3553 1019 3603 alii.
1055 3553 1112 3604 Nec
1136 3552 1221 3617 magis
1246 3551 1280 3602 de

144 3624 290 3688 Aethiopes
313 3625 393 3674 initia
414 3625 516 3675 formae
534 3625 687 3690 pyramida-
737 3625 856 3690 Scythico
874 3629 955 3689 geute
969 3623 1013 3673 hic
1026 3622 1200 3688 cogitandum
1219 3635 1280 3670 essa

144 3694 178 3744 lis
203 3694 318 3760 indeque
341 3695 427 3760 ipsam
446 3695 614 3760 pyramidum
636 3696 687 3746 ori·
738 3694 858 3756 videtur,
888 3694 922 3744 de
949 3708 1003 3758 qua
1027 3693 1120 3758 utique
1147 3691 1280 3756 cogitavit

144 3765 234 3829 gincm
260 3779 321 3814 esse
338 3765 529 3830 quaerendam.
566 3763 620 3816 Sed
639 3764 688 3814 ali·
738 3763 870 3816 Roaellini
887 3764 1009 3814 bionum.
1028 3761 1121 3813 storic.
1140 3761 1163 3810 1.
1182 3777 1209 3825 p.
1229 3760 1278 3811 1⁰7

144 3839 186 3884 ter
207 3834 276 3884 haec
300 3849 329 3883 se
354 3834 453 3884 habere
480 3833 687 3899 pyramidesque
738 3849 813 3898 seqq.
831 3832 976 3898 praecipue
997 3831 1045 3882 176
1062 3845 1119 3896 aeq.
1144 3845 1177 3880 ac
1198 3829 1280 3894 louge

144 3903 319 3967 Aethiopicae
337 3904 494 3969 Aegyptiis,
522 3903 557 3954 ad
574 3919 688 3970 quarum
739 3909 821 3954 antea
847 3903 926 3953 Saint
949 3901 1052 3950 Martin
1079 3902 1107 3949 in
1130 3899 1278 3964 Biograpb.
1325 3955 1329 3963 Ι

144 3971 280 4037 exemplar
302 3979 476 4024 constructae
503 3979 581 4035 aunt,
607 3973 688 4038 longe
739 3971 910 4023 Universelle
935 3971 994 4021 xi..
1018 3985 1045 4034 p.
1072 3967 1136 4031 139,
1162 3968 1281 4033 itemque

144 4042 286 4091 interiores
306 4057 366 4094 essa
383 4044 436 4093 iarn
451 4058 533 4108 supra
550 4046 584 4095 ad
602 4044 640 4106 ΙΙ,
654 4042 688 4093 29
739 4057 824 4106 nuper
850 4041 962 4092 Oourtet
985 4039 1018 4090 da
1039 4037 1113 4089 Lisle
1137 4037 1166 4088 in
1182 4037 1280 4090 huual.

144 4112 304 4162 monuimus.
345 4112 442 4177 Itaque
470 4114 557 4179 magis
585 4111 689 4178 placuit
740 4111 787 4161 dea
798 4112 906 4176 Voyag.
924 4109 1000 4161 1847.
1011 4108 1088 4159 Juiu.
1103 4105 1200 4172 pala,
1213 4107 1280 4161 alios

144 4181 210 4230 viris
234 4180 322 4230 doctis
346 4180 433 4232 altera
456 4183 607 4244 sententia,
635 4197 689 4246 qua
740 4185 770 4231 ut
787 4187 904 4232 taceam.
923 4177 1017 4229 Malim
1033 4177 1068 4228 ad
1082 4193 1128 4228 eos
1142 4177 1281 4242 accedere,

144 4248 194 4298 hos
213 4263 291 4312 reges
304 4250 500 4315 Acgyptiorum
519 4267 615 4302 exosos
634 4267 688 4300 nou
740 4251 786 4315 qui
803 4243 912 4307 ’Τιιιιιὸς
932 4247 993 4299 illos
1012 4249 1071 4298 sive
1094 4262 1172 4313 reges
1191 4254 1283 4312 pasto·

143 4316 212 4368 ulios
230 4319 315 4368 tuisse
333 4320 519 4371 existimemus
531 4325 615 4386 atqua
632 4335 688 4383 eos,
740 4319 817 4370 ritios
843 4319 932 4370 nullos
958 4317 1026 4370 alios
1056 4333 1115 4368 essa
1147 4322 1282 4381 statuunt,

1007 4399 1074 4464 46*
