3020 4930
497 213 560 273 ΑΙ)
580 204 826 268 HERODO'I'.
847 201 889 276 Π,
912 209 971 264 159.
1228 191 1291 254 889

182 413 261 469 quem
276 393 366 446 urbem
381 385 537 461 (Megiddo)
555 381 725 437 inclinaturus
739 377 896 432 Herodotus
909 375 982 430 had
1001 375 1060 428 set·
1073 391 1110 427 ιι
1130 375 1292 430 aaran

184 478 337 536 censendus
349 476 387 529 sit
400 490 458 527 cum
471 471 556 526 altera
568 468 613 521 ilie
627 467 694 520 urbe
708 466 828 537 (fflgdd
838 483 864 516 ι,
873 454 1037 535 meu.»
1046 477 1118 532 qm
1128 461 1158 514 ᾖ
1169 461 1291 533 ΔΨ

183 564 306 622 confiniis
328 564 380 615 atta
401 559 455 629 ipai
473 557 567 610 melius
588 571 654 607 saue
672 553 844 618 innotuerat,
868 567 942 604 em
959 548 1116 602 ὼ
1134 565 1195 601 fl
1218 550 1291 602 he

183 650 386 724 perlustrasset,
405 643 439 698 ad
452 643 596 696 interiores
609 645 697 692 auten
706 636 877 690 Palaestine
891 643 996 688 tractu
1011 633 1117 687 nisi-e
1126 643 1291 704 peneum

183 737 321 800 rideatur,
344 749 394 785 nee
412 728 518 782 omnino
533 726 610 780 ullam
627 725 818 777 aoeuratioren
838 721 921 774 Isuius
942 729 1033 773 terne
1049 721 1231 788 eegnisisu
1244 740 1291 774 κ.

183 819 339 895 quisivisae.
368 816 411 869 Tu
427 815 497 867 uani.
513 812 639 867 Lareher.
654 816 716 862 tusa.
730 807 792 860 VII.
808 827 835 878 p·
844 814 959 879 lltseq.
974 805 1050 859 Vlll.
1061 825 1089 876 p·
1095 811 1146 866 ³11
1158 825 1228 880 seq„
1242 809 1291 880 qui

181 909 252 961 idem
266 902 431 958 Herodotum
446 905 584 968 utramque
599 896 690 950 urben
704 893 862 946 contudisse
878 893 985 946 statuit.
1013 891 1113 963 Neque
1125 892 1206 946 atiter
1219 895 1292 947 iaet-

185 1007 263 1046 easse
280 988 357 1042 rideo
373 984 510 1038 Wheeler=
531 982 696 1050 Geugraplsy
711 982 742 1032 oi
753 978 887 1032 Herodot.
902 997 929 1048 p.
941 981 1003 1038 249.
1016 983 1079 1036 250.
1094 980 1156 1044 378,
1175 978 1294 1032 [καὶ.

186 1077 257 1130 uium
270 1073 345 1126 Mon.
358 1069 494 1123 storie.II.
509 1087 536 1138 p.
544 1072 602 1135 133,
617 1065 843 1134 Hergateubergt
857 1064 909 1116 Die
919 1063 1026 1117 Baieher
1036 1063 1126 1115 Maria
1140 1069 1293 1137 p.5ssseqq.

133 1163 136 1169 ’
184 1164 325 1232 ipsumque
340 1155 491 1207 Wilkinseu
507 1152 652 1224 (Meuuers
667 1159 720 1203 ete.
735 1151 759 1202 I.
773 1169 801 1220 p.
818 1149 959 1220 162seq.),
973 1147 1021 1221 qui
1035 1149 1070 1201 de
1084 1149 1153 1201 urbe
1165 1149 1295 1220 Megia·

187 1248 229 1300 hie
246 1241 415 1311 cogitandum
435 1257 496 1292 esee
510 1237 637 1290 declarat
667 1237 708 1289 Ab
728 1243 844 1307 utraque
859 1235 1012 1300 sententia,
1032 1243 1085 1286 tan
1100 1235 1136 1286 ιδ
1152 1253 1199 1302 ea,
1225 1254 1297 1308 qaae

185 1332 219 1386 ad
233 1326 384 1396 Magdulum
404 1329 502 1396 (prope
516 1322 681 1390 Pelusium),
703 1338 781 1392 quam
797 1321 831 1372 ιδ
851 1339 899 1388 ea,
919 1337 990 1391 quae
1004 1320 1038 1371 ad
1059 1321 1153 1372 urben
1167 1322 1297 1391 statae·

186 1431 316 1488 pugnam,
343 1427 420 1482 quum
436 1415 561 1462 memorat
574 1407 747 1474 Herodotus,
768 1405 933 1459 commissum
954 1423 1017 1458 esee
1031 1405 1107 1470 vult,
1126 1407 1164 1459 ita
1180 1408 1298 1461 discedit

185 1503 219 1554 C.
239 1498 332 1552 Clesst
356 1497 397 1548 De
412 1494 526 1548 coloniis
544 1493 683 1546 Iudaeurr.
698 1493 725 1543 in
741 1493 859 1560 Aepypt.
874 1490 1047 1560 (stuttgardt
1060 1493 1142 1558 1832)
1156 1511 1183 1563 p.
1197 1498 1213 1552 7
1228 1513 1298 1566 seq„

186 1593 218 1639 ut
237 1575 343 1654 pugnae
363 1581 449 1634 Iocum
470 1579 557 1631 fuisse
576 1585 678 1631 statuat
697 1577 731 1629 ad
756 1576 882 1645 oppidum
904 1577 1029 1648 migret,
1050 1577 1123 1647 quud
1144 1579 1178 1631 ad
1198 1581 1300 1634 tribu·

187 1669 247 1722 Gad
263 1666 426 1738 pertinuerit
439 1671 521 1735 etque
534 1664 569 1715 ab
584 1662 669 1714 Azoto
685 1662 752 1714 urbe
765 1661 948 1714 Paammitietai
962 1662 1045 1714 armis
1059 1675 1214 1732 expugnata
1229 1667 1300 1736 (Πι-

185 1755 273 1808 rodet.
286 1752 322 1818 11,
335 1753 398 1816 157)
413 1751 511 1820 viaque
523 1749 550 1800 in
565 1747 670 1815 Syriam
685 1749 791 1800 terente
805 1765 892 1817 prope
905 1747 1034 1800 abfuerit.
1063 1747 1129 1800 chr.
1144 1749 1182 1802 n.
1199 1751 1301 1804 Kaikar

185 1841 359 1912 (Lamentatt.
375 1836 553 1893 Huvn.1836.
572 1833 637 1902 p.9)
654 1831 770 1900 intelligi
787 1831 845 1886 vult
860 1833 987 1902 oppidum
997 1831 1136 1904 Magdr'et,
1156 1835 1231 1888 iuter
1245 1837 1301 1889 De-

186 1942 241 1978 ram
260 1927 287 1976 et
299 1918 520 1988 Eleutheropolin
543 1918 625 1970 situm
645 1918 716 1970 haud
736 1917 831 1987 procul
853 1917 887 1968 ab
909 1919 978 1970 urbe
991 1917 1137 1986 Megidd03
1157 1921 1252 1974 [tntu
1267 1922 1301 1975 de

186 2008 246 2062 vieo
262 2009 379 2076 Metjtet
393 2004 527 2057 meridiem
543 2019 641 2055 versus
662 2003 697 2054 ab
711 2003 782 2054 Acen
798 2002 851 2054 situ
867 2003 985 2071 cogitat,
1008 2005 1161 2076 probatque
1176 2007 1302 2060 'I'iseuius

186 2095 229 2146 in:
246 2094 404 2145 Commentt.
418 2090 451 2142 ad
465 2089 492 2139 11
506 2088 596 2156 Regg.
610 2093 653 2157 23,
668 2092 712 2146 29.
728 2105 754 2156 p·
771 2087 831 2144 437.

639 2247 844 2256 2-——-..-----·

271 2349 372 2416 Gadph's
393 2347 459 2398 urbs
478 2345 550 2397 iufra
563 2361 672 2415 quoque
692 2353 912 2398 commemoratur
924 2347 977 2416 III,
993 2355 1010 2408 5
1033 2353 1061 2401 et
1076 2347 1210 2402 Sardr'bus
1230 2349 1304 2405 had

191 2431 272 2487 multu
285 2433 397 2486 inferior
411 2429 593 2501 praedicatur.
623 2429 679 2492 Qui
695 2429 770 2481 loeus
787 2437 957 2502 quantopere
974 2434 1050 2488 viros
1064 2434 1159 2488 domos
1173 2453 1303 2490 exercue-

190 2519 240 2582 rit,
261 2517 313 2570 dici
329 2517 376 2569 vir
391 2521 490 2586 potest.
521 2514 574 2566 Atti
593 2514 662 2566 enim
683 2515 797 2568 iudicari
817 2518 952 2585 putabant
968 2520 1123 2586 otrentum,
1143 2521 1189 2574 alii
1204 2525 1304 2590 lata,

191 2603 315 2670 exiguum
335 2601 362 2653 in
378 2599 498 2654 Galilaea
521 2599 662 2668 oppidum,
685 2597 732 2652 alii
747 2602 818 2654 Getis
833 2605 917 2671 (quae
932 2605 1000 2656 urbs
1018 2613 1140 2675 tempore
1154 2609 1306 2677 prophetae

194 2687 275 2739 Amos
295 2687 346 2738 iam
368 2685 474 2738 deserta
493 2683 582 2736 fuisse
603 2684 727 2750 ridetur,
752 2703 801 2736 nec
821 2687 930 2740 omnine
952 2705 1070 2760 unquam
1087 2707 1186 2756 magns
1204 2693 1257 2743 suit
1279 2699 1308 2744 et

193 2769 338 2834 celebris),
361 2770 405 2821 alii
421 2773 536 2834 (iuram,
557 2767 761 2820 Philistinurum
784 2771 875 2822 urbem
896 2789 983 2842 prope
1002 2791 1076 2826 mare
1096 2774 1174 2826 sitam
1195 2783 1223 2826 et
1238 2776 1308 2828 setis

193 2853 322 2920 nobilem,
339 2853 384 2906 alii
397 2855 513 2925 denique
528 2853 716 2920 Hierosolyma,
733 2855 825 2906 urbem
840 2871 908 2906 sane
922 2857 1059 2908 maximam
1073 2859 1102 2908 in
1117 2855 1173 2908 illis
1188 2859 1309 2927 regioni-

191 2941 256 3006 bus,
276 2957 351 3011 quam
371 2956 434 3008 prae
455 2938 571 2992 eseteria
590 2936 635 2988 hie
657 2937 855 2989 commemorari
871 2955 921 3004 par
939 2947 998 2992 eret
1012 2958 1148 3012 quemque
1168 2943 1202 2993 ab
1219 2943 1310 3012 Aegy-

191 3025 309 3095 ptiorum
326 3041 390 3092 rege
404 3033 505 3094 uaptem
521 3023 610 3075 fuisse
625 3021 756 3074 universa
771 3037 865 3073 aacme
880 3023 1033 3093 scripturae
1052 3025 1174 3077 narratio
1193 3045 1312 3095 arguere

194 3109 314 3176 ridetur,
337 3109 400 3160 licet
412 3125 543 3178 expressa
558 3107 636 3159 urbis
652 3111 680 3158 et
694 3107 824 3158 obsessae
846 3113 874 3156 et
891 3115 986 3176 captae
1003 3109 1078 3160 nulia
1099 3111 1149 3161 fiat
1163 3111 1311 3179 mentio*).

191 3194 291 3265 Neque
311 3193 339 3245 in
364 3193 469 3246 numine
488 3192 669 3258 haerendum,
694 3209 754 3243 curn
775 3185 898 3252 Κάδυτις
921 3191 990 3244 nihii
1006 3191 1079 3245 eliud
1101 3211 1163 3248 esse
1186 3197 1313 3251 videntur

192 3283 275 3349 etque
289 3285 444 3348 corruptum
460 3277 536 3330 urbis
548 3292 644 3328 nomen
660 3273 768 3360 πυξῆπῇ
783 3279 813 3344 (a
823 3273 928 3356 timp),
946 3276 974 3327 id
989 3285 1047 3329 est:
1063 3281 1313 3352 attrectatumque

195 3362 288 3415 eodem
302 3363 408 3415 nomine
423 3362 562 3430 (atnam)
576 3361 665 3414 adhue
679 3361 714 3412 ab
730 3359 865 3434 Arabibus
881 3361 974 3413 urbem
988 3363 1120 3431 appellari
1137 3373 1246 3418 cunstat
1255 3363 1313 3434 **).

193 3447 290 3517 Iteque
310 3447 343 3499 iis
358 3445 426 3500 viris
441 3447 529 3499 doctis
543 3445 764 3514 adstipulantem
778 3462 895 3511 censeo,
922 3447 970 3516 qui
985 3447 1176 3516 Hierosolyma
1196 3457 1316 3522 utruque

194 3529 253 3583 luta
268 3532 318 3599 (II,
333 3536 383 3590 159
397 3536 425 3584 et
438 3531 489 3600 III,
506 3530 537 3597 5)
552 3531 586 3582 ab
600 3529 741 3582 Herodoto
755 3529 871 3582 iudicari
886 3535 1023 3584 statuunt.
1055 3533 1117 3585 vid.
1132 3533 1240 3588 Renuel
1266 3535 1315 3590 Ι.Ι.

261 3745 287 3810 *)
305 3749 394 3813 Neget
406 3746 503 3813 Hitzig
517 3747 546 3796 in
557 3745 705 3797 Commeat.
724 3745 800 3798 laud,
813 3763 839 3811 p.
853 3747 882 3800 11
894 3765 962 3814 seq,
981 3751 1173 3817 Hierosolyma
1192 3755 1253 3820 ipsa
1273 3773 1317 3809 ex-

192 3821 315 3881 pugnata
335 3833 393 3867 ease
415 3831 431 3864 a
450 3819 572 3875 Neeoue3
596 3816 643 3865 sed
662 3818 775 3880 opponit
793 3816 878 3868 elesa.
897 3817 916 3868 l.
935 3819 953 3868 1.
974 3836 999 3884 p.
1017 3821 1034 3872 8
1052 3837 1149 3874 sacrae
1165 3827 1318 3892 scripturae

192 3885 268 3936 locos
288 3884 421 3950 (IIRegg.
440 3886 544 3948 XXIII,
556 3882 597 3936 33.
619 3885 648 3934 II
665 3885 791 3936 chronic.
810 3885 853 3948 36,
870 3887 887 3938 3
904 3904 933 3939 ae
954 3889 993 3953 q.)
1012 3891 1154 3956 ipsamque
1170 3895 1319 3948 Eusebium

194 3957 224 4004 in
242 3953 367 4005 Chronie.
391 3971 417 4018 p.
437 3955 488 4006 145
506 3953 681 4005 scribentem:
707 3943 791 4012 οὗτος
814 3905 958 4021 (Νεχαῶᾚ
978 3951 1035 4023 εἶχε
1060 3954 1114 4025 τὴν
1125 3952 1318 4032 Ἰερουσαλήμ,

194 4024 258 4074 vid.
277 4039 361 4088 supra
378 4028 449 4074 nott.
470 4023 506 4074 ed
523 4025 562 4084 ΙΙ,
584 4023 632 4074 158
651 4023 711 4073 init.

262 4107 304 4172 **)
324 4108 403 4159 Gonf.
422 4109 501 4159 modo
512 4108 624 4159 Tobler:
643 4108 835 4173 TopugraphIe
853 4125 879 4159 v.
894 4111 1055 4165 JerusaleI.
1076 4118 1132 4180 p.2
1150 4123 1178 4170 et
1195 4120 1316 4173 vitile-

194 4175 264 4226 hem.
280 4178 328 4240 XI,
350 4177 439 4238 i.18;
465 4177 528 4228 inde
551 4171 592 4233 εἰς
614 4167 666 4240 τὴν
689 4169 773 4241 ἁγίαν
796 4173 880 4226 πόλιν
904 4179 975 4231 dixit
1000 4183 1160 4238 Matthaeus
1184 4189 1317 4256 Evangei.

195 4246 244 4306 IV,
264 4245 291 4306 l,
322 4245 512 4312 Hierosolyma
536 4245 702 4309 intelligeua3
728 4262 797 4313 quae
822 4249 916 4299 eadem
941 4251 1005 4302 urba
1023 4243 1179 4320 Ἶεράπολις
1201 4265 1319 4312 vocetur

196 4315 269 4381 apud
283 4315 391 4367 Philon.
411 4315 481 4382 Opp.
498 4316 536 4367 11.
555 4331 581 4381 p.
598 4315 658 4366 524.
1077 4343 1079 4350 ι

1310 4374 1392 4400 A
