3088 4922
560 297 809 358 EUTERPE.
832 298 874 358 H.
898 307 942 362 37.
1258 295 1316 356 511

143 485 189 538 121
198 470 361 557 τέστεροι.
396 473 441 538 01
466 469 505 538 δέ
533 472 619 560 ίρέες
645 473 824 560 ξυροῦνται
853 476 920 542 ιιᾶυ
940 469 978 542 τὸ
1006 477 1101 561 σῶμα
1124 467 1180 542 3ιᾶ
1208 476 1321 560 τρίτης

183 566 324 661 ἡμέρης,
346 575 402 640 ἵνα
423 571 505 662 μήτε
522 576 629 664 φβελρ
648 573 731 664 μήτε
752 571 834 646 ἄλλο
848 573 1000 664 μυσαρὸν
1020 574 1127 664 μηδὲν
1149 577 1323 662 ἐγγίνηταί

183 693 244 762 σφι
265 673 496 764 θεραπεύουσι
522 675 600 758 τούς
625 677 738 758 θεούς.
789 681 915 768 ἐσθῆτα
934 678 972 748 ot
997 682 1157 768 φορέουσι
1181 681 1216 748 ολ
1235 679 1321 780 ίρέες

184 780 301 865 λινέην
334 777 482 870 μούνην,
523 783 579 850 καὶ
612 777 810 870 ὑποδήματα
841 780 1004 870 βύβλινα·
1048 781 1155 872 ἄλλην
1191 783 1232 852 δέ
1260 802 1321 869 σφι

186 945 294 996 reiectis
309 947 401 997 censis
414 947 607 1015 physiologicis
627 948 729 998 senite-

185 1015 276 1081 tIsque
299 1017 416 1068 tueudee
440 1019 592 1070 rationibus
617 1019 730 1068 circum·

186 1087 316 1138 ebionem
339 1086 375 1136 ad
397 1101 476 1138 encre
498 1089 591 1154 utiquc
611 1089 730 1154 pertinu-

186 1157 240 1206 isse
260 1172 373 1222 eumque
388 1157 444 1206 vim
467 1157 596 1208 habuisse
619 1163 730 1209 conten·

187 1227 241 1290 dit,
264 1233 296 1276 ut
315 1227 427 1278 humani
449 1227 562 1278 effectur
581 1229 631 1279 deo
651 1229 729 1294 queri

187 1297 340 1348 consecrati
357 1297 508 1348 bebeentnr
518 1297 652 1364 huiusque
667 1313 730 1349 con-

187 1367 349 1418 secrationis
370 1368 478 1434 signum
495 1369 683 1434 unusquisque
700 1369 729 1418 in

187 1451 298 1502 corpore
319 1437 380 1502 ipso
402 1437 537 1489 exhibeat.
574 1437 730 1490 Dedicstio·

186 1507 229 1556 nie
252 1507 360 1573 signum
383 1509 588 1559 circumcisione
610 1507 730 1559 exhiberi

187 1578 285 1626 statuit
302 1592 412 1642 qnoque
429 1579 553 1629 Movere:
572 1579 625 1629 Die
641 1579 729 1629 Phoe·

187 1647 240 1696 nir.
258 1647 282 1697 I.
301 1662 328 1710 p.
347 1646 408 1698 315.
419 1647 480 1698 362.
517 1648 597 1710 Quod
614 1647 662 1698 elii
678 1647 730 1698 viri

187 1715 261 1766 docti
284 1716 325 1764 ite
347 1716 465 1782 intelligi
488 1717 596 1780 volunt,
625 1723 656 1768 ut
681 1733 729 1782 pro

188 1789 246 1836 toto
266 1801 379 1850 corpore
402 1787 475 1852 quod
494 1787 544 1838 deo
565 1787 730 1838 offerendum

188 1860 215 1905 et
237 1856 448 1907 consecrandum
470 1858 520 1920 eit,
544 1873 627 1908 uuum
650 1857 730 1923 idque

188 1925 322 1990 insignius
354 1927 475 1992 eorporis
507 1927 619 1978 humani
650 1941 731 1978 ruem·

188 1995 265 2045 brem
297 2001 485 2060 consecretur,
521 1997 626 2063 deoque
653 1997 732 2063 qussi

188 2063 317 2115 offeretur
336 2067 364 2116 iu
381 2066 469 2118 iocum
486 2069 607 2132 corporis
630 2067 730 2118 totius:

189 2133 257 2185 adeo
275 2141 307 2184 ut
323 2135 367 2186 hic
385 2152 443 2186 moe
460 2137 677 2188 inhumanorum
692 2137 732 2186 ri-

189 2205 332 2256 ctlmeruus
355 2205 458 2270 locum,
488 2223 559 2272 quae
586 2223 670 2274 usque
694 2207 730 2256 ed

188 2274 335 2325 Abrehemi
358 2281 481 2342 ternpore
502 2278 531 2327 iu
553 2293 604 2328 neu
621 2277 730 2338 luerint,

188 2344 305 2395 cernere
317 2345 501 2397 existimetur:
518 2347 574 2398 vid.
589 2347 729 2412 Ghilleny:

187 2415 239 2464 Die
257 2414 463 2482 Menechenopl.
486 2417 513 2467 d.
532 2417 581 2469 alt.
598 2418 683 2469 Hebr.
702 2433 729 2482 p.

187 2483 240 2534 :ott
258 2499 344 2550 seqq,
364 2486 470 2538 'I'rusen
488 2485 506 2536 l.
525 2487 545 2537 l.
563 2503 590 2553 p.
614 2488 662 2540 123
672 2503 729 2552 seq.

817 937 925 1014 έσθῆτα
942 943 974 998 δέ
993 947 1129 1016 φορέουσι
1148 943 1178 999 οἴ
1194 941 1267 1013 λ’ρέες
1282 944 1322 995 λι-

781 1013 851 1081 νέην
870 1009 993 1086 μούνην]
1013 1020 1102 1086 Suprs
1123 1019 1202 1070 initio
1224 1017 1323 1083 cepitis

781 1087 814 1137 de
837 1089 980 1154 Aegyptiis
1003 1089 1139 1140 omnibns:
1168 1085 1267 1153 είματα
1291 1077 1324 1134 δέ

781 1155 860 1207 λίνεα
879 1154 1016 1222 φορέουσι
1030 1153 1085 1208 ciel
1104 1149 1257 1220 νεόπλυτα,
1275 1154 1322 1205 ubi

781 1231 872 1278 tomen
890 1227 1049 1291 tenendum,
1073 1230 1153 1279 lineae
1174 1231 1264 1277 vestes
1283 1224 1324 1273 vi·

782 1297 839 1349 deri
857 1298 945 1348 dictes
963 1313 1094 1350 essenon
1113 1295 1192 1348 modo
1205 1311 1274 1362 qnne
1290 1309 1324 1345 ex

780 1371 843 1432 lieo,
862 1368 1009 1420 sedetiam
1028 1383 1097 1434 quae
1115 1383 1148 1418 ex
1162 1368 1282 1432 ροιερμίο
1299 1379 1323 1416 s.

781 1439 857 1505 ὀριεο
880 1443 958 1490 erent
980 1439 1130 1490 conlectae.
1168 1437 1230 1488 Vid.
1255 1437 1325 1487 Hee-

781 1523 838 1557 ren.
875 1507 959 1559 ldeen
978 1508 1001 1570 1,
1023 1509 1046 1560 I.
1066 1525 1093 1574 p.
1113 1508 1173 1559 107.
1194 1507 1231 1569 11,
1251 1507 1277 1557 2.
1295 1521 1322 1570 p.

782 1577 832 1628 133
845 1591 930 1643 seqq„
948 1579 1113 1630 Wilkineon.
1129 1577 1256 1628 Menners
1270 1580 1323 1626 etc.

781 1645 834 1696 III.
854 1663 881 1711 p.
908 1647 966 1698 117.
1002 1649 1044 1698 De
1064 1647 1254 1700 sacerdotibus
1273 1647 1325 1696 Δο-

782 1717 883 1782 gyptiis
900 1721 1018 1768 testatur
1034 1718 1140 1769 Plinius
1152 1719 1189 1768 Η.
1199 1717 1234 1768 N.
1249 1715 1323 1777 XIX,

783 1788 795 1836 1
810 1789 877 1836 sect.
896 1789 922 1838 2.
940 1787 956 1839 3
974 1787 1042 1838 baec
1060 1789 1195 1840 scribens:
1214 1791 1324 1850 „vestes

782 1871 816 1906 ex
838 1857 966 1922 gossypio
996 1858 1183 1910 sacerdotibus
1206 1853 1326 1922 Aegypti

782 1926 983 1990 gratissimae.“
1020 1927 1095 1979 Idem
1114 1928 1161 1979 elli
1175 1925 1323 1987 affirment,

782 2011 859 2061 quos,
877 2000 1003 2047 monente
1021 1999 1074 2062 Gn,
1091 1998 1187 2050 laudet
1199 1995 1325 2061 Wytten·

782 2065 862 2116 bech.
888 2065 923 2116 sd
948 2065 1089 2119 Plutarch.
1118 2066 1216 2121 Morel.
1246 2065 1283 2127 11,
1308 2064 1322 2114 l

782 2136 823 2201 (3)
841 2151 905 2201 pug.
924 2136 983 2188 171.
1019 2139 1070 2189 Est
1093 2140 1164 2190 enim
1180 2135 1324 2203 primarius

781 2206 853 2256 beno
867 2206 894 2256 in
905 2221 960 2256 rem
969 2207 1110 2260 Plutarchi
1123 2209 1198 2260 locus
1209 2207 1243 2258 de
1256 2203 1323 2256 Isid.

782 2275 995 2362 ι1ηορ,οιἰν1(1.
1030 2294 1090 2344 cup.
1120 2279 1145 2330 3.
1175 2294 1193 2344 p
1232 2314 1238 2328 .
1272 2274 1324 2325 352

782 2346 850 2412 (cor
888 2343 1022 2406 Ισιαιιούς
1043 2347 1179 2398 ποιοῦσιν
1197 2363 1215 2397 α
1247 2346 1323 2394 λινο-

783 2413 890 2466 στολίαι
907 2411 955 2466 ecl
973 2411 1099 2484 ξύρησις,
1118 2419 1165 2470 ubi
1182 2418 1238 2470 vid.
1258 2417 1324 2466 Por-

782 2485 845 2552 they
863 2501 926 2551 pag.
949 2488 998 2539 157
1016 2493 1095 2554 seq),
1115 2483 1323 2555 quocumconi.

188 2554 305 2604 Oeneum
318 2556 579 2607 circumcisionieeb
590 2558 729 2608 Herodoto
781 2555 913 2606 Herodot.
937 2557 974 2620 ΙΙ,
1000 2558 1032 2609 81
1056 2560 1147 2624 ibique
1171 2563 1240 2610 nott.
1282 2553 1324 2605 Ab

188 2622 299 2675 elletem
326 2625 400 2676 huutl
426 2641 537 2692 prorsus
567 2628 642 2678 reiioi
672 2625 731 2678 vult

189 2695 262 2745 Kurs
280 2694 447 2756 (Geecbicht.
473 2697 499 2746 tl.
521 2696 571 2746 eit.
592 2697 680 2750 Buntl.
699 2697 729 2746 Ἰ.

189 2777 252 2830 pag.
275 2765 323 2816 185
341 2767 420 2830 seq),
440 2781 500 2816 curn
523 2768 581 2818 veri
599 2767 664 2832 quid
683 2766 731 2816 ille

189 2834 343 2896 contineat,
369 2835 442 2900 quod
464 2836 553 2901 ipsum
578 2837 614 2887 ud
632 2837 732 2888 citiore

190 2917 238 2952 noe
257 2903 356 2954 (lucere
378 2906 480 2970 possit,
505 2922 574 2972 quse
592 2913 731 2972 epecteve·

782 2627 925 2692 Aegyptiis
942 2629 1052 2678 transiit
1069 2629 1195 2681 internos
1212 2635 1269 2679 tum
1288 2623 1323 2674 ud

783 2695 867 2758 ulios,
891 2701 949 2748 tum
966 2697 1002 2748 ed
1020 2698 1182 2750 ludaeorum
1200 2695 1325 2750 secerdo-

783 2771 837 2830 tes,
857 2766 891 2816 de
909 2767 1006 2831 quibus
1025 2773 1116 2819 monet
1128 2770 1255 2834 Speneer.
1270 2765 1289 2816 l.
1304 2763 1323 2816 1.

782 2837 835 2898 111,
862 2838 887 2888 5.
912 2852 975 2902 pag.
1000 2853 1036 2888 nr.
1057 2838 1109 2890 682
1128 2855 1201 2905 seqq.
1244 2835 1323 2887 (loni.

783 2908 866 2958 etiem
889 2907 982 2958 Brenn
1005 2906 1038 2957 tle
1060 2909 1151 2959 vestit.
1176 2906 1324 2958 secerdott.

190 2972 227 3021 rit
253 2974 417 3040 entiqnitee,
443 2991 504 3026 cum
526 2977 732 3028 circumcisione
782 2975 880 3027 Hebrr.
907 2975 930 3038 1,
949 2975 975 3028 3.
996 2979 1022 3039 5.
1041 2979 1085 3028 47.
1122 2977 1194 3028 Usus
1217 2987 1325 3043 quoque

191 3041 325 3092 hominem
335 3043 384 3095 deo
393 3059 554 3098 consecrero
561 3051 644 3114 etque
652 3047 732 3098 huius

192 3113 404 3165 consecutionis
428 3114 480 3166 hoc
503 3117 609 3183 signum
633 3117 733 3168 eonsti-

192 3189 267 3232 tuere
284 3183 409 3236 voluerit.
446 3185 521 3236 Indis
539 3188 662 3252 Ignotum
678 3201 734 3238 mo·

192 3265 247 3301 rem
265 3253 301 3302 ed
318 3269 361 3304 ree
379 3269 472 3306 recres
492 3261 615 3320 spectare
628 3257 733 3308 monuit

193 3335 300 3387 quoque
316 3323 436 3375 Bohleur
454 3325 512 3376 Des
528 3325 583 3376 elte
593 3327 690 3378 Indien
708 3327 731 3376 1.

191 3405 218 3455 p.
238 3390 297 3454 2110,
324 3394 368 3444 oui
393 3394 455 3445 edd.
476 3396 663 3448 Rosenbeum:
689 3396 733 3446 die

189 3461 360 3513 Lustsouche
378 3464 414 3514 im
430 3463 581 3516 Alterthnm
600 3483 663 3532 peg.
681 3465 731 3517 361

191 3545 267 3650 :sqq
293 3533 436 3657 {Junolzeg
460 3535 622 3588 Geeehichte
641 3536 667 3586 d.
687 3535 733 3586 Al-

204 3615 234 3652 er
268 3640 274 3652 .
309 3638 317 3653 .
356 3642 362 3655 .
452 3621 465 3656 e
503 3643 510 3656 .

226 3666 265 3721 Ol
277 3666 308 3722 ot
324 3619 396 3737 igine
411 3621 599 3739 ξυρθέῦνται
617 3689 643 3725 ιι.
659 3689 681 3724 τ.
696 3672 733 3740 1.]

191 3741 271 3791 Coni.
290 3742 325 3792 eri
343 3743 380 3807 11,
399 3743 434 3796 36
456 3750 527 3796 nott.
552 3749 580 3794 et
603 3759 672 3809 quse
690 3745 735 3795 Iu·

191 3809 319 3862 decorum
338 3813 526 3864 sacerdotibus
547 3814 735 3878 praescribun-

191 3884 236 3930 tur
254 3881 335 3932 Num.
353 3883 430 3946 VIII,
449 3886 475 3934 7.
494 3885 570 3944 XIX,
584 3885 599 3934 7
611 3899 669 3948 seq.
692 3885 734 3934 Ex

191 3949 318 4016 Aegypto
342 3953 412 4002 enirn
443 3954 511 4005 haec
539 3958 566 4003 et
588 3952 642 4003 eliu
666 3954 735 4004 eius·

783 3044 940 3096 Herodoteo
957 3045 1017 3095 loco
1039 3061 1125 3111 nuper
1149 3051 1191 3098 est
1208 3047 1285 3096 Leno
1303 3041 1324 3096 1.

784 3115 803 3164 1.
822 3115 859 3164 II.
878 3129 941 3180 pag.
960 3113 1021 3176 313,
1040 3131 1153 3181 eumque
1174 3115 1268 3166 retulit
1288 3113 1325 3166 etl

784 3185 1063 3248 renumerationem,
1083 3201 1152 3251 quse
1169 3187 1263 3252 Coptie
1282 3200 1326 3236 eo-

785 3269 897 3319 rumque
918 3254 1104 3306 secerdotibus
1126 3272 1198 3308 nnnc
1221 3257 1326 3308 usitate

785 3329 838 3376 eet.
879 3324 911 3374 In
942 3324 1102 3391 templorum
1129 3327 1326 3393 Aegyptiorum

785 3393 946 3460 anoglyphis
965 3411 1019 3447 nou
1044 3396 1123 3448 aliter
1145 3397 1202 3449 iere
1221 3409 1327 3462 repres-

785 3469 907 3516 eentetos
930 3465 1051 3517 videmus
1075 3467 1245 3528 secerdotes,
1269 3464 1327 3515 lou·

785 3535 827 3601 gie
845 3535 971 3587 nimirum
987 3537 1109 3587 vestibus
1127 3535 1163 3587 ed
1180 3536 1262 3602 pedes
1280 3549 1326 3584 ns-

786 3620 837 3670 que
860 3606 1056 3669 pertinentibus
1079 3606 1191 3657 indutos
1214 3609 1241 3655 et
1264 3617 1327 3654 reso

786 3675 888 3740 cupite,
911 3676 965 3726 nisi
983 3676 1032 3726 ubi
1056 3676 1120 3740 pilei
1147 3674 1263 3742 quodum
1283 3687 1328 3739 ge·

786 3761 849 3794 nere
867 3751 978 3796 ornetur
994 3759 1078 3796 conse
1101 3745 1169 3796 tecti
1191 3743 1327 3796 videntur.

786 3811 895 3881 λαβεῖν,
921 3815 994 3880 quod
1018 3831 1089 3866 nuno
1109 3815 1265 3866 restitutum
1284 3815 1328 3863 est

786 3899 834 3949 pro
851 3880 948 3952 βαλεῖν
966 3901 989 3936 e.
1010 3881 1128 3951 βαλέειν,
1145 3884 1248 3936 retinui
1265 3895 1327 3933 cnm

786 3955 903 4006 Bredov.
928 3969 954 4018 p.
974 3953 1038 4015 3263
1062 3959 1176 4006 recentt.
1200 3951 1260 4003 edd.
1280 3951 1328 4000 λα-

193 4019 279 4082 modi,
303 4037 373 4086 quse
397 4025 425 4072 in
448 4023 655 4089 purgationibus
678 4023 735 4073 fieri
787 4020 870 4088 βέειν.
912 4025 1055 4075 Caeterum
1083 4014 1255 4087 ὑποδήματα
1278 4012 1328 4088 βύ-

193 4086 298 4153 solent,
328 4091 445 4142 Iudeeoe
478 4093 618 4158 accepisse
644 4098 736 4144 monet
787 4089 868 4158 βλινα
886 4109 909 4144 ε.
929 4093 1053 4144 ssudnlio
1075 4109 1108 4146 ex
1130 4091 1211 4158 byblo
1230 4095 1329 4158 parete

193 4157 321 4224 Speneer.
335 4162 547 4214 deritt.IIebrr.
564 4163 653 4222 111‚5.
667 4169 735 4216 sect.
783 4166 815 4212 et
837 4162 898 4228 ipre
920 4161 955 4213 ed
978 4168 1101 4214 ornatum
1129 4161 1328 4229 quodammodo

196 4227 220 4306 1.
240 4244 304 4310 pag.
323 4245 359 4281 m.
377 4231 430 4284 800
443 4247 501 4297 seq.
519 4263 555 4272 -
575 4225 624 4282 διὰ
640 4231 737 4296 τρίτης
787 4232 938 4297 pertinent;
960 4232 1067 4284 celeeos
1092 4249 1125 4285 ex
1145 4233 1220 4284 corio
1239 4234 1328 4284 lector

192 4311 300 4362 ημερης
319 4305 360 4349 est
380 4303 454 4352 tertio
470 4301 625 4366 ηνοηατιλίε.
657 4303 735 4354 Ocni.
788 4302 930 4369 ipsumque
952 4308 1070 4354 sutorem
1090 4319 1150 4354 cum
1167 4303 1328 4354 instrumen-

195 4381 281 4432 eupre
297 4368 336 4431 11,
355 4370 381 4420 4.
788 4371 823 4422 tis
842 4371 876 4422 sd
894 4371 945 4424 hoc
964 4387 1031 4438 opus
1053 4373 1214 4426 necssmiie
1238 4377 1328 4424 oeten·

1193 4602 1245 4612 ᾳ
