3096 4930
476 293 480 300 -
558 253 809 314 EUTERPE.
833 253 876 312 Il.
901 264 927 316 2.
1248 251 1306 312 431

174 423 233 507 τὰς
246 441 368 514 χεῖρας.
396 422 436 493 τὰ
449 424 511 514 μέν
527 423 569 515 δὴ
583 431 699 516 πρῶτα
719 423 862 507 ἀκούσας
877 422 1000 515 ἥσυχος
1020 416 1063 514 ἦν
1075 421 1093 496 ὁ
1105 422 1239 514 ποιμήν.
1266 451 1310 505 ιις

177 528 214 597 δὲ
236 527 395 609 πολλάκις
416 532 584 616 φοιτέοντι
608 531 664 598 καὶ
686 525 913 623 ἐπιμελομένῳ
940 527 1065 600 πολλὸν
1085 519 1128 618 ἦν
1151 533 1251 598 τοῦτο
1272 525 1309 596 τὸ

177 637 266 716 έπος,
282 625 370 700 οὕτω
384 627 426 721 δὴ
438 631 587 722 σημήνας
599 639 647 727 τῳ
661 633 805 724 δεσπότῃ
819 630 922 722 ἤγαγε
938 631 978 702 sd
992 638 1109 703 παιδία
1125 631 1308 702 κελεύσαν-

176 761 231 814 τος
246 731 280 816 ές
293 731 373 818 ὄψιν
391 733 454 824 τὴν
475 733 617 806 ἐκείνου.
647 733 791 816 ἀκούσας
812 737 849 805 δὲ
869 738 925 806 καὶ
944 731 1075 818 αὐτόςὸ
1094 735 1310 826 Ψαμμήτιχος

177 833 406 925 ἐπυνθάνετο,
421 843 542 921 οἵτινες
561 837 756 930 ἀνθρώπων
774 839 872 928 βεκός
886 867 917 908 τι
936 843 1103 910 καλέουσι.
1133 838 1308 910 πυνθανό-

175 967 275 1029 μενος
288 941 326 1011 δὲ
340 937 474 1032 εὕρισκε
492 943 629 1032 Φρύγας
643 948 822 1024 καλέοντας
841 940 901 1012 τὸν
916 940 1025 1031 ι’έρτον.
1053 939 1140 1013 οὗτοι
1160 942 1309 1031 συνεχώ-

175 1065 282 1134 ρησαν
297 1045 493 1134 Αἰγύπτιοι,
514 1050 570 1117 καὶ
584 1047 724 1142 τοιούτῳ
741 1045 1012 1136 σταθμησάμενοι
1029 1046 1214 1137 πρήγματι,
1233 1043 1311 1126 τούς

175 1245 241 1311 ibiq.
256 1246 397 1299 Rudbeclr.
412 1247 532 1300 Atlantis
551 1253 572 1299 t.
589 1249 611 1302 I.
629 1267 655 1316 p.
666 1249 718 1302 808
770 1247 828 1299 doti
840 1245 907 1298 locis
919 1246 1022 1299 allatis.
1042 1247 1083 1299 Oi.
1095 1249 1177 1300 etiem
1188 1249 1211 1313 I,
1222 1250 1265 1300 57.
1277 1275 1312 1284 -

175 1329 269 1366 vocem
293 1317 368 1368 illam
393 1335 453 1369 cnm
475 1319 719 1374 Scendistaviorum
769 1319 811 1368 De
832 1318 894 1384 ipsa
911 1334 939 1368 re
959 1319 1013 1368 iam
1035 1317 1070 1368 ad
1087 1319 1194 1370 initium
1212 1319 1310 1384 capitis

176 1385 250 1436 Balce
268 1389 436 1453 componit.“
456 1391 504 1440 Gr.
536 1387 578 1440 hd
597 1389 719 1441 Senseri-
771 1387 904 1453 quaedam
919 1389 1079 1439 monuimus.
1106 1389 1160 1440 Hic
1178 1387 1232 1439 loci
1246 1389 1312 1438 Lar-

175 1461 267 1505 tansm
293 1456 429 1524 linguam,
457 1461 484 1508 in
512 1475 566 1526 qua
591 1450 718 1524 bhaoe'-ja
770 1459 844 1508 cheri
863 1463 988 1508 notamus
1001 1459 1145 1523 iudicium,
1164 1459 1210 1525 qui
1219 1460 1313 1510 Psam-

174 1525 312 1646 ιεκι
608 1530 717 1650 uu
770 1527 1247 1649 κνιι
1262 1527 1313 1648 u

176 1680 202 1729 p.
215 1611 263 1726 {13
283 1633 318 1716 ad
330 1616 475 1732 Persidem,
495 1615 542 1719 ndei
556 1635 631 1730 panis
647 1637 719 1720 dice:
770 1613 806 1717 dit
826 1611 1192 1734 stirpisydlirrdpdleadp(eodl.
1208 1615 1310 1719 Hegrod.

176 1741 220 1784 tur
229 1735 342 1800 μαλακά,
355 1738 485 1789 Hammer
497 1739 525 1788 in
537 1739 607 1789 hun.
619 1739 717 1790 Vienn.

175 1805 272 1857 XLVI.
287 1822 314 1872 p.
329 1807 386 1858 119.
408 1809 523 1874 Propius
535 1809 665 1860 accedere
680 1810 719 1859 vi·

176 1873 254 1924 detur
282 1875 345 1940 bak,
374 1892 428 1942 qua
450 1893 518 1929 voce
540 1877 719 1942 albanenses,

175 1945 222 2009 qui
237 1959 308 1995 nunc
319 1945 453 2010 dicuntur,
465 1963 555 2011 panem
564 1947 719 2014 designant,

175 2019 246 2064 teste
272 2015 387 2080 Kopitar
410 2017 477 2068 ibid.
494 2034 521 2083 p.
534 2017 593 2068 105.
618 2019 720 2084 Attigit

176 2099 283 2149 qnoque
312 2087 470 2138 Herodotea
497 2087 660 2138 Eustethiue
691 2088 720 2137 in

176 2153 294 2218 Opnsec.
313 2171 398 2222 nuper
417 2157 497 2208 editis
516 2173 542 2222 p.
554 2157 602 2220 39,
622 2159 657 2208 20
676 2158 718 2208 ed.

114 2278 115 2281 Ἴ
176 2222 269 2284 'l'alel;
289 2239 304 2274 e
320 2227 517 2278 recentioribus
536 2226 629 2278 Osann
642 2228 671 2276 in
688 2227 720 2277 li·

176 2293 238 2354 bro,
256 2294 302 2358 qni
313 2295 470 2347 inscribitur
478 2295 568 2346 Midea
582 2301 634 2348 ete.
646 2313 672 2362 p.
685 2297 718 2348 55

177 2361 417 2416 coll.43et1ae.
438 2367 540 2418 Grimm
563 2367 604 2416 iu:
627 2366 719 2417 Denlr-

176 2431 282 2483 schrift.
300 2432 325 2483 d.
338 2435 440 2486 Berlin.
454 2435 540 2488 Acad.
559 2435 634 2487 1851.
653 2451 717 2502 pag.

178 2501 228 2552 123
239 2517 325 2568 seqq„
343 2505 389 2568 qui
402 2505 473 2556 bane
487 2507 670 2556 narrationem
683 2505 719 2556 ad

177 2569 284 2621 fabulas
294 2573 416 2640 relegare
424 2575 494 2626 velle
503 2575 619 2638 videtur,
627 2591 727 2642 quem·

177 2656 272 2706 quem,
298 2647 327 2692 ut
346 2660 408 2694 mox
426 2645 581 2708 afferemus,
602 2661 657 2696 non
675 2645 720 2695 de-

177 2715 241 2760 sunt
264 2710 308 2761 vel
331 2715 490 2765 recentioris
515 2715 615 2765 aetatis
640 2731 720 2765 aona·

178 2781 252 2830 mina
270 2796 380 2844 prorsus
399 2784 507 2834 similia.

213 2839 403 2920 ἐπιμελομένῳ
424 2845 532 2904 πολλὸν
555 2839 604 2918 ἦν]
630 2853 719 2919 Vulgo

177 2909 273 2983 έπιμελ
283 2914 420 2991 ονμένῳ;
440 2937 489 2973 uos
503 2922 624 2973 dedimus
643 2923 719 2984 illud,

177 2987 249 3054 quod
267 2987 344 3041 libris
361 2993 595 3043 consentientibus
608 3006 720 3044 revoca-

177 3059 217 3108 vit
224 3057 494 3130 Schweighaeuserus
504 3062 629 3128 quodque
636 3077 718 3111 uuum

177 3127 360 3181 Herodoteum
381 3147 441 3184 esse
459 3132 586 3197 probavit
602 3131 718 3182 Bredov.

178 3213 204 3264 p.
214 3197 275 3249 364.
302 3201 345 3250 'l'u
358 3202 394 3254 cl.
407 3201 510 3252 Herod.
525 3201 548 3262 1,
560 3203 604 3255 98.
618 3201 655 3262 11,
671 3201 720 3252 174

178 3294 211 3305 -
225 3261 359 3328 πολλάκις
379 3269 588 3338 (praesolidat)
613 3270 718 3336 scripsi,

749 1737 837 1800 ‘VII,
857 1736 917 1804 73),
940 1737 1063 1804 adeoque
1086 1743 1158 1789 teste
1178 1739 1313 1790 Strabone

768 1807 817 1857 lib.
828 1807 862 1857 X.
880 1823 906 1872 p.
921 1807 982 1872 722,
993 1807 1026 1858 h.
1043 1807 1178 1859 Thracum
1194 1807 1311 1859 colonia.

770 1877 829 1940 Quo
844 1881 934 1926 tamen
948 1878 1048 1929 rectius
1061 1878 1193 1929 statuisse
1204 1879 1313 1928 videtur

769 1947 874 1997 Hoeeh.
889 1947 984 2011 (Creta
998 1948 1020 1999 I.
1032 1963 1094 2014 pag.
1107 1949 1156 1998 117
1171 1964 1228 2014 seq.
1239 1944 1312 2013 121).

769 2019 812 2067 Ex
830 2017 964 2068 Herodoti
982 2017 1053 2068 enim
1071 2019 1228 2070 narratione
1245 2015 1313 2067 illud

771 2091 844 2137 certe
863 2085 954 2152 colligi
972 2103 1053 2152 posse
1071 2093 1164 2153 putat,
1188 2089 1312 2153 Phryges

769 2155 833 2206 olim
861 2156 1067 2221 antiquissimos
1094 2157 1176 2224 vulgo
1203 2157 1312 2207 habitos

769 2241 841 2288 esse,
868 2225 1035 2292 multumque
1062 2227 1269 2293 distinguendos
1296 2239 1313 2274 a

770 2287 890 2358 Gr'aecis,
907 2311 968 2346 cnm
980 2301 1072 2361 patres
1084 2295 1313 2348 habuisaeArme·

769 2365 829 2414 nios
848 2364 992 2416 admodum
1007 2367 1154 2416 verisimile
1166 2368 1215 2430 sit,
1234 2363 1313 2415 illud-

770 2449 822 2499 que
837 2435 919 2484 etiam
933 2436 1063 2500 probetur
1078 2435 1180 2502 lingna,
1199 2451 1269 2502 quae
1282 2439 1313 2484 ut

770 2519 786 2553 ιι
805 2504 911 2556 Graeca
926 2503 1021 2570 lingua
1038 2506 1078 2556 ita
1095 2507 1130 2556 ab
1153 2507 1214 2557 aliie
1232 2505 1313 2571 plane

771 2573 887 2636 diversa,
902 2575 1057 2640 Phrygibus
1071 2576 1216 2640 peculiaris
1232 2589 1314 2640 quee-

770 2641 832 2693 dem
851 2643 943 2694 luerit.
971 2645 1066 2710 Neque
1080 2644 1160 2695 aliter
1175 2645 1313 2695 iudicasse

770 2713 850 2763 video
868 2713 900 2764 P.
914 2715 949 2763 de
962 2715 1107 2778 Koeppeu:
1128 2713 1312 2780 Nordgestad.
1347 2720 1348 2724 ’

771 2782 798 2832 d.
817 2784 897 2833 Pont.
917 2799 943 2848 p.
963 2783 1006 2834 71.
1032 2782 1154 2832 Eandem
1178 2783 1313 2848 discepta-

770 2851 886 2913 tionem,
906 2867 987 2916 quam
999 2853 1071 2900 inter
1083 2852 1206 2916 Phryges
1224 2857 1251 2902 et
1262 2854 1314 2902 Ae-

771 2923 880 2986 gyptios
893 2921 995 2971 iactam
1006 2921 1058 2972 hoc
1069 2919 1130 2970 loeo
1142 2921 1314 2970 enarrstHe·

770 2990 892 3052 rodotus,
901 2990 983 3039 simili
993 2991 1050 3040 iere
1061 2989 1140 3040 modo
1152 2989 1314 3054 iuterPhry-

771 3075 818 3126 ges
839 3065 866 3110 et
884 3059 1000 3111 Oreades
1022 3061 1124 3110 factam
1146 3059 1232 3110 tradit
1254 3059 1313 3124 My-

770 3127 938 3194 thographus
949 3129 1115 3191 Vaticanus,
1135 3145 1215 3195 quem
1228 3127 1314 3180 edidit

770 3199 860 3262 Bode,
880 3199 1013 3250 111.1.s.
1036 3199 1077 3249 11.
1094 3203 1115 3249 t.
1129 3199 1154 3251 l.
1172 3216 1237 3266 pag.
1251 3199 1311 3249 157.

805 3269 838 3318 ln
861 3267 984 3319 clausula
1007 3269 1106 3320 addere
1124 3269 1215 3332 iuvat,
1241 3265 1314 3334 quod

177 3339 208 3386 nt
226 3336 250 3398 1,
268 3336 315 3401 38,
335 3341 383 3389 nbi
400 3340 456 3391 vid.
770 3337 907 3389 ereodem
916 3337 1051 3388 Lerchero
1062 3340 1314 3403 cognovimns,sae·

213 3402 261 3455 καλ
271 3399 392 3476 τοιούτῳ
404 3399 637 3472 σταθμησάμενοι
650 3397 721 3470 πρή·
770 3407 830 3459 culo
846 3407 950 3458 decime
966 3409 1060 3472 quinto
1072 3412 1136 3474 post
1147 3408 1210 3459 Chr.
1225 3423 1252 3458 ιι.
1270 3407 1313 3456 Ιιι-

177 3474 271 3541 ypati]
296 3478 314 3527 i.
333 3493 357 3529 e.
381 3487 414 3528 et
439 3493 469 3528 eo
495 3478 617 3542 qhidem
642 3492 720 3542 arpa·
770 3477 866 3526 cohum
885 3477 939 3540 IV,
964 3477 1074 3528 Scotiae
1097 3493 1204 3540 regem,
1227 3475 1314 3526 simile

177 3553 257 3595 ιιιιιιιο
275 3547 356 3610 ducti,
375 3547 447 3612 quod
466 3547 542 3612 iungi
560 3545 641 3597 debet
660 3561 720 3596 cum
771 3547 898 3612 quiddam
913 3551 995 3612 atque
1007 3545 1229 3596 Psemmitichum
1248 3546 1314 3594 iuis-

179 3607 395 3682 συνεχώρησαν,
417 3633 433 3667 a
451 3631 504 3682 quo
525 3617 585 3681 ipso
603 3615 721 3680 pendent
770 3633 801 3668 ee
818 3621 966 3682 expertum.
993 3617 1069 3666 Duos
1083 3615 1157 3665 illum
1169 3615 1260 3665 lerunt
1273 3615 1314 3664 in-

179 3683 282 3748 reliqua
300 3679 369 3743 roric
380 3677 494 3750 Φρύγας
511 3677 721 3752 πρεσβυτέρους
772 3688 861 3738 sentes
879 3688 907 3736 in
925 3686 1043 3736 insulam
1060 3684 1221 3749 reclusisse,
1239 3683 1314 3734 addi-

178 3743 253 3802 εἶναι
271 3746 392 3804 imeras.
420 3755 533 3818 Moneo,
553 3769 588 3806 ne
605 3755 634 3804 in
652 3759 722 3805 stra·
771 3760 800 3805 to
812 3761 887 3806 muto
899 3756 1016 3818 homine,
1030 3755 1077 3820 qni
1089 3755 1207 3818 ipsorum
1221 3769 1313 3804 eurem

180 3826 258 3872 ctura
274 3825 334 3889 quis
353 3824 480 3886 haereat,
499 3825 527 3873 in
546 3825 667 3889 quoiam
682 3825 720 3873 ni·
772 3829 889 3890 gereret.
915 3825 1046 3889 Enipeus
1060 3824 1190 3885 infantes,
1206 3824 1253 3873 ubi
1267 3823 1314 3873 ad·

153 3945 158 3956 ¹
180 3891 219 3940 bil
237 3893 302 3956 erit,
320 3893 392 3959 quod
410 3909 459 3943 nos
478 3893 607 3944 offendat.
635 3893 723 3944 simili
772 3893 824 3942 ulti
838 3893 953 3955 inerint,
968 3891 1095 3943 Paradisi
1107 3892 1241 3958 linguam,
1257 3893 1276 3940 i.
1289 3907 1312 3945 e.

180 3960 380 4024 significatione
398 3963 531 4027 reperitur
550 3955 724 4027 έπισταθμᾶ·
772 3963 950 4024 Hebraieam,
980 3961 1110 4012 edidisset
1141 3957 1212 4026 Quid
1241 3959 1315 4026 qnod

181 4027 251 4078 σθαι
277 4032 305 4081 in
323 4031 452 4097 Aeschyli
469 4033 565 4098 Agara.
587 4031 648 4093 159,
676 4031 723 4081 ubi
773 4031 940 4081 Priderioum
973 4031 1138 4094 secundum,
1174 4029 1315 4081 celeberri-

180 4099 236 4150 vid.
250 4099 402 4161 Blomfield.
415 4101 536 4153 Glossar.
564 4103 606 4151 De
620 4099 722 4161 dativo,
774 4115 845 4150 mum
864 4099 1024 4152 Germaniae
1046 4104 1129 4166 atque
1150 4099 1249 4150 Italiae
1266 4100 1315 4148 im-

181 4169 227 4232 qui
244 4169 354 4220 additor
366 4171 428 4220 hnic
441 4171 524 4222 verbo
536 4185 622 4235 aeque
639 4173 722 4234 atque
773 4171 935 4234 potatorem,
954 4168 1058 4235 eliquat
1074 4170 1195 4220 infantes
1210 4185 1228 4218 a
1244 4173 1314 4219 cete-

180 4237 262 4288 verbo
281 4237 497 4304 τεκμαίρεσθαι,
522 4238 599 4301 ιι111ι,
618 4239 722 4289 monuit
772 4239 810 4286 ris
838 4237 991 4288 horninibus
1018 4237 1139 4289 seclusos
1167 4238 1314 4288 nutrivisse

178 4305 316 4360 Kuehuer.
335 4307 382 4360 Gr.
403 4307 723 4373 Gr.§.58it,e‚11ero·
772 4306 863 4358 terunt
888 4305 1039 4372 iisdemque
1063 4305 1253 4371 interdixisse,
1280 4317 1315 4356 ns
