3086 4932
620 313 746 376 OLIO.
769 318 795 376 I.
818 327 863 382 94.
1245 321 1307 386 209

171 487 279 568 ἔχεται
301 485 361 550 τοῦ
381 480 522 572 σήματος
544 485 686 576 μεγάλη,
715 486 778 580 τὴν
804 494 938 578 λέγουσι
959 495 1067 563 Λυδοὶ
1089 490 1228 566 ἆείναον
1255 497 1303 568 εἷ-

170 605 243 654 ναι·
273 587 425 654 καλέεται
448 587 485 656 dl
507 585 592 678 αὕτη
606 597 745 680 Γυγαίη.
774 595 947 682 τοῦτομὲν
969 594 1011 686 δὴ
1024 599 1157 670 τοιοῦτό
1170 603 1250 670 ἐστι.

247 689 355 758 Avdol
376 689 413 758 dt
435 689 564 780 νόμοισι
582 691 646 781 μὲν
661 704 916 782 παραπλησίοισι
928 702 1090 785 χρέωνται
1109 705 1164 772 καὶ
1178 699 1298 794 Ἕλλη·
1308 715 1349 776 94

169 817 242 876 νος,
260 794 362 882 χωρίς
383 787 403 882 ἢ
421 789 471 863 ὅτι
490 793 530 864 rol
551 797 660 886 θήλεα
677 801 777 868 τέκνα
798 802 1092 889 καταπορνεύουσι.
1121 811 1246 896 πρῶτοι
1264 809 1302 878 dl

168 890 381 984 ἀνθρώπων,
407 903 477 968 τῶν
497 894 592 989 ἡμεῖς
617 907 731 990 repro,
761 900 905 990 νόμισμα
929 911 1054 990 χρυσοῦ
1075 909 1130 978 καὶ
1151 907 1302 1002 ἀργύρου

168 998 352 1088 κοψάμενοι
368 1001 565 1091 ἐχρήσαντο·
593 1009 719 1095 πρῶτοι
734 1004 772 1074 δὲ
790 1006 846 1074 καὶ
860 1003 1002 1094 κάπηλοι
1017 1004 1180 1094 ἐγίνοντο.
1213 1018 1301 1084 Φασὶ

169 1167 229 1229 661,
256 1167 326 1217 vidit
345 1167 490 1220 Chandlar.
510 1169 529 1222 Ι.
548 1171 566 1221 l.
585 1187 646 1238 cap.
662 1173 710 1234 78η
763 1173 835 1222 derit
852 1172 923 1238 (vit.
940 1171 1022 1222 Thea.
1041 1189 1100 1239 cap.
1115 1173 1169 1240 [24]
1189 1179 1222 1230 25
1239 1195 1303 1247 pag.

168 1235 230 1286 add.
243 1236 353 1288 Curtius
365 1254 392 1303 p.
407 1240 465 1291 152.
482 1271 516 1279 -·
534 1231 661 1307 ἀείναος,
680 1249 711 1293 ut
763 1241 817 1306 11),
836 1257 870 1292 ea
881 1242 915 1292 ab
928 1243 1001 1292 omni
1018 1241 1190 1294 historiarum
1207 1247 1259 1298 fide
1277 1256 1305 1299 et

168 1305 238 1370 Lydi
256 1306 344 1358 lacum
363 1315 476 1373 vocant,
496 1311 654 1362 Latinorum
668 1319 711 1363 eet
761 1312 801 1361 rei
819 1311 990 1377 antiquariae
1008 1313 1114 1363 ratione
1132 1329 1242 1378 proraua
1260 1318 1305 1367 ab.

164 1380 292 1440 perennia,
307 1377 422 1444 aliisque
436 1379 502 1430 lucia
514 1379 590 1444 (utI,
603 1382 663 1449 145)
677 1383 710 1432 de
760 1380 870 1432 horrere
882 1388 975 1432 oeuaet
986 1379 1110 1446 (notuute
1124 1381 1188 1446 Or.)
1202 1385 1307 1450 Perua·

168 1445 258 1496 fluviis
282 1446 396 1512 dicitur,
420 1450 643 1515 quemadmodum
665 1453 710 1502 Oi·
760 1450 865 1516 Knight
895 1451 923 1500 in
946 1451 1074 1517 Prolegg.
1098 1453 1253 1504 Homerico.
1278 1458 1306 1517 θ.

168 1517 258 1566 oeroui
285 1515 337 1581 (De
354 1535 412 1584 rep.
431 1520 468 1583 11,
489 1519 519 1578 5)
542 1522 648 1573 Tiberia
668 1527 710 1573 eet
760 1520 865 1572 LVIII.
884 1535 947 1586 pag.
963 1523 996 1572 55
1016 1523 1158 1587 ed.Lipe.,
1176 1538 1240 1573 oum
1251 1525 1308 1574 Ho-

165 1590 285 1648 pererrm'r
300 1589 400 1652 amnia,
420 1591 454 1640 ad
470 1605 549 1655 quoru
565 1591 654 1642 locum
673 1593 709 1645 cf.
761 1591 868 1641 mericia
887 1591 969 1641 etiam
985 1592 1165 1656 temporibus,
1184 1593 1230 1644 diu
1241 1601 1305 1658 poet

168 1655 293 1708 Creuzer.
317 1675 344 1723 p.
363 1659 423 1710 214.
461 1661 503 1710 Au
528 1661 614 1726 ipram
632 1663 708 1713 rocio
761 1659 859 1710 Theaei
877 1665 1010 1722 aetatem,
1035 1677 1114 1712 omne
1131 1663 1304 1714 numismatis

168 1725 295 1787 sormam,
327 1744 407 1794 quam
436 1735 552 1795 utroque
579 1733 711 1782 Herodoti
761 1744 845 1794 genua
853 1730 965 1780 Graecis
974 1730 1055 1795 plane
1066 1731 1234 1797 incognitum
1246 1733 1304 1784 iue-

166 1794 226 1846 loco
240 1798 268 1846 in
279 1791 381 1857 ἀέναος
393 1807 559 1850 commutare
576 1803 710 1852 vultDin-
761 1799 824 1848 riu·
842 1799 903 1848 Hoc
922 1799 1044 1850 additum
1062 1800 1159 1864 velim,
1178 1817 1239 1852 cum
1249 1803 1303 1852 He-

167 1865 230 1915 dori
251 1865 352 1931 (Praef.
378 1885 405 1934 p.
428 1868 578 1933 XXXIII),
605 1871 709 1922 consul.
761 1867 858 1918 rodoto
873 1869 958 1934 Lydia
977 1869 1160 1920 inventionem
1177 1877 1304 1922 monetae

166 1936 282 1987 Bredor.
307 1954 333 2004 p.
353 1941 397 1992 44.
423 1939 470 1992 151
493 1945 521 1990 et
539 1941 603 1993 add.
622 1942 710 1992 Idaler
761 1937 901 1988 cudendae
918 1938 1037 1988 tribuere
1049 1939 1242 2003 Xenophanem
1253 1941 1303 1990 Co-

167 2006 202 2054 ad
236 2007 374 2060 Aristotel.
408 2010 587 2077 Meteorolog.
621 2012 648 2075 1,
666 2012 708 2063 13.
758 2007 914 2072 lophonium
931 2008 1002 2072 apud
1013 2007 1117 2058 Polluc.
1130 2007 1178 2070 IX,
1188 2009 1214 2060 6.
1228 2013 1254 2072 ξ.
1268 2009 1303 2062 83

168 2090 196 2138 p.
215 2077 277 2126 450.
759 2081 788 2128 et
805 2077 978 2127 Euetathium
992 2076 1025 2126 ad
1042 2077 1155 2142 Dionys.
1166 2079 1302 2144 Perieget.

759 2162 801 2197 ra.
820 2146 880 2199 840.
916 2147 974 2198 Neo
995 2145 1121 2196 abhorret
1143 2163 1160 2196 a
1177 2163 1206 2198 re
1224 2149 1300 2214 ipaa;

760 2220 894 2282 quatenus
910 2215 1047 2281 Lydorum
1062 2221 1170 2280 gentem
1189 2222 1216 2268 et
1233 2234 1301 2268 mer·
1398 2221 1400 2226 '

760 2291 872 2338 caturae
890 2291 917 2334 et
929 2285 1051 2336 omnibus
1064 2286 1112 2348 iia,
1132 2301 1201 2352 quae
1213 2287 1248 2337 ad
1262 2289 1302 2338 vi-

759 2361 816 2406 tam
842 2355 981 2406 cultiorem
1005 2353 1126 2419 adeoque
1150 2356 1300 2408 molliorem

757 2425 907 2490 pertinent,
925 2423 1005 2473 valde
1016 2423 1134 2474 deditam
1147 2425 1231 2477 suinae
1242 2425 1301 2492 plu·

758 2511 789 2544 ra
808 2494 935 2544 evincunt
953 2493 1122 2556 testimonia,
1146 2494 1247 2546 collata
1264 2497 1299 2546 nb

757 2562 891 2614 Heercnio
906 2563 933 2611 iu
945 2562 1023 2624 libro,
1033 2564 1076 2612 cui
1088 2563 1197 2615 titulun:
1216 2565 1300 2616 Ideen

758 2636 810 2682 eto.
829 2631 852 2693 1,
868 2632 891 2681 1.
905 2647 969 2698 pag.
983 2633 1041 2682 155.
1068 2633 1140 2684 Hinc
1158 2635 1249 2697 etiam,
1268 2641 1300 2685 ut

757 2701 902 2764 adscripsit
922 2703 976 2762 Cn,
995 2701 1164 2752 Herodotum
1182 2704 1241 2754 iure
1259 2720 1300 2754 ae-

758 2771 849 2834 quitur
866 2771 984 2820 Boeckh.
1004 2771 1031 2819 in
1049 2770 1118 2822 libro
1133 2773 1166 2822 do
1178 2773 1300 2824 Oecono-

324 2209 328 2224 ¹
351 2250 414 2302 CIP.
433 2251 531 2302 XCIV.

204 2343 338 2416 χρέωνται
355 2342 555 2422 καίἝλληνες]
572 2353 709 2410 Nonacri-

168 2419 270 2485 pairuua
304 2418 447 2487 χρέονται,
477 2427 604 2490 quoniam
633 2427 707 2478 nullo

167 2491 247 2542 modo
264 2491 308 2543 hic
326 2509 343 2542 a
360 2493 472 2560 vulgata
489 2495 619 2547 recedunt
634 2497 706 2548 libri.

166 2560 246 2612 Cous.
265 2561 347 2624 1‚·34.
366 2595 402 2604 —
419 2565 574 2616 Proximum
593 2562 649 2625 nol,
668 2577 708 2618 ot-

166 2647 222 2696 qae,
235 2649 315 2696 ηαααι,
328 2639 390 2698 poet
408 2635 541 2686 vocabule
556 2635 708 2688 similitudi·

165 2701 208 2750 uia
226 2703 294 2751 satia
315 2709 409 2754 uotum
431 2711 482 2756 eat.
519 2705 597 2756 (loni.
617 2707 644 2768 Ι,
662 2709 706 2758 35.

164 2770 249 2822 Plura
261 2772 360 2824 Struve
372 2774 488 2840 specim.
496 2775 520 2826 1.
531 2777 643 2838 Quaeat.
655 2779 708 2827 He·

167 2841 226 2891 rod.
246 2858 274 2906 p.
293 2844 327 2894 25
345 2859 403 2910 aeq.

209 2939 296 3009 χωρὶς
326 2933 346 3010 ἦ
373 2939 416 2998 ὅτι
445 2939 480 2996 τὰ
505 2940 596 3012 θήλεα
625 2942 709 2994 τέκνα

164 3009 427 3081 καταπορνεύουσι]
455 3006 707 3078 καταπορνεύουσι,

165 3083 237 3148 quod
253 3099 392 3150 perperam
404 3089 554 3137 verterant:
572 3087 645 3134 eitam
659 3100 708 3133 me-

164 3157 291 3204 reunion
314 3165 403 3222 οραπί,
429 3171 498 3205 nunc
522 3153 623 3202 rectius
648 3153 707 3204 red·

165 3221 246 3273 dunt:
265 3225 331 3276 oilae
349 3223 504 3275 morentiae
521 3223 633 3272 λναιλααλ.
661 3224 706 3274 Sic

164 3291 238 3342 intra
261 3293 283 3344 1.
306 3295 355 3346 196
378 3299 459 3356 atque
477 3291 596 3342 Thomas
620 3293 707 3360 Magi-

163 3367 221 3412 ater
254 3363 323 3414 ,316
337 3361 489 3424 explicans:
508 3356 548 3418 είς
567 3361 707 3424 πορνείαν

162 3379 318 3552 llllllm
348 3431 448 3498 Attigit
462 3431 620 3482 Herodotea
633 3431 708 3483 Stra-

183 3517 198 3550 o
229 3537 236 3551 .
266 3536 273 3550 .

198 3598 304 3663 πρῶτοι
329 3595 360 3650 δὲ
385 3591 552 3680 ύνίζρύπιον
569 3634 604 3642 -
627 3595 705 3682 νρμι-

161 3666 705 3808 fit?tltltz‘ttttl'tttttttt

160 3810 324 3876 Argivorum
350 3813 494 3875 tyrannum
518 3813 632 3875 primum
649 3828 705 3862 mo-

160 3883 253 3930 netam
277 3879 397 3946 Aeginae
419 3881 569 3931 cudendum
596 3897 705 3932 ouraeec

161 3953 295 4000 statuant.
323 3949 365 4000 De
380 3965 433 4016 quo
446 3950 568 4001 Phidone
584 3951 641 4016 ipae
652 3951 707 4002 He-

162 4017 275 4069 rodotus
302 4017 433 4070 nonnulla
459 4021 549 4086 prodit
572 4021 626 4084 vl,
659 4021 706 4072 127

163 4087 222 4150 (ubi
234 4089 290 4139 vid.
302 4089 395 4152 nott),
406 4105 484 4155 quem
498 4096 588 4140 tamen
600 4089 707 4140 veriora

161 4157 206 4208 bio
227 4159 333 4209 tradere
356 4163 454 4224 putant
474 4159 507 4210 de
529 4166 639 4210 moneta
661 4175 706 4210 cu-

162 4227 252 4278 denda
266 4245 283 4278 a
295 4229 379 4295 Lydia
393 4229 514 4280 inventa.
545 4231 621 4292 Quae
634 4229 705 4279 enim

161 4296 325 4350 Plutarchus
345 4299 378 4350 de
396 4299 485 4350 numia
502 4315 519 4350 a
538 4298 643 4350 Theseo
661 4314 707 4348 cu·

161 4367 200 4418 eia
219 4373 248 4418 et
270 4367 350 4419 bovis
368 4367 459 4436 effigie
484 4369 600 4436 signatis
618 4367 706 4434 prodi·

202 4469 371 4514 HERODO'I'.
396 4471 418 4512 1.

758 2839 812 2888 mia
825 2839 996 2890 Atheniense.
1010 2839 1033 2902 1,
1046 2841 1072 2890 5.
1089 2857 1117 2906 p.
1131 2841 1164 2892 32
1179 2842 1221 2892 ed.
1233 2859 1299 2906 rec„

758 2907 825 2958 illud
843 2923 948 2974 quoque
967 2923 1093 2972 monens,
1118 2925 1197 2973 quam
1215 2927 1299 2976 egene

759 2979 819 3027 auri
831 2977 913 3027 tuerit
925 2978 1039 3029 Graecia
1052 2993 1084 3028 eo
1098 2983 1227 3043 tempore,
1245 2995 1298 3045 quo

759 3047 875 3097 Croeeua
898 3047 951 3096 iarn
973 3051 1094 3112 ,stateres
1116 3061 1212 3100 aureos
1236 3049 1299 3099 cudi
1399 3051 1403 3058 '

759 3117 852 3179 iussit,
879 3132 926 3182 per
953 3116 1097 3166 Graeciam
1122 3117 1209 3183 ipsam
1236 3119 1298 3169 dein

756 3201 900 3322 lleatllllg.
919 3185 1140 3322 llllnlereeillllh‘lmp.
1158 3205 1198 3310 ¹lll
1212 3188 1297 3324 llllllll.

758 3326 807 3377 129
823 3341 898 3390 eeqq.
918 3331 945 3375 et
958 3327 1073 3384 Graecae
1091 3327 1254 3380 Numiomat.
1274 3329 1298 3379 1.

756 3412 783 3461 p.
802 3397 834 3446 24
854 3409 929 3460 aeqq.
948 3395 992 3446 28.

790 3460 898 3526 πρῶτοι
922 3456 954 3512 dl
981 3458 1029 3512 καλ
1058 3453 1213 3526 κάπηλοι
1242 3453 1298 3527 ἐνέ-

756 3531 852 3597 νοντο]
863 3531 905 3582 Ad
917 3532 1143 3596 significationem
1156 3533 1299 3582 verborum

755 3593 929 3665 καπηλεύειν
941 3605 969 3652 ot
980 3594 1107 3664 κάπηλος
1121 3601 1235 3664 insignia
1246 3601 1300 3650 No-

756 3672 806 3722 atri
834 3671 910 3721 locus
934 3675 976 3721 est
997 3671 1055 3732 111,
1074 3669 1122 3731 89,
1154 3670 1201 3720 uhi
1224 3669 1298 3720 conf.

756 3739 918 3806 Weeaeiiug.
951 3741 1073 3806 Namque
1087 3734 1210 3803 κάπηλοι
1226 3738 1299 3804 apud

757 3813 875 3864 Graecos
894 3809 1049 3876 plerumque
1077 3809 1165 3858 minus
1183 3807 1298 3860 honesta

756 3881 936 3948 appellatione
950 3885 977 3931 et
988 3879 1095 3944 opificio
1106 3878 1233 3948 dicuutur
1244 3894 1299 3929 non

757 3967 892 4018 caupones
908 3955 1028 4012 tantum,
1049 3947 1096 3998 sed
1113 3949 1200 4000 omnia
1219 3964 1299 4016 gene-

758 4023 794 4082 ris
813 4019 955 4087 propolae,
975 4019 1067 4084 quiin
1086 4019 1145 4069 soro
1165 4023 1192 4070 et
1209 4019 1299 4070 taber-

756 4093 798 4140 nis
822 4106 864 4140 ree
889 4091 923 4140 ab
947 4088 1008 4140 aliie
1036 4087 1192 4154 plerumque
1222 4090 1297 4154 prtus

757 4165 842 4210 emtas
864 4159 987 4208 vendunt
1013 4163 1040 4208 et
1064 4164 1207 4223 quaestum
1235 4158 1298 4208 hino

756 4229 871 4280 faciunt.
912 4229 949 4278 Et
973 4244 1004 4278 co
1032 4227 1201 4292 potissimum
1224 4226 1299 4276 diffe-

756 4303 820 4349 runt
843 4297 877 4346 ab
907 4296 968 4347 aliie
991 4303 1171 4348 mercatorum
1196 4295 1300 4362 generi·

756 4368 822 4430 bue,
841 4382 868 4416 r.
888 4383 912 4416 c.
932 4357 1080 4430 ἐμπόροις,
1108 4365 1180 4432 quod
1197 4377 1299 4414 merces

1051 4449 1088 4508 14
