3020 4930
313 276 582 341 EXOURSUS
605 278 633 338 V
655 277 721 338 AD
744 273 998 338 HERODOT.
1021 275 1068 349 Π,
1091 283 1117 334 5.
1220 269 1281 332 847

527 697 909 776 nxouasusv

390 869 476 932 AD
520 803 877 934 HERODO'l'.
922 867 973 950 II,
1017 869 1047 930 5.

630 1069 799 1078 ...ι-..-

195 1202 243 1272 ότι
258 1209 412 1292 Αἴγυπτος
432 1247 475 1257 -
495 1207 555 1272 ἐστὶ
571 1212 762 1294 Αἰγυπτίοισι
783 1204 940 1289 ἐπίκτητός
953 1232 983 1272 τε
998 1211 1038 1290 γῆ
1051 1206 1103 1270 καὶ
1119 1207 1216 1290 δῶρον
1231 1207 1285 1268 τοῦ

280 1333 423 1391 ποταμοο.

239 1471 334 1524 Potuit
354 1471 405 1523 hoc
422 1470 537 1524 fluxisse
552 1490 585 1526 ex
602 1473 733 1527 Hecataei
756 1473 858 1526 Milesii
880 1473 951 1526 libro
972 1473 1006 1526 de
1026 1474 1111 1528 rebus
1129 1467 1283 1539 Aegyptiis,

154 1575 187 1610 ex
202 1575 256 1627 quo
267 1556 437 1610 Herodotum
448 1557 520 1609 haud
534 1575 621 1628 pauca
635 1558 861 1628 transscripsiese
873 1561 959 1612 relect
970 1559 1104 1629 Porphyr.
1122 1575 1166 1627 ap.
1179 1555 1283 1608 Euseb.

154 1641 313 1712 Praeparat.¹
334 1659 377 1694 ev.
391 1641 426 1695 Χ.
446 1647 473 1712 p'.
490 1647 542 1703 466
558 1644 589 1695 Β.
630 1644 672 1695 Ad
689 1644 779 1713 quod,
799 1652 925 1697 monente
943 1645 1076 1698 Creuaer.
1097 1643 1126 1696 in
1148 1643 1283 1710 Frugmm.

156 1727 220 1780 hist.
236 1745 262 1795 p.
280 1729 315 1784 29
329 1743 404 1796 seq.,
427 1726 494 1780 lacit
515 1727 625 1780 Arriani
646 1729 834 1782 testimonium
854 1729 902 1800 (de
925 1730 1022 1799 exped.
1037 1727 1185 1782 Alexandr.
1206 1725 1240 1792 V,
1256 1729 1283 1785 6-

156 1813 229 1864 conl.
249 1809 382 1863 Klausen.
400 1812 435 1864 ad
449 1811 581 1864 Hecataei
597 1815 726 1880 lragmrn..
740 1832 768 1883 p.
785 1816 865 1881 122),
891 1815 925 1866 ab
938 1814 1077 1867 Hecataeo
1097 1821 1180 1882 atque
1194 1811 1283 1864 Hero-

155 1897 220 1949 doto
236 1895 389 1964 Aegyptum
408 1896 547 1966 perhiberi
567 1897 625 1950 Nili
648 1897 749 1951 donum
773 1899 929 1952 scribentis.
959 1899 1020 1952 Nec
1039 1898 1128 1952 minus
1150 1897 1203 1949 huo
1221 1913 1283 1965 per·

155 1982 246 2034 tinent
259 1980 404 2032 Strabonis
420 1981 505 2034 verba
520 1981 581 2034 llll.
596 2000 623 2052 p.
635 1983 725 2041 8100
742 2001 765 2036 a.
782 2001 809 2052 p.
821 1987 873 2043 536
888 1983 962 2054 (coll.
979 1983 1001 2036 1.
1022 2002 1049 2053 p.
1065 1987 1098 2042 61
1110 1983 1144 2034 Β.
1161 2000 1189 2051 p.
1204 1985 1240 2039 36
1258 1985 1285 2031 et

155 2071 190 2124 53
201 2066 233 2118 B.
250 2083 277 2134 p.
289 2065 354 2132 30):
374 2095 409 2106 -
427 2058 497 2120 οῒστε
515 2059 627 2128 εἰκότως
642 2060 699 2121 ὑπὸ
714 2069 764 2122 τοῦ
775 2062 927 2138 Ἡροδότου
940 2065 988 2122 aul
1002 2063 1055 2138 τὴν
1066 2059 1135 2137 ὅλην
1145 2066 1285 2135 Αἴγυπτον

154 2152 205 2204 τοῦ
219 2150 346 2218 ποταμοῦ
360 2150 451 2220 δόμον
465 2148 610 2221 λέγεσθαι·
632 2142 687 2206 τόν
702 2150 729 2207 el
741 2146 778 2222 μὴ
792 2147 845 2222 τὴν
859 2145 937 2223 ὅλην,
957 2147 1009 2223 τήν
1024 2171 1054 2222 pa
1070 2146 1126 2208 όπό
1137 2152 1176 2226 τῷ
1189 2147 1285 2220 Δέλτα,

154 2229 207 2305 τὴν
221 2228 296 2288 coire
308 2229 401 2304 κόραν
412 2233 695 2307 προσαγορευομένην.
716 2237 793 2292 Adde
806 2238 921 2292 eundem
932 2237 991 2290 XV.
1006 2257 1033 2308 p.
1042 2243 1094 2299 691
1111 2237 1170 2290 sive
1180 2255 1207 2306 p.
1219 2239 1286 2295 1013

157 2321 189 2372 A.
212 2318 354 2372 Heliodor.
370 2320 515 2391 Aethiopp.
531 2321 578 2388 IX,
590 2326 634 2379 22.
654 2341 680 2393 p.
692 2327 754 2382 381.
777 2323 890 2376 Diodor.
908 2323 930 2376 l.
940 2327 983 2391 34,
1006 2323 1084 2391 alios,
1107 2323 1155 2392 qui
1171 2321 1284 2374 inferio-

157 2423 213 2458 rem
227 2409 301 2457 certe
316 2403 472 2475 Aegyptum
486 2406 544 2458 Nili
558 2406 658 2460 donum
680 2425 742 2461 esse
756 2409 927 2462 contendunt
941 2408 1012 2462 haud
1028 2410 1086 2462 l'ere
1106 2407 1187 2459 aliter
1201 2413 1284 2476 atque

156 2489 353 2559 Aegyptiorum
367 2491 525 2544 sacerdotes
540 2491 681 2544 Herodoto
696 2499 878 2546 narraverant
892 2498 919 2545 et
934 2493 1008 2547 hicce
1023 2493 1084 2562 ipse
1099 2492 1153 2544 sibi
1169 2507 1283 2562 persua-

156 2581 231 2628 serat
252 2574 286 2626 de
306 2573 433 2627 interiori
452 2575 579 2645 Aegypto
602 2594 635 2630 ax
653 2577 767 2630 advecto
790 2577 869 2631 fluvii
889 2578 950 2631 limo
969 2585 1039 2631 orta.
1069 2579 1174 2631 Nostra
1193 2581 1284 2630 aetate

156 2660 227 2714 haud
244 2659 372 2727 defuere,
400 2659 448 2730 qui
468 2660 538 2712 hanc
556 2662 719 2715 seutentiam
735 2663 898 2733 probarent,
920 2663 1023 2716 laudati
1044 2661 1282 2715 eSchlichthorst.

156 2746 184 2798 in
201 2745 358 2814 Geograph.
377 2743 463 2797 Atrio.
479 2745 583 2798 Herod.
600 2751 678 2816 ΜΒ,
701 2748 803 2818 quibus
821 2747 891 2801 adde
905 2749 946 2801 sis
961 2748 1049 2800 Beck:
1067 2745 1180 2815 Allgem.
1195 2743 1284 2797 Welt-
1322 2765 1324 2770 ·

158 2829 250 2898 gesch.
263 2829 286 2880 1.
303 2833 400 2898 p.268.
426 2829 506 2882 Unde
517 2830 722 2900 quodammodo,
736 2837 862 2886 mouente
873 2831 1012 2886 Creurero
1027 2831 1083 2899 l.l.,
1099 2827 1285 2896 disiungenda

158 2912 264 2983 Ephori
278 2913 429 2982 sannatia,
452 2914 500 2983 qui
521 2915 629 2984 quidem
648 2933 702 2968 non
722 2916 838 2986 aliquam
851 2915 970 2985 Aegypti
984 2921 1104 2986 partem,
1128 2921 1160 2966 ut
1174 2911 1283 2980 reliqui,

159 2998 209 3050 sed
229 3005 313 3052 totam
327 2997 481 3068 Aegyptum
495 3017 558 3052 esse
573 2995 787 3070 ποταμόχωστον
801 3001 995 3067 contenderat,
1018 3017 1053 3052 ne
1065 2997 1207 3052 Thebaide
1223 2995 1284 3065 qui-

159 3083 220 3136 dem
241 3089 369 3151 excepta,
402 3099 482 3152 quam
503 3083 602 3154 reliqui
629 3085 755 3155 primitae
778 3091 878 3139 terram
907 3085 1091 3137 continentem
1116 3082 1285 3150 solidamque

160 3168 248 3220 luisse
267 3167 472 3221 arbitrabantur
492 3169 557 3239 (sed
571 3171 645 3223 conl.
662 3169 763 3223 Creua.
779 3177 849 3222 nott.
864 3168 898 3221 ad
915 3169 952 3236 ll,
968 3173 986 3227 4
1000 3168 1080 3236 lin.);
1108 3167 1165 3221 vid.
1180 3163 1285 3236 Ephori

159 3255 282 3320 iragmm.
303 3269 330 3322 p.
345 3257 407 3312 214.
420 3258 473 3313 216
495 3252 539 3306 ed.
556 3253 645 3308 Marx.
667 3261 695 3308 et
709 3253 850 3307 Aristotel.
863 3252 1044 3321 Meteorolog.
1062 3253 1090 3320 l,
1108 3255 1156 3322 14,
1175 3259 1216 3316 11,
1238 3248 1285 3303 ubi

161 3339 234 3390 inter
248 3337 300 3390 alia
314 3337 393 3391 haece
415 3335 464 3392 aul
475 3331 579 3408 πᾶσαὴ
590 3333 665 3410 pcipe
675 3340 726 3394 τοῦ
739 3339 865 3408 ποταμοῦ
874 3331 1028 3408 ποόσχοοσις
1041 3325 1112 3392 aeica
1120 3339 1171 3392 τοῦ
1181 3336 1286 3390 Νείλου

157 3427 215 3493 ·(sc.
236 3424 392 3494 pulvereo),
416 3423 487 3476 unde
504 3423 577 3492 apud
592 3423 731 3477 Plutarch.
751 3425 792 3477 De
807 3423 875 3476 laid.
895 3430 923 3475 et
940 3422 1045 3476 Osirid.
1068 3441 1096 3493 p.
1107 3427 1159 3483 367
1177 3419 1209 3472 A.
1230 3413 1286 3474 ual-

161 3511 247 3562 tococoe
258 3501 310 3577 γὰρ
320 3495 386 3577 ἦνῆ
401 3507 556 3576 Mycenae,
576 3526 646 3578 quae
659 3509 751 3563 eadem
765 3509 846 3561 etiam
860 3512 971 3561 exstant
984 3508 1058 3578 apud
1072 3507 1221 3560 Diodorum
1233 3503 1285 3568 111,

159 3599 193 3652 3=
219 3580 347 3646 acuciaco
364 3586 416 3663 peip
429 3569 482 3662 Ιτὴν
496 3593 549 3646 νῦν
563 3583 651 3650 οὖσαν
664 3594 805 3664 Αἴγυπτον
821 3591 947 3662 λέγουσιν
967 3585 1001 3648 oc'
1020 3587 1126 3664 χώραν,
1148 3583 1218 3646 oillei
1231 3581 1288 3641 θό-

159 3680 264 3732 λασσαν
283 3673 425 3748 μεμονέναι
447 3671 518 3732 κατὰ
541 3673 593 3747 τὴν
613 3673 641 3745 ἐξ
661 3673 745 3750 ἀρχῆς
759 3680 809 3733 τοῦ
824 3673 930 3748 κόσμου
948 3671 1094 3734 σόστασινι
1116 3673 1287 3747 postmodun

161 3763 237 3816 addit
249 3762 389 3816 Diodorus
413 3763 504 3816 aNilo
520 3781 553 3816 ex
568 3764 714 3835 Aethiopis
733 3763 823 3817 limum
837 3781 888 3834 per
907 3762 1098 3816 inundationis
1117 3768 1225 3831 tempus
1240 3759 1287 3810 de-

161 3851 268 3901 ferente
290 3846 419 3916 paulatim
434 3854 534 3901 terram
552 3865 615 3901 esse
630 3849 784 3917 aggestum,
811 3848 1080 3917 evidentissimisque
1101 3845 1191 3914 signis
1214 3843 1288 3896 circs

161 3933 239 3986 fluvii
256 3932 329 3984 ostia
341 3931 371 3984 id
387 3933 476 4002 ipsum
489 3933 616 4002 probari,
638 3941 737 3988 terram
754 3952 769 3986 e
784 3933 905 3986 fluminis
920 3937 1036 4001 aggestu
1053 3930 1203 3984 exstitisse.
1238 3927 1287 3980 At·

162 4033 216 4086 que
236 4017 300 4070 inde
318 4016 460 4070 Herodoto
480 4017 585 4069 rectius
605 4016 779 4071 Aristotelem
795 4018 951 4086 Aegyptum
971 4015 1076 4068 dixisse
1091 4031 1161 4084 opus
1181 4008 1287 4083 (ἔργον)

163 4101 236 4168 Nili,
259 4119 313 4154 non
329 4101 433 4172 δῶρον,
455 4102 483 4154 ἰιι
500 4101 689 4171 Olympiodori
705 4102 852 4170 Excerptis
869 4099 902 4152 sd
919 4099 1078 4153 Aristotelis
1102 4098 1120 4151 l.
1139 4099 1157 4150 l.
1182 4101 1224 4167 (p.
1235 4101 1289 4156 258

156 4185 206 4237 ed.
221 4185 324 4252 ldeler)
339 4186 464 4254 legimns.
497 4186 535 4238 Et
549 4187 621 4239 conl.
637 4203 747 4257 quoque
761 4186 857 4238 Tacta.
872 4184 906 4237 ad
920 4183 1094 4253 Lycophron.
1108 4187 1169 4242 119.
1191 4181 1287 4235 Manil.

163 4269 320 4323 Astronom.
332 4269 380 4339 IV,
392 4274 453 4331 774.
476 4270 634 4324 Philostrat.
645 4270 701 4323 Vit.
713 4269 802 4340 Apoll.
812 4269 861 4337 Vl,
874 4273 899 4326 l.
918 4285 946 4338 p.
957 4273 1010 4328 228
1025 4273 1053 4320 et
1063 4267 1111 4336 Vl,
1123 4271 1168 4326 24.
1186 4283 1214 4337 p.
1226 4269 1286 4325 266.

156 4352 294 4423 Aclieet,
316 4359 348 4408 ut
364 4355 443 4410 modo
460 4354 591 4425 diximus,
615 4355 762 4410 recentiori
778 4359 868 4408 aetate
880 4352 1038 4407 exstiterint
1051 4351 1104 4406 viri
1119 4352 1192 4406 docti
1207 4355 1249 4422 (v.
1263 4367 1287 4401 c.
