3064 4940
243 287 283 348 82
677 282 944 348 HERODOTI

244 457 417 548 τυγχάνεις
430 462 572 545 έκνονος
597 453 681 541 dciv,
705 458 760 526 καὶ
777 453 946 545 ἐλήλυθας
967 451 1000 535 ἐς
1016 461 1153 544 pileos·
1185 459 1272 524 ἔνθα
1291 447 1377 540 ἄμη-

245 562 398 651 χανήαεις
413 560 576 652 χρήματος
590 556 879 649 οὐδενὸς,.μένων
895 557 933 630 ἐν
947 555 1119 650 ἡμετέρου.
1147 553 1327 648 συμφορήν
1341 553 1379 624 δὲ

245 665 371 754 ταύτην
388 661 432 744 ais
449 665 639 757 κουφότατα
656 667 788 755 φέρων,
808 667 997 756 κερδανέεις
1010 673 1178 734 πλεῖστον.
1208 658 1244 730 ‘0
1258 661 1320 750 μὲν
1339 657 1380 746 δὴ

248 772 388 840 δίαιταν
402 768 468 858 εἶχε
490 765 528 838 ἐν
548 775 708 862 Κροίσου.

200 881 241 942 36
318 871 372 944 Ἐν
394 873 432 942 δὲ
459 878 506 967 τῷ
533 870 625 968 αὐτῷ
650 872 759 966 χρόνῳ
783 869 890 965 τούτῳ
919 865 958 941 ἐν
984 875 1031 966 τῷ
1053 877 1180 964 Μυσίῳ
1208 865 1381 960 Οὐλύμπῳ

247 971 306 1058 ὑὸς
324 982 434 1068 χρὴμα
454 984 582 1064 γίνεται
604 980 704 1067 μέγα·
733 971 942 1067 ὁρμεεόμενος
963 975 1000 1044 δὲ
1017 964 1114 1055 οὗτος
1131 972 1167 1045 έκ
1184 978 1245 1042 τοῦ
1266 969 1383 1064 οὔρεος

247 1161 274 1210 p.
294 1146 345 1195 472
369 1142 406 1210 (p.
431 1143 481 1196 300
500 1144 543 1197 ed.
564 1144 652 1211 Get),
678 1144 791 1212 Αραιλο-
843 1149 870 1194 et
887 1158 956 1208 quse
972 1142 1005 1193 de
1022 1143 1074 1193 hoo
1089 1142 1182 1194 eodem
1196 1141 1308 1191 Homeri
1323 1137 1384 1188 loco

246 1231 315 1280 nem,
334 1217 379 1280 qui
401 1209 465 1282 περὶ
482 1205 603 1280 ὄρτυγος
621 1213 792 1278 φιλονεικῶν
843 1218 870 1263 et
892 1214 990 1262 ceteris
1014 1227 1100 1277 nuper
1128 1212 1257 1262 disseruit
1278 1212 1385 1274 Kayser

249 1301 266 1336 u
283 1285 368 1336 fratre
385 1285 545 1335 interfectus
565 1285 656 1335 fuerit.
843 1284 871 1332 in
893 1282 1090 1346 Schneidewin.
1115 1281 1249 1344 Philolog.
1278 1280 1327 1328 IX.
1356 1293 1383 1340 p.

283 1347 357 1403 ἔνθα
373 1347 565 1418 ἀμηχανήσεις
581 1345 725 1418 χρήματος
743 1343 792 1401 οὗ·
843 1351 904 1402 310.
922 1376 957 1386 -
980 1351 1023 1402 Ad
1043 1351 1156 1401 formam
1180 1349 1265 1400 futuri
1284 1343 1384 1410 κερδα-

249 1415 342 1488 δενὸς]
362 1424 379 1472 i.
399 1439 423 1473 e.
442 1423 478 1471 ibi
494 1425 585 1471 αιιλλίαι
603 1425 643 1470 rei
659 1421 790 1486 iudipebis,
844 1414 915 1475 νέεις
938 1421 1011 1472 conf.
1040 1421 1140 1470 similia
1167 1417 1240 1485 apud
1265 1415 1384 1468 Bredov.

246 1508 318 1558 quse
346 1490 451 1554 seilicet
480 1491 515 1539 ed
538 1490 641 1540 rictum
669 1505 792 1540 neeesse·
842 1505 870 1554 p.
888 1488 950 1540 357.
1000 1547 1006 1566 ⁸
1365 1546 1372 1565 ι

248 1563 318 1610 rium
337 1561 465 1624 pertinet.
491 1558 562 1610 Hinc
581 1563 643 1623 epte
661 1558 790 1609 hocloco
878 1571 1030 1624 συμφορήν
1048 1552 1080 1607 δὲ
1097 1549 1204 1623 ταύτην
1222 1547 1260 1615 ὡς
1278 1570 1385 1621 κουφο-

249 1645 315 1680 usus
334 1635 388 1691 est,
409 1630 605 1691 monentcOr.,
623 1629 737 1694 Sequar.
757 1628 793 1678 sd
842 1643 912 1677 τατα
934 1622 1039 1692 φέρων]
1064 1629 1083 1678 i.
1107 1645 1131 1679 e.
1154 1630 1289 1688 λεαλεείαιε,
1314 1642 1387 1692 quom

250 1699 439 1764 explicandum
468 1697 535 1748 illud
560 1697 706 1750 Clementis
731 1698 792 1749 Ale·
841 1699 971 1748 eruderate
995 1699 1104 1762 ferendo
1126 1699 1191 1748 hanc
1212 1700 1386 1748 colornitetms.

249 1769 390 1820 xandrini:
409 1758 565 1833 ἀμηχανεῖν
577 1765 652 1834 βίου,
666 1769 716 1818 i.e.
728 1771 792 1818 victu
843 1767 998 1832 Adscripsit
1027 1769 1075 1821 Or.
1104 1768 1237 1820 Valcken.
1268 1767 1387 1819 Distrib.

250 1855 341 1890 carere
361 1841 524 1898 caecassent,-
542 1837 598 1890 vid.
613 1839 661 1888 ad:
674 1839 741 1902 Quis
754 1838 792 1888 di·
845 1837 971 1904 Euripid.
989 1853 1016 1903 p.
1037 1837 1097 1890 113.

251 1925 298 1960 vsa
317 1913 369 1959 etc.
390 1924 417 1973 p.
440 1906 499 1960 185.

259 1977 381 2060 εμε’ναιν
404 1969 435 2027 έν
451 1968 632 2043 ἡμετέρου]
656 1976 745 2042 Vulgo
764 1967 794 2025 έν
1013 2009 1069 2062 Cn,
1097 2011 1213 2062 XXXVI

251 2043 413 2114 ἡμετέροις,
430 2047 502 2112 quod
521 2047 667 2097 eMcdiceo
679 2047 794 2112 aliisque
1073 2048 1080 2062 ⁰
1215 2047 1222 2062 '

252 2117 325 2168 nnnc
343 2121 477 2167 mutatum
495 2117 582 2167 estin
600 2107 630 2165 έν
648 2107 794 2197 ἡμετέρου,
881 2104 911 2162 έν
933 2109 973 2180 τῷ
997 2112 1103 2180 Μυσίῳ
1127 2105 1285 2179 Οὐλύμπῳ]
1310 2113 1388 2164 Ocni.

253 2189 294 2237 uti
308 2187 370 2249 VII,
388 2188 414 2238 8.
433 2189 459 2248 ξ.
480 2189 509 2238 4:
528 2179 563 2235 τὰ
579 2201 730 2250 τιμιωτατα
747 2199 794 2234 νο·
846 2183 949 2234 Herod.
970 2183 1036 2246 VII,
1056 2186 1098 2233 74.
1136 2183 1267 2248 Olympus
1284 2184 1390 2249 Mysiae

254 2253 360 2319 μίζεται
374 2245 411 2304 έν
434 2251 611 2320 ἡμετέρου,
635 2256 681 2305 ubi
705 2261 796 2305 tamen
847 2269 923 2304 mous
942 2253 1026 2317 probe
1043 2253 1077 2302 ab
1091 2253 1152 2303 aliis
1166 2253 1312 2316 montibus,
1332 2254 1389 2318 qui-

253 2325 347 2374 itidem
366 2325 429 2374 libri
452 2325 570 2376 variant.
606 2325 677 2375 Hinc
694 2327 796 2376 Coraes
846 2324 980 2374 husidem
993 2337 1099 2385 nomen,
1114 2321 1317 2372 discernendus.
1338 2324 1390 2372 Est

255 2393 440 2445 adHcliodori
450 2393 546 2445 Aethio
566 2411 593 2459 p.
605 2395 653 2457 VI,
671 2398 735 2460 ⁶2.p.
746 2394 797 2447 109
847 2409 911 2444 vero
933 2391 1092 2453 illesione,
1117 2393 1163 2457 qui
1185 2407 1202 2441 a
1221 2391 1333 2441 meridie
1349 2405 1389 2440 se·

255 2479 313 2529 seq.
337 2464 420 2513 scribi
441 2464 516 2514 iubet
540 2410 570 2514 έδ
593 2457 732 2532 ἡμετέρῳ,
762 2479 796 2514 ne
847 2462 1028 2528 ptentriouem
1056 2477 1151 2512 versus
1180 2460 1215 2511 sd
1234 2460 1389 2525 Bithyniam

254 2533 360 2590 scilicet
370 2533 469 2598 duplex
482 2533 584 2600 ellipsis
597 2535 634 2584 sit
651 2534 798 2585 statuenda
847 2548 934 2598 usque
960 2531 1091 2597 pertinet,
1125 2531 1269 2582 maximnm
1299 2537 1391 2580 tomen

255 2595 286 2652 έν
303 2593 440 2668 ἡμετέρου
465 2601 548 2654 osseo
572 2600 651 2672 οἴτῳ.
690 2605 744 2656 Sed
763 2605 796 2654 si·
848 2608 953 2669 partem
975 2601 1010 2652 ad
1034 2602 1164 2667 Mysiam,
1193 2600 1263 2652 unde
1291 2616 1392 2666 cogno·

255 2672 318 2722 mile
342 2672 470 2737 quiddam
494 2690 526 2724 ex
543 2675 687 2724 Homerico
705 2675 796 2740 hymn.
849 2689 911 2723 men
934 2672 1026 2722 traxit.
1065 2672 1132 2723 Inde
1157 2688 1212 2722 non
1233 2672 1330 2721 mirum
1348 2672 1393 2722 Bi-

256 2743 286 2792 in
302 2742 419 2793 Mercnr.
439 2743 502 2795 37οι
525 2730 617 2808 ήλθεν
635 2736 663 2801 ές
681 2733 798 2809 ἡμετέ-
850 2743 962 2808 thynias
987 2747 1077 2794 terrae
1105 2743 1176 2794 hunc
1205 2747 1324 2792 montem
1347 2741 1394 2791 ed-

258 2824 320 2876 ρου
338 2803 485 2876 διζήμενος
501 2807 647 2870 εἰλίποδας
662 2811 799 2880 deiciam
849 2813 948 2875 scribi,
990 2813 1151 2878 praesertim
1186 2827 1246 2863 cum
1281 2813 1393 2877 antiqno

257 2881 362 2946 priores
378 2882 539 2948 interpretes
558 2883 716 2936 attulerunt.
740 2885 799 2934 Mn·
847 2898 919 2933 aevo
952 2883 1055 2948 Mysis,
1095 2898 1163 2950 quae
1192 2883 1305 2933 Homeri
1342 2886 1394 2944 ost,

258 2953 328 3001 tavit
347 2953 494 3004 Barnesius
517 2945 545 3010 ές
566 2944 715 3019 ἡμέτερον,
740 2969 799 3018 pro·
851 2951 1008 3017 Bithyniam
1039 2967 1134 3004 versus
1167 2951 1250 3004 latius
1277 2957 1394 3018 pateret.

258 3021 341 3072 hante
358 3021 463 3087 llgcnio
480 3023 508 3072 in
522 3023 723 3088 Animadvr.p.
738 3023 799 3074 443.
853 3023 906 3084 Qui
928 3023 1000 3072 idem
1023 3023 1138 3088 denique
1162 3037 1238 3074 mons
1264 3023 1395 3088 Olympus

260 3091 319 3152 Quo
347 3093 454 3143 cautius
480 3093 508 3142 in
535 3097 611 3142 textu
638 3093 747 3158 reliquit
773 3085 801 3150 tc
853 3092 952 3156 Lydius
974 3107 1080 3159 quoque
1108 3093 1278 3155 nominatur,
1305 3093 1396 3142 minus

258 3151 396 3223 ἡμετέρου
414 3162 548 3212 Matthiae
570 3163 605 3212 od
623 3169 745 3213 nostrum
762 3162 801 3213 1ο-
852 3167 981 3212 accurate
999 3163 1103 3213 scilicet
1119 3162 1213 3213 finium
1225 3163 1397 3213 uniuscuius-

259 3243 320 3279 cum
329 3229 486 3294 respiciens.
498 3232 800 3297 Apudflomerfflyss.
852 3247 905 3297 que
927 3237 1017 3282 terrae
1037 3232 1219 3297 descriptione
1238 3233 1313 3283 lecte
1335 3247 1396 3282 sae-

258 3299 327 3379 YII,
354 3298 403 3350 301
438 3300 520 3365 vulgo
549 3302 650 3352 editum
678 3303 801 3368 legimus,
852 3317 939 3368 peque
957 3317 1006 3366 pro
1028 3307 1179 3368 temporum
1198 3303 1305 3353 ratione
1324 3317 1397 3353 com-

258 3383 327 3433 ηχευ
351 3360 379 3426 ές
406 3359 592 3434 ἡμέτερον,
628 3371 700 3436 quod
731 3372 802 3422 idem
852 3377 968 3422 mutata.
1005 3373 1084 3423 Coni.
1104 3373 1202 3424 Strabo
1217 3373 1281 3424 XII.
1295 3389 1321 3438 p.
1333 3373 1395 3424 857.

260 3437 373 3502 praehet
390 3439 474 3490 codex
491 3439 667 3502 Harleieuus;
688 3442 716 3491 in
734 3457 803 3492 mar·
852 3441 947 3492 Monet
974 3443 1022 3494 Cr.
1046 3443 1075 3492 in
1096 3444 1234 3509 Fragmm.
1256 3443 1395 3493 historice.

281 3510 324 3558 ine
340 3511 616 3591 'tamenyadscpiptum
633 3516 687 3592 eat:
696 3500 804 3591 *odtqe
853 3527 879 3576 p.
893 3511 943 3562 175
955 3527 1013 3577 seq.
1023 3511 1082 3574 177,
1095 3527 1167 3562 nunc
1179 3514 1282 3564 addens
1294 3507 1396 3562 Sestini

275 3573 804 3712 eisteti?“tlhttlttt,tt
853 3581 1396 3718 stellet...littslbitfftthlz

260 3716 445 3768 Herodotoum
457 3709 484 3774 ές
500 3710 646 3783 ἡμετέρου,
662 3720 803 3770 Bekherus
853 3737 880 3784 p.
906 3720 955 3771 143
974 3737 1049 3786 seqq.
1072 3721 1200 3787 graphice
1223 3722 1293 3772 hunc
1320 3735 1397 3771 mon-

259 3787 288 3837 iu
305 3787 495 3850 Ephemeridd.
518 3789 640 3840 lenense.
666 3789 742 3840 1800.
761 3805 802 3841 nr.
853 3795 909 3840 tem
935 3790 1142 3842 describentem.
1184 3792 1227 3842 Tu
1251 3791 1308 3842 vid.
1331 3792 1399 3841 For-

261 3857 321 3908 247.
342 3873 369 3920 p.
384 3856 441 3918 150,
461 3859 550 3906 causis
569 3857 802 3923 altius-repetitis,
853 3859 939 3925 biger.
965 3861 1074 3912 Hendb.
1101 3860 1128 3910 d.
1154 3859 1201 3914 alt.
1234 3863 1334 3927 Geogr.
1358 3861 1397 3911 11.

263 3925 458 3989 ecognatione
484 3927 598 3991 genitivi
620 3929 802 3992 personalium
853 3945 881 3994 p.
900 3930 962 3994 113,
987 3932 1032 3997 qui
1050 3935 1172 3982 veterum
1191 3930 1265 3982 locos
1289 3933 1323 3982 de
1347 3931 1400 3981 hoc

261 3995 447 4058 pronominum
458 3999 485 4044 et
498 3999 722 4060 possessivorum,
735 4015 804 4064 quse
854 4005 960 4062 monte,
984 4001 1028 4050 eui
1049 4015 1121 4050 nunc
1143 4015 1241 4051 nomen
1258 4000 1402 4064 'firmandis'

264 4063 327 4112 inde
345 4063 463 4116 deducte
479 4071 558 4126 sunt;
577 4073 607 4116 ut
626 4057 653 4124 ές
666 4059 803 4132 ἡμετέρου
854 4084 877 4118 s.
900 4069 1145 4136 lhmaudscdidaph,
1164 4071 1331 4135 suppeditat.

264 4131 359 4182 eodem
378 4134 434 4184 iere
453 4135 532 4185 modo
551 4153 583 4186 ac
600 4151 682 4187 sensu
701 4137 803 4188 dictum
888 4129 942 4197 δὸς
970 4137 1064 4205 χρῆμα
1092 4139 1199 4204 γίνεται
1225 4137 1306 4206 μέγα]
1336 4140 1355 4191 i.
1374 4156 1400 4193 e.

265 4203 314 4262 sit,
344 4218 395 4268 quo
421 4195 448 4261 ές
465 4194 558 4269 ἡμῶν,
582 4206 637 4255 alis
661 4206 689 4256 id
707 4223 803 4271 genus.
855 4225 939 4273 „oper
954 4211 1061 4274 inperitis
1072 4211 1279 4275 mapaitudieis,“
1298 4216 1329 4261 ut
1342 4225 1402 4260 rer-

265 4271 319 4322 Sed
330 4273 392 4323 vide
404 4288 511 4339 quoque
523 4290 564 4338 ea,
576 4289 645 4340 quae
656 4275 692 4326 sd
702 4275 802 4342 Odyss.
854 4279 890 4327 tit
908 4279 1083 4344 Hoogeroen.
1107 4279 1142 4330 ad
1163 4279 1258 4345 Vigor.
1276 4279 1310 4331 de
1328 4279 1402 4331 Idio-

263 4341 301 4404 11,
320 4341 363 4394 55.
389 4342 516 4394 disseruit
533 4343 656 4396 Nitzsch.
678 4359 742 4412 μορ.
760 4347 803 4410 75,
855 4347 928 4398 tiam
946 4362 973 4414 p.
995 4347 1060 4412 157,
1084 4348 1131 4399 nbi
1147 4348 1204 4400 rid.
1222 4348 1353 4400 Zennium
1373 4353 1402 4402 et
