3086 4952
198 292 258 354 248
633 287 898 348 HERODOTI

197 469 330 548 τέλεον,
357 452 453 542 οὗτος
474 462 511 531 dl
532 459 737 550 ἀνηκούστεέ
752 486 788 528 τε
809 461 865 528 καλ
886 459 987 547 λόγον
1008 457 1074 547 εἶχε
1095 455 1234 542 οὐδένα,
1259 459 1292 536 ἐς
1313 454 1333 526 ὃ
1401 467 1407 476 ”

199 575 297 656 ἔλαβε
310 563 372 655 τὴν
388 570 496 653 δίκην.
525 571 556 634 εί
569 557 618 634 όν
640 561 681 652 δὴ
696 567 796 631 τοῦδε
817 567 930 633 είνεκα
950 560 1039 645 ἄξιός
1053 589 1112 631 τευ
1132 565 1237 629 κακοῦ
1252 561 1330 648 sipi,

134 669 256 742 llbb'ds
277 697 327 738 τοι
349 667 494 758 τιάρειμι.
537 673 648 736 Ταῦτα
669 670 823 754 λέγοντος
841 673 900 736 τοῦ
920 664 1053 750 παιδός,
1074 663 1133 734 τόν
1148 662 1330 752 Ἀστυάγεα

199 774 287 864 ἐσήιε
308 769 496 858 ἀνάγνωσις
515 768 634 840 αὐτοῦ·
665 777 723 839 καί
742 766 810 838 oti
829 797 864 839 τε
886 769 1052 859 χαρακτὴρ
1075 774 1135 838 τοῦ
1151 767 1331 856 προσώπου

199 878 454 968 προσφέρεσθαι
478 874 591 944 ἐδόκεε
607 876 640 954 ἐς
657 870 800 958 ἑωυτόν,
827 875 882 941 καὶ
903 868 1112 962 ἡὺττόκρισις
1127 875 1328 961 ἐλευθεριω-

198 986 276 1070 τέρη
304 978 406 1048 εἶναι·
445 974 463 1046 ό
490 1006 526 1048 τε
548 977 665 1068 χρόνος
684 981 742 1065 τῆς
768 979 919 1057 ἐκθέσιος
938 981 978 1064 τῇ
998 973 1109 1066 ἡλικίῃ
1130 979 1191 1044 τοῦ
1213 972 1331 1054 παιδός

198 1084 311 1154 ἐδόκεε
325 1089 536 1170 συμβαίνειν.
565 1081 738 1167 ἐκπλαγεὶς
759 1079 797 1148 dl
817 1079 963 1148 τούτοισι
982 1081 1035 1149 tut
1051 1077 1172 1166 χρόνον
1194 1075 1327 1166 ἀφθόγ-

199 1216 256 1276 γος
275 1177 327 1275 ἦν.
358 1185 453 1273 μόγις
477 1186 514 1255 δὲ
536 1185 577 1274 δή
598 1211 673 1253 κοτε
693 1181 901 1269 ἀνενειχθεὶς
923 1181 1012 1268 εἴτε,
1037 1185 1150 1252 θέλων
1166 1183 1330 1269 ἐκπέμψαι

199 1289 257 1361 τόν
270 1287 509 1378 Ἀρτεμβάρεα,
529 1295 586 1358 ἵνα
601 1285 661 1356 τόν
682 1286 848 1375 βουκόλον
867 1291 995 1373 μοῦνον
1016 1283 1130 1373 λαβιόν
1147 1292 1328 1374 βασανίσῃ·

194 1391 431 1482 Ἀρτέμβαρες,
459 1387 524 1479 ἐγώ
543 1397 647 1460 ταῦτα
671 1388 815 1478 ποιήσω,
841 1385 924 1457 ὥστε
945 1388 982 1457 od
1003 1389 1058 1456 καλ
1073 1386 1131 1458 τόν
1148 1393 1254 1475 Ικταῖὸα
1272 1386 1330 1457 τόν

198 1496 260 1566 σόν
283 1495 389 1584 μηδὲν
410 1497 666 1582 ἐπιμέμφεσθαι.
718 1490 783 1562 Τόν
803 1491 865 1578 μέν
887 1489 928 1580 δὴ
947 1487 1170 1580 Ἀρτεμβάρεα
1190 1495 1329 1580 πέμπει·

198 1598 257 1668 τόν
286 1598 323 1666 dl
351 1601 467 1684 Κῦρον
500 1587 582 1686 ἦγον
616 1601 680 1664 ἐσω
709 1599 744 1664 ol
766 1593 991 1683 θεράποντες,
1025 1594 1245 1674 κελεύσαντος
1270 1600 1330 1664 τοῦ

194 1700 401 1788 Ἀστυάγεος.
422 1701 501 1770 ’ἐπεὶ
522 1700 558 1770 dl
579 1695 796 1769 ὑπελέλειπτο
817 1692 834 1766 ό
856 1697 1017 1784 βουκόλος
1038 1705 1177 1787 μοῦνος,
1197 1725 1329 1786 μουνω-

792 1904 820 1954 id
846 1920 878 1954 ex
909 1906 1095 1957 emendatione
1119 1905 1226 1957 Aemilii
1255 1905 1332 1956 Porti

198 1909 280 1960 laudo
306 1909 412 1974 poeitae
436 1907 540 1958 attondi
563 1905 643 1957 iussit
673 1905 742 1956 Har-

792 1975 870 2024 flnxit
892 1975 931 2026 ita
948 1976 1090 2026 scribentis
1113 1992 1161 2041 pro
1180 1970 1330 2040 ἐλευθερω-

199 1987 279 2044 tnng:
296 1978 384 2028 Lehre
402 1977 428 2026 d.
448 1977 554 2027 Partik.
573 1977 595 2028 Ι.
616 1993 643 2041 p.
663 1975 722 2026 llil.

236 2041 263 2105 ἐς
282 2036 298 2095 ὃ
314 2041 393 2114 ἔλαβε
411 2037 464 2108 τὴν
482 2043 577 2111 δίκην]
604 2045 622 2096 i.
646 2060 670 2096 e.
696 2045 741 2094 do-

200 2132 245 2166 nec
260 2117 358 2165 tarrdem
378 2129 475 2177 poenas
498 2115 588 2178 declitp
604 2117 677 2163 recte
698 2129 741 2162 ex·

199 2184 320 2250 plicante
339 2184 438 2233 Strnve
455 2182 483 2230 iu
503 2183 615 2243 Qnaeat.
637 2182 739 2231 Herod.

199 2253 315 2318 Specim.
343 2253 366 2302 l.
395 2267 421 2315 p.
452 2252 500 2312 42,
532 2251 578 2300 ubi
607 2255 741 2315 quotquot

199 2323 272 2386 apud
295 2319 462 2370 Herodotum
491 2319 665 2369 inveniuntur
687 2318 740 2368 loci

200 2389 335 2441 formulae
353 2379 380 2444 ἐς
397 2378 413 2436 d'
431 2386 541 2452 (donec),
557 2388 689 2454 singulari
701 2387 740 2436 in-

200 2459 305 2510 dustria
335 2455 454 2522 collegit.
495 2457 540 2508 Sic
572 2458 593 2519 Ι,
621 2456 664 2507 θ3.
695 2455 738 2508 94.

201 2529 235 2579 98
253 2533 306 2578 etc.

234 2584 284 2646 όθε
301 2609 345 2644 τοι
363 2586 489 2660 πάρειμι]
514 2595 586 2644 Bene
613 2593 738 2660 Schwgh.

199 2681 248 2732 pro
268 2653 323 2714 cide
341 2665 445 2714 mavult
464 2652 522 2727 ὅδε,
542 2662 613 2728 quod
636 2669 691 2713 tres
711 2663 741 2712 li-

198 2736 240 2786 bri
257 2734 418 2796 ostendnnt,
437 2733 561 2798 quodque
579 2733 607 2782 in
627 2732 743 2783 meliori-

199 2806 249 2856 bus
272 2805 349 2854 librie
374 2819 457 2869 snpra
478 2803 616 2852 invenitur
638 2803 665 2866 Ι,
692 2803 736 2852 ΙΙΙ

199 2875 290 2940 ibique
308 2875 414 2924 adnott.
444 2873 523 2924 Unde
545 2877 660 2924 reoentt.
679 2873 740 2924 cdd.

200 2945 295 2995 merito
314 2947 482 3009 receperunt.
518 2943 634 2992 Dubitat
650 2947 742 2993 tamen

200 3015 358 3064 Buttmann.
387 3014 415 3062 iu
442 3013 488 3064 Gr.
518 3013 614 3063 Graec.
645 3013 740 3066 maior.

199 3083 236 3133 Il.
256 3098 319 3148 pag.
335 3082 395 3133 ²86.

376 3201 442 3250 Car.
460 3200 557 3251 CXVI.

234 3275 285 3334 τόν
304 3276 451 3351 Ἀστυάγεα
475 3275 551 3350 ἐσήϊε
572 3275 740 3353 ἀνάγνωσις]

200 3356 219 3407 i.
243 3371 266 3406 c.
291 3355 365 3406 subiit
386 3355 524 3421 Αιιγαμεοι
545 3361 572 3405 ιιι
595 3364 743 3418 conoscere!

197 3443 310 3490 pueram.
331 3415 404 3489 ἐσήϊε
429 3443 478 3491 pro
502 3415 576 3491 ἐσῄει
601 3424 740 3475 dadinum

199 3495 325 3546 Bekkcro
342 3499 370 3545 ct
390 3499 503 3546 receutt.
528 3495 590 3546 edd.
609 3495 741 3560 probante

199 3565 317 3615 Brcdov.
336 3581 362 3629 p.
381 3567 442 3617 409.
473 3565 577 3615 Eodem
600 3564 679 3614 modo
702 3565 741 3614 iu·

200 3634 242 3684 irs
260 3631 365 3699 διεξήιε
383 3651 431 3700 pro
448 3626 562 3700 διεξῄει.
581 3633 622 3684 Ad
640 3635 742 3700 signifi-

200 3704 334 3754 cationem
352 3709 379 3753 et
399 3709 563 3754 structuram
580 3703 655 3752 verbi
674 3697 741 3753 ἐσιέ-

201 3787 261 3833 ναι,
286 3789 340 3822 uon
359 3773 494 3823 diversam
519 3789 536 3822 a
559 3773 641 3822 verbo
667 3764 740 3834 ἐσέρ-

199 3839 302 3902 χεσθαι
313 3842 385 3904 apud
395 3843 571 3904 Herodotum,
585 3843 656 3892 conf.
671 3846 741 3892 nott.

200 3909 234 3958 sd
254 3909 306 3968 ΙΙΙ,
326 3913 360 3988 412
378 3915 405 3960 et
422 3913 485 3966 Vll.
503 3911 546 3988 lii.
630 3969 639 3992 P
700 3970 706 3988 ¹

199 3977 450 4104 ..nirenta
464 3971 741 4115 λιιιίμιιιί

200 4119 244 4164 cot
278 4113 429 4177 (honorio,
457 4117 493 4166 ad
523 4117 682 4184 Cambysem
714 4123 741 4170 et

200 4183 354 4232 Mandanen
371 4183 439 4234 haec
457 4186 599 4248 referenti,
618 4204 687 4254 quac
704 4189 740 4239 nd

199 4253 347 4316 Astyagem
364 4254 498 4317 pertinere
536 4259 601 4305 stet.
620 4257 651 4306 Irr
664 4275 738 4324 seqq.

199 4321 272 4389 quod
290 4337 361 4374 nnnc
386 4321 485 4390 legitur
510 4270 738 4392 ἐλευθερωτέρη,

791 2041 857 2106 τέριγ
877 2048 959 2109 atque
977 2047 1119 2109 probatum
1137 2049 1178 2096 est
1193 2045 1331 2096 alteiskio

792 2116 819 2161 et
837 2113 1019 2180 Wesselingio
1037 2129 1070 2164 nc
1089 2130 1173 2179 nuper
1195 2131 1211 2164 a
1233 2114 1333 2164 Bredo-

791 2181 836 2229 vio
863 2197 889 2245 p.
916 2183 963 2233 07:
991 2183 1079 2244 „Nam
1104 2174 1263 2244 ἐλευθέριος
1290 2188 1332 2232 est

790 2249 923 2312 liberalis,
948 2252 1095 2316 ingennus,
1119 2252 1263 2316 praecipue
1285 2252 1331 2300 nbi

790 2333 843 2366 non
857 2318 974 2382 ingenuo
989 2322 1146 2384 opponitur:
1166 2321 1205 2369 sic
1223 2335 1331 2384 respou-

790 2386 831 2435 sio
848 2391 908 2436 erat
925 2403 965 2450 ea,
985 2403 1055 2452 qnae
1077 2389 1162 2452 magis
1185 2389 1331 2451 ingenuum

790 2455 898 2505 deceret
917 2471 997 2522 quam
1020 2459 1091 2506 servi
1110 2457 1193 2506 filiurn
1213 2457 1255 2505 vol
1278 2471 1332 2504 rna-

790 2525 832 2588 gis
864 2531 923 2575 erat
951 2526 1083 2591 ingenua,
1113 2541 1193 2590 quam
1220 2540 1289 2590 quae
1316 2539 1332 2573 a

791 2595 863 2644 servi
885 2594 942 2645 filio
966 2595 1042 2645 reddi
1065 2594 1228 2660 potuisset.“
1247 2624 1282 2633 --
1299 2593 1331 2643 Iu

791 2679 866 2730 seqq.
891 2654 937 2714 έτιλ
964 2657 1071 2729 χρόνον
1102 2669 1144 2714 est
1171 2665 1331 2728 aliquamdiu,

791 2736 942 2799 aliquantum
960 2738 1084 2799 temporis,
1101 2739 1132 2784 ut
1150 2733 1198 2798 IX,
1219 2736 1263 2786 22.

827 2795 909 2867 μόγις
935 2801 965 2852 di
988 2796 1026 2868 δή
1054 2805 1117 2853 sois
1146 2795 1333 2870 ἀνενειχθεὶς]

792 2873 934 2922 Sententia
943 2875 1074 2924 Herodoti
1091 2875 1159 2924 haec
1173 2879 1227 2925 ost:
1246 2875 1333 2938 „Cum

791 2957 873 3007 aegre
905 2959 934 2992 ss
964 2944 1073 2994 taudem
1102 2945 1263 3009 recepisset,
1293 2945 1333 2994 ito

792 3011 869 3075 dixit,
888 3029 949 3063 cnm
968 3013 1152 3064 Artembarem
1171 3029 1202 3064 eo
1220 3015 1333 3064 consilio

792 3081 927 3132 dimittere
945 3083 1040 3144 vellet,
1058 3088 1089 3133 ut
1114 3085 1172 3148 ipse
1189 3084 1333 3134 bubulcum

792 3151 878 3201 solnm
897 3152 931 3201 ad
954 3168 983 3204 se
1007 3153 1153 3204 adductum
1179 3155 1334 3204 examinaro

791 3222 914 3286 posset.“
944 3213 1024 3286 μόγις
1050 3214 1086 3287 δὴ
1110 3253 1145 3262 -
1168 3216 1232 3273 κοτὲ
1260 3223 1334 3273 valet

791 3292 889 3340 tandem
912 3292 1046 3356 aliquando
1068 3309 1090 3343 s.
1120 3309 1197 3358 aspre
1223 3295 1330 3346 taudem.

791 3359 947 3410 Formulam
974 3360 1077 3426 aliquot
1105 3361 1248 3425 exemplis,
1279 3379 1333 3411 mo-

792 3434 873 3479 nente
899 3431 957 3488 Cn,
986 3430 1134 3480 illustravit
1159 3431 1332 3480 lleiudorfius

792 3499 826 3548 sd
844 3497 952 3549 Platon.
971 3499 1113 3565 Protagor.
1138 3516 1164 3563 p.
1190 3499 1249 3550 480.
1269 3492 1332 3548 ἀνε-

792 3563 917 3632 νειχθεὶς
939 3571 982 3617 est
1003 3585 1030 3618 se
1049 3571 1187 3630 recipiens,
1211 3585 1239 3617 τε
1261 3569 1330 3617 eolli-

789 3653 861 3701 μεμε.
882 3638 942 3698 Qua
953 3636 987 3687 de
1005 3635 1202 3699 significetione
1217 3635 1331 3686 diximus

791 3707 819 3755 iu
846 3706 973 3755 Crcuzeri
996 3705 1099 3757 Melett.
1124 3706 1176 3755 111.
1200 3720 1262 3770 pag.
1287 3709 1329 3757 54.

791 3774 963 3837 Eustathius,
981 3779 1011 3822 ut
1031 3774 1099 3823 idern
1124 3776 1165 3824 Cr.
1187 3780 1279 3838 notat,
1298 3777 1331 3828 de

792 3859 844 3892 usn
865 3844 941 3892 verbi
965 3835 1125 3906 ἀνενεγκεῖν
1148 3843 1270 3909 disputat
1297 3847 1331 3897 ad

793 3913 903 3962 Homeri
914 3912 1012 3976 Odyss.
1024 3913 1103 3974 VIII,
1116 3913 1178 3963 428.
1197 3929 1260 3980 pag.
1271 3916 1330 3980 3ltl,

792 3983 834 4042 21,
853 3997 903 4031 nec
919 3981 998 4032 huius
1015 3981 1068 4032 loci
1086 3982 1185 4033 oblitus
1204 3991 1254 4036 est.
1280 3989 1333 4038 llx-

792 4051 876 4116 plicat
896 4051 962 4100 illud
983 4066 1031 4116 per
1057 4041 1278 4106 ἀναπνεόειν.
1297 4086 1331 4097 ω

791 4114 887 4171 Ιοίιεέ
891 4133 928 4170 σω
936 4135 996 4171 cum
1002 4137 1073 4173 reor.
1081 4121 1141 4174 edd.
1149 4123 1271 4176 dedimus
1282 4143 1330 4192 pro

790 4190 865 4256 vulg.
885 4187 968 4252 είσω,
981 4191 999 4240 i.
1021 4207 1045 4243 ο.
1068 4193 1096 4242 in
1113 4195 1245 4246 interiores
1263 4198 1332 4248 oedi-

791 4277 829 4310 um
843 4275 864 4310 s.
880 4261 973 4322 palatii
991 4270 1089 4324 partes.

824 4328 1013 4398 μουνωθέντα
1029 4323 1114 4382 τάδε
1132 4323 1222 4382 αότάν
1242 4329 1331 4398 aspero
