3032 4916
247 273 308 334 724
682 271 945 333 HERODOTI

245 453 344 536 μίὸας
363 449 519 516 καλέουσι
534 448 690 534 ποιμένος
703 453 869 530 Φιλίτιος,
884 440 1056 525 dcccdccc
1070 439 1130 512 τὸν
1147 441 1271 533 χρόνον
1285 448 1382 532 ἔνεμε

246 551 369 640 κτήνεα
383 547 467 619 κατὰ
481 555 584 619 ταῦτα
598 547 638 618 col
655 557 771 639 χωρία.

246 718 299 768 nisi
312 719 466 770 Pltilistceos
477 735 499 768 s.
510 719 730 780 Palaestincncea,
742 717 789 782 qui
839 731 957 766 coamnr.
978 711 1093 780 Le'psius
1105 711 1280 779 (Chronolog.
1293 710 1319 762 d.
1332 710 1383 760 Ae-

246 803 261 838 e
278 793 352 838 terra
364 790 509 840 Cananaea
524 789 582 838 sive
595 803 627 837 ex
641 803 688 838 ora
706 787 788 837 maris
839 791 917 850 gypt.
936 786 959 836 Ι.
977 801 1006 850 p.
1025 784 1087 850 303)
1107 783 1295 850 gravissimam
1313 780 1384 830 lianc

247 858 436 910 mediterranei
448 859 595 908 Phoenicia
609 857 723 923 proiecti
734 872 790 907 una
839 855 1028 906 difficultatem
1045 856 1082 905 ita
1095 853 1154 904 tolli
1170 867 1250 918 posse
1268 851 1384 900 arbitra·

247 943 308 977 cum
327 930 387 979 aliis
406 929 531 994 gentibus
550 927 711 978 nomadibns
730 928 789 977 sive
839 931 899 988 tur,
923 930 954 974 ut
971 927 1128 976 memoriam
1150 937 1243 988 regum
1269 925 1384 985 quartas

247 997 344 1063 Syrias
361 999 419 1049 sive
436 998 554 1048 Arabiae
569 997 724 1048 inferiorern
738 997 790 1047 Ae·
840 997 993 1060 dynastiae,
1011 996 1058 1060 qui
1069 993 1198 1060 populum
1210 989 1384 1042 raldevexa-

247 1073 361 1132 gyptum
399 1068 558 1132 occuparint
594 1067 790 1132 imperiumque
840 1068 909 1128 rint,
924 1063 1087 1116 translatam
1101 1060 1331 1116 existimemusad
1344 1075 1385 1110 re-

247 1135 350 1188 diutins
376 1137 556 1198 obtinuerint3
585 1138 642 1188 vid.
668 1139 787 1188 Bunsen.
840 1151 888 1202 ges
915 1135 965 1186 hos
993 1136 1163 1201 pastoritiae,
1196 1131 1243 1196 qui
1270 1129 1384 1212 inultum

247 1206 266 1258 l.
284 1208 301 1258 l.
323 1208 379 1258 111.
397 1221 424 1270 p.
443 1207 490 1269 49,
513 1207 611 1257 Roeth.
630 1207 647 1256 l.
670 1207 688 1258 l.
706 1223 732 1272 p.
754 1206 789 1258 88
840 1211 936 1272 postes
957 1206 985 1254 in
1002 1208 1127 1271 Aegypto
1144 1207 1321 1268 regnaverint
1336 1215 1385 1264 po-

248 1293 334 1344 ssqq.,
352 1278 474 1328 Movere:
501 1277 554 1326 Die
571 1276 700 1327 Phoenic.
718 1276 740 1327 1.
762 1293 789 1340 p.
840 1271 1384 1341 polumquesimilimodoexagitnverint.

248 1349 282 1400 34
295 1363 382 1413 seqq,
399 1345 487 1397 iinon
499 1346 645 1397 ltoohette:
659 1345 741 1397 Mem.
756 1345 790 1396 de
874 1337 942 1394 ἀλλὰ
954 1336 1063 1402 καὶτὰς
1078 1339 1241 1408 πυραμίδας
1251 1337 1384 1390 suidones

248 1417 353 1468 l'Acad.
380 1416 427 1466 des
446 1416 586 1480 inscripti.
605 1415 697 1476 XVII,
716 1418 741 1465 2.
761 1431 788 1479 p.
840 1405 977 1478 ποιμένος
988 1413 1122 1478 Φιλίτιος,
1141 1403 1173 1470 ὃς
1190 1427 1215 1460 ιι.
1232 1425 1257 1460 ι.
1278 1407 1314 1475 1.]
1333 1407 1385 1458 Φι-

247 1487 314 1549 371,
341 1485 480 1536 Minutoli:
504 1485 649 1536 Abhandll.
675 1500 738 1550 pag.
755 1484 789 1534 95
840 1481 970 1540 ίιτίοονος
988 1499 1022 1534 ox
1039 1481 1232 1534 Aldinaflnxit
1249 1480 1384 1530 attribue

248 1571 320 1621 seq.¹
349 1555 461 1605 Russel:
495 1557 595 1621 Egypt.
623 1560 675 1605 etc.
701 1570 726 1619 p.
754 1552 789 1605 69
840 1553 918 1604 codd.
940 1554 1043 1604 Parias.
1078 1553 1111 1602 In
1131 1550 1290 1602 Florentino
1312 1549 1384 1599 libro

247 1641 338 1691 seqq,
355 1625 388 1674 R.
407 1626 435 1676 J.
455 1625 551 1674 Fruin:
570 1626 612 1674 De
623 1624 789 1676 Manethone
838 1621 1156 1678 ἰονοιιίῑιιιΦιίιτίονος.
1176 1618 1308 1686 Equidem
1322 1634 1383 1669 curu

247 1695 395 1759 Sebennyt.
415 1711 442 1759 p.
452 1695 486 1746 56
498 1709 566 1759 seq.‚
585 1695 617 1744 1..
629 1696 711 1745 Rosa:
729 1693 789 1744 Mo·
839 1697 954 1743 recentt.
967 1692 1029 1742 edd.
1044 1691 1106 1742 dedi
1118 1688 1244 1746 Φιλίτιος
1261 1687 1309 1752 (ci.
1320 1689 1386 1738 Bre-

247 1763 418 1815 uatsschrilt.
437 1769 489 1814 etc.
513 1764 589 1816 1850.
608 1765 678 1831 Aug.
696 1781 723 1829 p.
743 1763 788 1814 84.
840 1762 902 1812 dov.
922 1778 948 1826 p.
968 1761 1042 1823 ⁶263),
1061 1760 1163 1826 quode
1181 1759 1304 1809 Nediceo
1320 1757 1383 1808 cod.

247 1835 343 1899 Neque
360 1832 503 1884 admodum
521 1835 585 1884 inde
603 1834 731 1884 recedunt
746 1847 788 1894 ea,
839 1833 893 1882 iem
918 1832 1071 1882 Gronovius
1094 1833 1236 1894 receperat
1257 1827 1385 1894 quodque

248 1919 318 1969 quae
340 1908 494 1954 statuerunt
519 1903 596 1954 Koch
621 1903 640 1955 1.
664 1903 683 1955 l.
709 1919 735 1967 p.
755 1901 789 1953 39
839 1901 978 1952 Sancrofti
996 1901 1065 1950 libro
1083 1899 1231 1950 acduobus
1249 1895 1385 1964 aliispro-

248 1989 337 2038 seqq..
358 1973 453 2024 Starlr:
480 1971 788 2038 Forschungenetc.1.
840 1971 929 2020 batur.
967 1970 1160 2034 Argumentum
1179 1969 1232 2019 loci
1251 1969 1384 2018 tractavit

247 2043 347 2108 (Gaea)
368 2059 395 2107 p.
415 2043 448 2094 58
466 2059 542 2108 seqq.
567 2048 594 2094 et
612 2041 788 2094 Saalschiita:
839 2039 966 2091 Crenaer.
986 2040 1148 2090 Commentt.
1163 2037 1283 2089 Herodd.
1297 2041 1324 2100 §-
1341 2041 1383 2088 lli.

247 2113 301 2162 Zur
319 2112 410 2162 Kritik
432 2112 599 2163 d.·Maneth.
623 2129 649 2162 u.
670 2112 713 2161 die
731 2111 788 2158 Ma·
838 2125 902 2174 pag.
932 2109 981 2160 188
1002 2125 1095 2175 seqq,
1122 2107 1185 2158 coll.
1210 2107 1332 2172 Symbol.
1359 2107 1382 2158 1.

247 2177 787 2246 nathonnyksoslsorschnng.11.111.)
838 2195 866 2243 p.
879 2179 928 2230 129
940 2195 1014 2244 seqq.
1029 2180 1068 2230 11.
1084 2196 1109 2243 p.
1125 2177 1173 2239 99,
1189 2177 1261 2228 unde
1273 2178 1382 2242 potiora

247 2267 273 2314 p.
291 2249 324 2300 39
342 2266 419 2314 seqq.
439 2250 473 2301 68
491 2267 576 2315 seqq„
595 2255 690 2300 contre
708 2263 787 2314 quein
838 2249 896 2299 hue
910 2250 1113 2300 transieramus.
1150 2249 1273 2313 Namque
1291 2249 1383 2312 Zoega

248 2319 370 2383 disputat
393 2319 581 2383 Naegelsbach
604 2320 644 2368 in:
675 2320 785 2369 Reuter.
838 2317 872 2368 de
890 2318 1017 2370 obelisco.
1036 2335 1063 2383 p.
1082 2318 1143 2370 389.
1162 2323 1219 2368 not.
1239 2319 1273 2370 20
1291 2321 1382 2381 pasto-

246 2387 386 2451 Repertor.
405 2389 465 2438 Vol.
479 2389 511 2440 73
524 2388 568 2452 (N.
584 2389 615 2438 F.
629 2387 674 2452 26)
692 2404 720 2452 p.
735 2387 786 2438 alo
838 2403 894 2438 rem
911 2389 1078 2448 Philinum,
1102 2403 1140 2450 a.,
1165 2392 1196 2438 ut
1213 2385 1259 2436 ille
1276 2387 1383 2448 scribit,

247 2461 275 2506 et
292 2455 351 2505 Vol.
371 2459 404 2506 75
424 2458 472 2519 (N.
492 2460 523 2510 F.
541 2459 586 2522 28)
604 2474 630 2522 p.
650 2457 693 2507 91.
725 2456 787 2507 Alia
837 2457 940 2508 Ρίιίίίίίιι
964 2457 1037 2507 hand
1062 2457 1145 2508 aliurn
1169 2457 1254 2508 videri
1283 2457 1384 2506 statuit

211 2553 216 2564 ·
246 2525 323 2575 dabit
342 2527 415 2574 Kura
440 2526 593 2591 1.supral.
629 2526 696 2577 Inde
713 2528 786 2576 Dun·
838 2531 921 2591 atque
957 2528 1046 2591 ipsum
1080 2526 1203 2578 osiridem
1233 2526 1383 2588 Pliileneem,

246 2595 319 2645 clrer.
333 2595 446 2660 (Gescli.
460 2595 486 2646 d.
499 2595 665 2648 Alterthums
678 2597 702 2647 I.
716 2613 742 2660 p.
752 2597 783 2646 21
838 2595 931 2658 deum,
956 2597 1000 2646 cui
1026 2602 1191 2648 mortuorum
1214 2596 1280 2646 haec
1299 2595 1384 2646 dorni-

246 2670 316 2728 seq.)
353 2664 497 2716 Semiticae
515 2666 608 2730 stirpis
627 2671 722 2729 gentes
740 2681 786 2715 no·
838 2665 903 2715 cilia
933 2665 1097 2730 (pyramides
1121 2665 1191 2730 scil.)
1220 2671 1383 2716 consecrata

246 2735 339 2783 mades
364 2749 396 2784 ex
419 2735 499 2799 Syria
519 2737 675 2800 Arabiaque
698 2735 787 2800 profe·
838 2735 939 2785 luerint
965 2751 1097 2801 quemque
1124 2735 1196 2786 haud
1218 2735 1273 2786 alio
1298 2751 1383 2786 sensu

247 2809 305 2854 ctos
323 2803 439 2868 intelligi
457 2805 552 2856 voluit.
590 2806 631 2855 Ad
656 2805 705 2856 hos
722 2819 786 2855 vero
836 2813 963 2868 patorem
982 2807 1111 2866 dixerint,
1137 2821 1216 2870 quam
1237 2820 1290 2870 qno
1308 2803 1383 2870 apud

245 2889 324 2938 reges
343 2873 501 2937 pastoritios
521 2891 543 2925 s.
554 2865 662 2931 ’Τιοιὸς
679 2881 736 2924 tum
754 2890 787 2924 ea
838 2875 984 2926 Homerum
1001 2891 1079 2940 reges
1097 2875 1223 2926 dicautur
1248 2875 1384 2939 ποιμένες

246 2947 325 2994 erunt
342 2943 495 3006 referenda,
516 2959 632 3009 quaeex
647 2944 787 2994 Manetho·
837 2941 928 3008 ionic,
957 2945 1095 2996 locutione
1117 2961 1167 2995 nec
1193 2944 1306 2995 insolita
1330 2961 1383 2996 neo

246 3014 288 3062 nis
310 3013 386 3062 libris
415 3013 493 3063 affert
510 3011 654 3065 Scholiast.
673 3015 708 3064 ad
726 3014 788 3065 Pla·
837 3015 914 3064 mira.
960 3015 1039 3077 Quod
1068 3021 1158 3065 tamen
1183 3015 1229 3064 vix
1259 3015 1382 3078 credent,

245 3084 318 3132 tonis
336 3083 476 3133 Timaeum
501 3100 529 3149 p.
546 3085 597 3134 202
615 3084 658 3134 ed.
677 3085 785 3136 ltubnk.
837 3085 898 3149 qni,
919 3099 998 3149 qnam
1014 3086 1142 3136 contemti
1159 3085 1303 3149 Aegyptiis
1321 3086 1383 3136 ine-

246 3167 273 3215 p.
302 3151 352 3202 too
390 3153 438 3214 (Τ.
471 3155 528 3214 VI)
558 3153 601 3204 ed.
632 3155 785 3204 Hermann:
836 3155 891 3204 rint
910 3159 1035 3218 pastores
1059 3159 1140 3220 atquo
1157 3155 1246 3214 exosi,
1272 3161 1384 3220 reputa-

246 3215 468 3286 ἑπτακαιδεκάτη
486 3221 637 3273 δυναστεία
655 3221 788 3288 ποιμένες
838 3224 940 3284 verint3
976 3230 1007 3274 ut
1032 3224 1141 3274 minime
1168 3223 1296 3276 credibile
1322 3225 1383 3287 liat,

245 3277 319 3352 ἦσαν
338 3281 458 3356 ἀδελφοὶ
481 3291 613 3350 Φοίνικες
637 3289 713 3352 ξένοι
737 3289 785 3359 βα·
837 3293 946 3358 regibus
958 3295 1014 3344 suis
1028 3294 1150 3359 adeoque
1163 3294 1215 3344 diis
1226 3293 1278 3346 hcc
1291 3296 1382 3359 ipsnm

246 3357 344 3422 οιίείς,
370 3355 400 3409 οἳ
422 3356 470 3410 καὶ
490 3354 612 3426 Μέμφιν
629 3355 721 3422 ellos,
745 3349 786 3410 ὧν
837 3367 976 3427 pastorum
998 3379 1096 3415 nomen
1114 3365 1265 3430 Aegyptios
1290 3380 1383 3416 sacer-

244 3425 356 3488 πρῶτος
367 3427 474 3495 Σαΐτης
485 3422 663 3496 ἐβασίλευσεν
676 3447 701 3480 ιι.
714 3446 737 3478 τ.
751 3430 785 3490 1.,
837 3431 914 3482 dotes
933 3433 1105 3497 imposuisse.
1136 3428 1287 3499 Lege'mihi
1299 3435 1382 3486 modo

245 3513 314 3563 quae
332 3498 425 3550 eadem
444 3500 516 3564 apud
534 3500 689 3565 syncellum
707 3515 734 3564 p.
750 3501 783 3550 til
837 3501 934 3553 Genea.
946 3503 1043 3564 XLVI,
1054 3503 1087 3554 34
1099 3508 1126 3552 et
1135 3503 1292 3558 Manethon.
1307 3503 1382 3569 apud

244 3583 267 3618 s.
283 3585 308 3633 p.
323 3570 372 3619 114
384 3571 427 3620 ed.
441 3571 528 3620 Bonn.
541 3569 669 3634 leguntur
686 3585 717 3620 ex
730 3571 785 3619 Eu·
836 3571 944 3636 Ioseph.
956 3572 1019 3624 ads.
1031 3574 1128 3637 Apion.
1144 3574 1167 3634 I,
1181 3575 1222 3624 14.
1237 3590 1264 3638 p.
1279 3571 1381 3626 103911

244 3639 334 3689 sebio:
352 3655 420 3703 quos
439 3639 546 3690 eosdem
558 3655 642 3704 seges
662 3641 685 3689 si
700 3640 785 3690 Hero·
836 3657 864 3706 p.
882 3645 933 3692 441
951 3642 1013 3694 coll.
1032 3643 1149 3693 Hesion.
1167 3642 1250 3693 Ideen
1268 3652 1321 3696 etc.
1341 3643 1381 3705 11,

244 3707 324 3759 doteo
347 3708 405 3759 loco
430 3707 626 3774 intelligamus,
657 3710 692 3760 ad
717 3710 785 3758 deci·
835 3713 861 3760 ’1.
878 3727 903 3775 p.
919 3711 978 3763 148.
1005 3713 1076 3774 Quin
1094 3713 1180 3777 ipsum
1197 3715 1316 3777 pastoris
1333 3729 1381 3763 vo·

172 3825 175 3832 ,
243 3795 305 3828 rcum
322 3781 447 3840 septimam
462 3777 617 3843 dynastiam
634 3779 785 3844 regredien·
834 3779 961 3831 nabulum
978 3783 1141 3847 Aegyptium
1158 3781 1206 3832 Soc
1224 3783 1381 3849 significare

244 3847 381 3897 duruerit:
400 3847 472 3914 quod
489 3847 623 3913 quomodo
639 3847 784 3898 conveniat
835 3850 931 3900 volunt
955 3847 1089 3915 probrum,
1125 3851 1243 3906 dedecus.
1290 3853 1379 3914 Adde,

243 3931 304 3966 cum
324 3916 431 3982 Cheope
450 3923 477 3968 et
495 3917 665 3983 Cheph'rcne,
684 3919 730 3984 qni
749 3919 784 3968 sd
834 3920 906 3985 qnod
919 3921 1047 3985 populns,
1066 3920 1146 3972 valde
1161 3927 1277 3972 vexatus
1289 3923 1317 3972 iu
1328 3938 1380 3988 py-

242 3994 366 4050 qaartcm,
378 3993 408 4036 ut
418 3988 543 4050 vidimus,
557 3989 712 4053 dynastiam
726 4003 784 4052 per·
815 4019 818 4026 ·
833 3989 982 4040 ramidibus
1006 3991 1190 4053 exstruendis,
1214 3991 1276 4042 illos
1299 4007 1380 4058 reges

243 4055 332 4103 tinent
349 4055 482 4122 longeque
502 4062 584 4108 antea
601 4058 663 4108 inde
681 4059 783 4108 vixisse
835 4074 948 4124 perosus
965 4066 1037 4124 erat,
1056 4077 1169 4125 quorum
1185 4061 1228 4122 (ut
1245 4062 1379 4113 bonorum

242 4123 355 4186 putandi
374 4133 449 4188 snut,
474 4125 502 4175 id
519 4127 644 4192 equidem
663 4129 690 4178 in
706 4133 785 4178 tanta
834 4129 894 4180 scil.
910 4127 1016 4194 regum)
1033 4131 1140 4182 nomine
1159 4131 1312 4196 pyramidas
1331 4148 1380 4196 ap-

241 4196 391 4256 temporum
400 4195 727 4248 obscuritatediscsrners
737 4213 784 4248 nc·
834 4198 950 4264 pellatas
981 4199 1066 4249 fuisse
1095 4201 1204 4252 mininie
1233 4209 1379 4252 consenta-

242 4260 302 4322 lim,
321 4261 384 4311 dum
402 4263 512 4315 meliora
529 4271 556 4316 et
570 4267 687 4316 certiora
699 4283 730 4317 er
743 4269 781 4330 ip·
834 4283 912 4318 iseum
932 4273 983 4319 sat.
1018 4269 1380 4336 Andeniquequodzoega

240 4330 279 4380 sis
297 4331 491 4394 Aegyptiorum
514 4337 694 4386 monumentis
719 4336 781 4386 edo·
833 4335 976 4388 lectionem
999 4335 1124 4397 Φιλίτιος
1144 4345 1240 4391 tenens
1264 4347 1379 4392 revocat
