2980 4932
197 267 238 330 56
631 254 900 321 HERODOTI

148 451 188 514 26
278 437 543 528 Τελευτήσαντος
568 432 605 503 dl
634 430 819 504 Ἀλυάττεω
853 427 1021 516 ἐξεδέξατο
1056 430 1119 522 τήν
1153 441 1334 524 βασιληΐην

194 554 338 634 Κροῖσος
354 537 372 612 ὁ
386 538 590 624 Ἀλυάττεω,
610 533 713 610 ἐτέων
726 534 793 607 ἐάν
805 531 939 626 ἡλικίην
953 539 1052 606 πέντε
1068 537 1123 606 καὶ
1137 536 1332 626 τριήκοντα·

193 645 230 730 ὃς
253 641 294 736 δή
315 642 484 734 Ἑλλήνων
509 640 668 732 πρώτοισι
693 637 881 732 ἐπεθήκατο
901 638 1092 729 Ἐφεσίοισι.
1128 647 1214 710 ἔνθα
1238 639 1282 730 δή
1301 645 1335 710 οἱ

189 749 334 839 Ἐφέσιοι
360 745 631 838 πολιορκεόμενοι
653 741 712 815 ὑπ’
736 742 857 832 αὐτοῦ,
887 741 1058 815 ἀνέθεσαν
1080 741 1142 833 τήν
1170 743 1270 814 πόλιν
1291 751 1332 834 ’τῇ

189 851 372 944 Ἀρτέμιδι,
396 850 576 936 ἐξάψαντες
594 845 631 918 ἐκ
649 853 709 919 τοῦ
730 853 815 938 νηοῦ
835 853 984 937 σχοινίον
1002 845 1036 928 ἐς
1053 845 1091 917 τὸ
1108 863 1224 935 τεῖχος.
1262 854 1332 917 ἔστι

194 957 232 1028 δὲ
250 954 373 1047 μεταξῦ
395 961 452 1045 τής
476 981 512 1024 τε
537 957 679 1042 παλαιῆς
697 951 827 1038 πόλιος,
856 948 879 1041 ή
902 951 976 1021 τότε
1001 948 1249 1042 ἐπολιορκέετο,
1276 954 1332 1021 καὶ

195 1126 268 1177 fecta
283 1140 343 1176 csse
359 1123 496 1187 dicuntur,
507 1122 668 1189 praesertim
678 1137 738 1172 cum
790 1118 910 1186 periculo
928 1119 1035 1172 scilicet
1046 1121 1204 1172 imminente
1218 1127 1267 1172 aut
1278 1122 1334 1172 ino-

107 1251 111 1258 ,
195 1197 479 1260 serrum,'quamquem
497 1192 582 1243 multo
602 1196 668 1242 ante
684 1192 738 1242 iam
790 1191 835 1256 pis
866 1190 1040 1242 vehementer
1069 1195 1217 1256 premente.
1254 1191 1332 1241 Conf.

195 1266 332 1316 detectum
356 1263 418 1324 (577
446 1263 526 1314 annis
556 1265 621 1312 ante
644 1260 738 1326 Alyat-
791 1261 916 1312 Creuner.
936 1260 1055 1326 Symbol.
1082 1261 1129 1312 IV.
1153 1277 1178 1326 p.
1203 1261 1263 1311 640.
1289 1261 1331 1311 ed.

195 1342 259 1398 tem,
277 1335 301 1385 si
319 1332 428 1400 quidem
451 1337 527 1384 recte
549 1331 648 1382 statuit
672 1333 738 1382 Lar·
789 1334 854 1380 tert.
880 1336 907 1380 et
930 1325 1169 1382 Raoul'ltochctte
1193 1331 1274 1380 Mem.
1299 1331 1333 1381 de

194 1405 312 1467 uberes),
336 1403 388 1453 hoc
411 1407 503 1452 tumen
530 1405 665 1465 tempora,
685 1417 737 1465 quo

195 1473 314 1527 Glaucus
341 1471 411 1521 vixit
435 1472 615 1536 Alyattesque
642 1485 738 1534 regna-

192 1545 243 1606 vit,
261 1544 291 1592 in
315 1539 433 1590 metallis
456 1539 663 1605 pretiosioribus
682 1537 739 1604 plu-

193 1613 285 1678 risque
314 1610 467 1660 aestimatis
495 1609 617 1659 habitum
643 1609 737 1670 luerit3

92 1708 96 1715 ·
193 1681 267 1746 quod
285 1681 319 1729 iis
338 1679 436 1742 etiam,
455 1695 526 1746 qnae
542 1680 617 1743 apud
634 1680 737 1730 Herod.

194 1753 217 1814 1,
237 1749 280 1802 68.
298 1747 441 1816 leguntur,
461 1749 530 1800 setis
548 1749 659 1814 probari
678 1763 738 1800 cen·

194 1825 236 1872 set
255 1819 421 1870 Larcherus.
718 1857 719 1860 ι

228 1877 259 1946 ῦς
281 1886 413 1954 μοῦνος
431 1877 467 1951 δὴ
487 1877 605 1936 πάντων
622 1875 738 1951 ἀνθρά-

191 1973 255 2008 πων
275 1973 301 2007 κ.
321 1973 344 2007 τ.
370 1955 405 2023 λ.]
430 1957 522 2007 Codex
545 1955 691 2006 Palatinus
709 1956 738 2006 in

191 2027 335 2092 Excerptis
359 2025 525 2076 Herodotcis
554 2041 603 2090 pro
631 2023 739 2089 μοῦνος

191 2097 321 2148 hocloco
342 2096 390 2145 dat
410 2093 531 2159 πρῶτος,
546 2100 576 2144 ut
585 2095 737 2145 Pausania

191 2181 300 2232 quoque
323 2164 341 2214 l.
360 2163 378 2215 l.
403 2163 440 2215 Et
462 2164 564 2214 variari
587 2165 682 2229 ntique
699 2165 737 2213 vi-

193 2235 271 2285 detur
305 2231 376 2284 iuter
412 2231 520 2296 μοῦνος
558 2237 585 2282 et
616 2231 736 2296 πρῶτος,

192 2305 225 2354 de
244 2319 297 2369 quo
316 2304 362 2354 Cr.
386 2300 484 2352 laudat
500 2303 681 2368 Havercamp.
701 2304 736 2353 ad

191 2372 300 2437 Ioseph.
315 2371 427 2437 Autiqq.
443 2373 466 2434 1,
481 2373 505 2422 7.
520 2387 582 2437 pag.
599 2371 642 2433 28,
657 2369 753 2422 cuius¹

190 2447 282 2492 tamen
313 2441 445 2492 iudicium
473 2457 527 2492 uon
555 2441 654 2506 placet.
693 2441 736 2492 Ad

189 2513 312 2562 Ionicum
325 2511 441 2561 formum
459 2509 570 2574 μοῦνος
584 2511 675 2562 omnia
689 2512 735 2562 da-

191 2582 233 2636 bit
245 2581 363 2633 Bredov.
384 2598 410 2647 p.
430 2580 490 2632 163.

368 2752 434 2803 Car.
454 2751 554 2802 XXVI.

223 2846 449 2920 Τελευτήσαντος
465 2848 496 2904 sl
511 2843 659 2903 Ἀλυάττεω
675 2843 731 2916 ἒξε-

186 2919 287 2986 ῦὲξοιτο
317 2917 371 2989 τήν
394 2919 546 2992 βασιληΐην
568 2922 693 2986 Κροῖσος
715 2914 730 2973 ὁ

182 2985 330 3044 Ἀλυάττεω
349 3010 374 3045 ιι.
395 3011 418 3044 τ.
443 2993 479 3058 λ.]
496 2995 539 3044 Dc
563 2991 731 3058 chronologi-

185 3063 225 3116 cis
250 3065 401 3114 rationibus
426 3063 489 3114 vide
515 3061 628 3126 dispuit.
653 3063 689 3113 ad
707 3064 730 3125 1,

185 3134 220 3184 45
237 3131 281 3182 fiu.
297 3131 346 3197 (al.
357 3132 412 3197 46).
431 3131 569 3196 Regnavit
583 3132 653 3206 enim
666 3131 729 3196 Aly-

184 3204 258 3252 attes
282 3201 345 3252 inde
363 3203 399 3252 ab
428 3217 491 3252 ann.
511 3201 562 3251 617
585 3217 671 3266 usque
694 3203 729 3252 ud

186 3271 249 3332 5603
269 3287 322 3336 quo
339 3285 411 3322 anuo
435 3271 565 3332 Croesus,
589 3271 635 3336 qui
657 3287 729 3321 anno

185 3339 237 3391 595
257 3345 322 3391 ante
346 3341 408 3391 Chr.
434 3356 460 3392 n.
486 3344 567 3390 natus
597 3345 665 3403 erat,
690 3357 729 3391 re-

185 3425 267 3476 gnum
285 3411 417 3476 suscepit.

219 3470 417 3544 ἒξάιμαντεςέκ
435 3475 486 3528 τοῦ
506 3475 580 3542 νηοῦ
599 3478 729 3544 σχοινίον

181 3537 209 3605 ἒς
228 3541 260 3598 τὸ
277 3548 378 3616 τεῖχος]
392 3550 410 3600 i.
425 3566 448 3600 e.
463 3547 637 3611 [κατατείνει
652 3550 728 3612 (Dia-

789 1399 894 1452 l'dcad.
916 1401 942 1452 d.
968 1401 1110 1465 Inscriptt.
1135 1401 1226 1451 XVII.
1250 1401 1282 1451 Ρ.
1306 1403 1332 1451 2.

789 1485 815 1535 p.
838 1469 881 1532 20,
904 1470 951 1534 qui
972 1469 1015 1520 vel
1040 1485 1138 1532 verua,
1168 1471 1265 1535 quibus
1287 1485 1334 1520 an-

791 1543 867 1589 ctore
889 1539 1009 1590 Minucio
1038 1540 1130 1590 Felice
1161 1539 1258 1590 Octav.
1289 1543 1331 1590 22.

791 1609 881 1659 Diana
899 1608 1019 1674 Ephesia
1037 1615 1096 1660 erat
1113 1609 1257 1670 instructa,
1277 1625 1332 1659 non

791 1677 1033 1742 detuleris,sedde
1043 1680 1149 1729 catenis
1163 1679 1250 1743 accipi
1264 1678 1331 1730 vult.

791 1747 863 1798 Illud
882 1749 952 1798 enim
971 1748 1058 1799 biset
1076 1749 1209 1798 similibus
1228 1753 1334 1800 veteres

790 1818 967 1884 spectabant,
991 1821 1022 1868 ut
1045 1817 1195 1883 urbs·ipsa
1223 1819 1334 1884 eiusque

790 1887 897 1937 incolae
926 1887 1023 1938 maiori
1052 1893 1142 1938 essent
1170 1904 1254 1938 curae
1282 1890 1334 1939 diis

791 1957 962 2020 tutelaribus,
983 1957 1030 2022 qui
1047 1957 1148 2020 vincti,
1171 1973 1206 2007 ne
1229 1958 1335 2018 scilicet

791 2027 906 2078 evadere
925 2031 1037 2092 possent
1053 2027 1144 2078 aliove
1169 2041 1198 2077 se
1223 2043 1334 2079 conver-

790 2101 861 2159 tere,
881 2095 978 2146 incolis
991 2097 1092 2161 pressis
1106 2112 1138 2147 eo
1156 2097 1244 2162 magis
1257 2114 1334 2149 omne

790 2171 961 2231 praestarent
985 2166 1130 2228 auxilium,
1158 2183 1239 2232 quum
1264 2169 1336 2233 ipso-

789 2251 848 2286 rum
876 2236 950 2285 salus
979 2251 1040 2286 eum
1068 2234 1218 2287 incolarum
1246 2238 1335 2290 salute

789 2305 869 2370 quasi
887 2305 991 2356 arctius
1010 2311 1083 2356 esset
1106 2307 1260 2358 coniuncta.
1289 2309 1335 2359 Sic

786 2374 911 2439 Ephesii,
930 2391 990 2425 cum
1005 2375 1112 2426 Dianae
1131 2376 1260 2441 templum
1273 2393 1335 2440 san-

787 2445 937 2494 ctissimum
966 2445 1083 2510 indeque
1107 2447 1275 2496 tutissimum
1298 2449 1334 2498 eb

786 2515 859 2564 omni
874 2513 1011 2564 hominurn
1032 2515 1183 2579 irruptione
1197 2521 1334 2581 putarent,

784 2583 852 2634 illud
878 2584 942 2634 fune
964 2583 1025 2634 urbi
1048 2584 1211 2651 alligarunt,
1235 2587 1333 2651 qnippe

786 2653 863 2704 cuius
883 2653 969 2718 ipsius
988 2669 1047 2704 sors
1062 2671 1133 2706 nunc
1155 2671 1216 2706 oum
1233 2655 1332 2720 templo

786 2723 932 2774 coniuncta
952 2724 1068 2788 indeque
1092 2740 1225 2790 suspense
1250 2731 1330 2777 esset.

785 2793 845 2855 Quo
875 2791 955 2842 simul
989 2793 1058 2844 iacit
1093 2811 1124 2846 ea
1161 2796 1330 2860 superstitio,

783 2878 837 2926 qua
855 2861 920 2912 deos
938 2862 1004 2912 urbe
1023 2867 1106 2928 capta
1127 2865 1258 2916 excedere
1273 2882 1334 2931 per-

783 2931 922 2983 bibebant.
952 2932 1024 2984 Hinc
1048 2934 1122 2999 apud
1147 2933 1273 2999 Aeschyl.
1300 2937 1328 2986 S.

782 3018 805 3052 c.
831 3001 915 3052 Theb.
945 3001 996 3053 203
1023 3001 1071 3069 (al.
1098 3001 1163 3066 219)
1187 3004 1326 3055 Eteocles:

782 3061 843 3118 ἀλλ’
864 3058 918 3119 οὖν
936 3062 1027 3128 θεοὺς
1046 3063 1113 3129 τοῦς
1136 3070 1187 3136 της
1205 3063 1330 3138 άλοῦσης

781 3129 883 3195 πόλεος
901 3129 1042 3189 ἐκλείπειν
1064 3133 1161 3205 λόγοςς
1185 3143 1232 3193 ubi
1250 3143 1329 3208 plura

781 3205 932 3260 Blomlield.
952 3211 981 3258 in
999 3209 1119 3262 Glossar.

815 3273 872 3327 ἔστι
895 3272 927 3327 δὲ
949 3271 1054 3343 μεταξὺ
1077 3277 1129 3344 τῆς
1151 3293 1179 3329 τε
1205 3277 1330 3344 παλαιῆς

780 3339 932 3405 πόλιος-
948 3341 995 3398 καὶ
1013 3344 1066 3398 τοῦ
1083 3347 1158 3413 νηοῦ
1175 3338 1244 3398 ἑπτά
1264 3341 1328 3398 στά-

780 3414 849 3482 διοι]
886 3417 967 3467 Varie
999 3418 1140 3469 tentarunt
1167 3419 1221 3468 viri
1253 3417 1328 3468 docti

779 3487 863 3536 verba
887 3475 957 3535 έπτὰ
988 3479 1114 3544 στάδιοι,
1142 3504 1212 3553 quae
1237 3490 1327 3538 miuus

780 3555 924 3606 convenire
943 3555 1168 3608 antecedentibus
1188 3557 1328 3608 existima-

180 3618 244 3680 σου)
263 3623 351 3682 templo
368 3623 392 3671 in
411 3635 503 3670 marsim
527 3617 641 3668 deducto.
672 3619 724 3683 dp·
776 3625 852 3676 bant.
882 3624 936 3675 Sed
957 3624 1019 3675 libri
1038 3626 1106 3676 nihil
1131 3631 1251 3692 mutant,
1276 3643 1326 3679 nec

179 3688 264 3752 prime
280 3689 332 3739 buc
351 3690 456 3739 iaciunt
479 3687 561 3737 verba
583 3687 725 3737 Plutarchi
777 3694 844 3744 adeo
871 3694 1019 3760 quidquam
1048 3697 1221 3747 mutandum:
1254 3697 1326 3762 quod

181 3756 251 3821 (vis.
283 3757 375 3808 Solon.
410 3756 466 3821 12.)
494 3757 522 3806 in
553 3772 582 3806 re
610 3755 725 3821 cylonis
776 3762 819 3813 vel
843 3763 897 3814 loci
922 3765 1022 3830 gemini
1047 3765 1094 3828 1v,
1122 3767 1166 3817 85.
1191 3767 1255 3830 VII,
1279 3765 1324 3829 34,

180 3827 331 3906 enarranda
344 3827 502 3904 scribentis:
521 3814 679 3903 ἐξάψαντες
693 3820 725 3875 dl
776 3831 832 3895 alii,
852 3849 920 3898 quos
938 3833 1057 3886 Βωᾱον,
1083 3851 1110 3902 p,
1135 3835 1187 3888 335
1206 3851 1262 3902 seq,
1283 3841 1324 3887 at.

179 3907 231 3971 ²⁰¹3
249 3890 343 3976 Παλονε
371 3909 479 3958 κροκην
507 3892 647 3958 eleuter,
677 3896 724 3945 ubi
776 3902 848 3963 tulit,
860 3903 1003 3954 ostendere
1018 3910 1175 3969 potuerunt.
1193 3906 1249 3956 Nec
1268 3922 1323 3956 mu-

179 3976 230 4010 του
247 3959 331 4017 edoce
350 3963 384 4013 de
402 3964 460 4028 ipso
486 3964 554 4012 deae
578 3963 723 4015 simulacro
776 3973 817 4037 gis
833 3987 909 4037 opus,
923 3973 994 4038 quod
1008 3974 1227 4039 Schweighaeus.
1243 3977 1322 4026 intel.

108 4090 121 4101 ,
179 4035 254 4080 ῐθῢῑθ
270 4029 404 4112 inlellssxli
422 4031 550 4083 Ssshssssser
565 4031 612 4112 (sl'.
632 4035 679 4084 IV·
693 4051 718 4099 p.
771 4041 821 4106 ligi
832 4057 912 4106 posse
926 4048 1024 4106 monet,
1041 4035 1071 4092 τὸ
1087 4039 1237 4109 διάστημα,
1249 4045 1322 4110 ηιιοᾶ

179 4099 230 4150 315
253 4100 479 4164 A¹¹¹¹¹¹²²dvt³f⁸⁸d=
510 4101 633 4152 Ρθΐῐῑῐῑθῒ
656 4119 719 4154 V⁰r0
771 4112 855 4161 menti
874 4112 1014 4176 scriptoris
1034 4114 1209 4164 observatum
1227 4114 1319 4166 fuerit.

178 4169 230 4218 hoc
249 4168 285 4218 ad
300 4171 413 4220 eandem
433 4171 488 4222 fere
500 4171 719 4234 superstitionem
770 4180 850 4231 conf,
868 4181 947 4231 modo
972 4182 1075 4233 Jacobs
1100 4183 1134 4233 gd
1157 4181 1264 4236 Aelim,
1284 4185 1319 4236 Ν,

177 4241 312 4300 veterum,
344 4256 399 4304 qua
434 4241 544 4292 deorum
574 4239 719 4292 simulacra
769 4249 935 4312 A,V11‚38,
954 4252 1049 4317 Neque
1066 4251 1195 4303 etiamad
1211 4253 1321 4304 schema

177 4306 351 4376 compedibus
380 4310 471 4364 vineta
506 4323 566 4363 esse
594 4308 717 4378 legimus,
769 4318 952 4386 Pindaricum,
972 4321 1044 4390 quod
1063 4322 1166 4388 dicunt,
1185 4323 1238 4374 erit
1257 4339 1321 4377 cou-
