3020 4930
476 343 541 404 An
564 345 885 425 Honorinum,
908 359 950 414 n.
1215 349 1276 414 853

146 518 220 592 quod
244 517 330 572 solum
352 519 416 572 dein
438 518 504 572 dicit
524 519 665 572 maximum
682 519 740 571 Nili
763 521 861 575 ostium
883 523 1009 593 tertium,
1038 543 1071 578 ex
1094 542 1150 596 qno
1173 527 1276 581 canalis

146 603 309 658 Mendesius
332 604 370 657 eit
394 605 539 658 deductus.
572 604 661 657 Cuius
684 607 802 659 Platorii
823 605 926 660 canalis
950 626 1009 663 cum
1032 609 1107 664 nulle
1130 611 1179 664 liet
1200 613 1275 684 epod

146 688 315 744 Herodotum
331 690 446 756 mentio,
466 690 580 743 eundem
592 689 681 742 luisse
699 689 751 742 viri
763 690 835 742 docti
854 691 1009 746 existiment
1020 699 1101 764 atque
1112 697 1273 766 Bucolicum,

146 791 224 846 quem
237 773 341 828 fossum
352 775 458 826 Noster
470 774 566 826 scribit
582 791 633 826 nec
645 775 745 826 naturi
757 781 854 827 ortum.
889 774 945 838 Qui
957 778 1027 830 enim
1037 779 1171 834 Herodoti
1182 787 1273 836 aetate

145 862 266 912 fortasse
278 858 349 911 haud
361 859 451 928 magni
469 865 528 912 erut
539 859 683 926 momenti,
700 859 792 928 potuit
803 859 848 912 ille
859 865 970 928 posteo,
986 868 1089 916 mutato
1101 865 1159 917 Nili
1177 883 1271 934 cursu,

145 944 281 1014 aquisque
301 943 353 995 alio
377 944 535 1010 conversis,
562 943 687 998 maiorem
704 961 853 1014 sanequam
874 945 998 1014 accipere
1018 963 1149 1016 aquarum
1170 952 1273 1021 copiam

144 1045 257 1098 eamque
274 1028 338 1081 inde
359 1028 502 1098 acquirere
525 1029 729 1094 anctoritatem,
756 1045 835 1098 quarn
860 1029 995 1100 hodieque
1014 1031 1142 1099 retinuit,
1164 1035 1211 1086 ubi
1231 1041 1274 1088 est

144 1114 315 1169 Domiotinue
331 1113 448 1180 fluvius,
471 1114 519 1183 qui
539 1133 625 1184 prope
642 1113 796 1168 Domiutom
815 1114 843 1166 in
862 1131 934 1167 mare
950 1117 1016 1168 exit.
1050 1115 1208 1170 Bucolicum
1225 1135 1274 1172 cur

144 1198 251 1252 vocarit
264 1199 423 1251 Herodotus
433 1201 527 1270 (quem
540 1217 612 1252 unus
627 1199 754 1268 eequitur
767 1199 896 1252 Eustetb.
908 1199 943 1252 ed
954 1201 1071 1268 Dionys.
1083 1200 1193 1269 Perieg.
1208 1205 1274 1270 226)

145 1303 196 1338 nec
206 1282 375 1350 Phatnicnm,
392 1289 423 1335 nt
435 1283 534 1353 reliqui
546 1290 683 1350 auctores,
695 1284 759 1336 inde
771 1285 948 1353 repetendum
959 1285 1070 1338 videtur
1078 1285 1273 1355 Weeaelingio,

144 1368 289 1440 quodcum
308 1369 386 1421 iuxta
396 1367 556 1423 Phatnicum
573 1369 672 1422 ostium
685 1375 780 1422 essent
794 1362 828 1422 eri
843 1364 1008 1440 Βουκολικᾶ,
1026 1369 1046 1421 i.
1059 1388 1083 1422 e.
1095 1368 1155 1421 loca
1171 1372 1275 1424 famosa

143 1453 279 1506 latronum
291 1452 433 1506 domiciliis
445 1471 476 1506 ec
488 1452 678 1526 receptaculis,
690 1470 761 1523 quae
773 1453 971 1523 descripserint
977 1454 1118 1507 Heliodor.
1128 1453 1273 1526 Aethiopp.

143 1539 173 1606 1,
193 1545 224 1606 5,
247 1538 294 1591 ubi
316 1540 390 1592 conl.
407 1537 513 1592 Corais
530 1545 550 1593 t.
563 1540 600 1592 11.
619 1546 688 1607 p.11
708 1539 1021 1606 etschitl.Tatius111,
1043 1543 1069 1598 9.
1093 1537 1141 1604 IV,
1155 1545 1203 1608 12,
1227 1540 1274 1592 ubi

144 1624 217 1676 conl.
229 1623 336 1676 Iacobs.
354 1628 506 1677 commentt.
525 1644 552 1696 p.
566 1629 627 1684 641.
660 1623 704 1676 Tu
720 1623 776 1676 vid.
788 1623 995 1676 Scblichtborst.
1016 1623 1033 1676 l.
1047 1622 1065 1675 l.
1078 1641 1106 1692 p.
1118 1628 1162 1684 39.
1192 1624 1272 1677 Men·

145 1713 217 1762 neri.
233 1707 252 1760 l.
265 1707 284 1760 l.
295 1727 323 1778 p.
336 1713 387 1768 545
400 1726 479 1778 seqq.
492 1714 545 1769 548
556 1708 616 1762 coll.
628 1707 745 1761 Rennel.
761 1726 788 1777 p.
801 1713 862 1768 618.
884 1708 1045 1761 Hartmann.
1058 1707 1272 1762 Erdbeachreib.

145 1811 172 1846 v.
185 1792 329 1864 Aegypton
346 1811 374 1862 p.
388 1798 423 1852 89
439 1799 467 1845 et
477 1792 578 1846 Ritter.
591 1793 607 1846 l.
621 1791 639 1844 l.
651 1811 678 1862 p.
686 1796 738 1852 817
749 1811 828 1862 seqq.
843 1798 897 1854 833
908 1811 967 1863 seq.
1001 1792 1099 1845 Gallus
1119 1793 1218 1847 doctus
1235 1795 1271 1846 du

144 1876 310 1946 Bois-lyme
327 1877 346 1930 l.
358 1877 376 1929 l.
397 1895 424 1946 p.
437 1882 489 1937 288
505 1880 656 1933 Bucolicum
674 1877 772 1929 ostium
784 1883 812 1930 et
827 1877 887 1947 ipse
900 1877 971 1930 heud
982 1877 1094 1930 differre
1113 1878 1152 1930 ait
1164 1895 1180 1930 a
1193 1881 1273 1934 Pnac-

143 1965 201 2018 eu'co
213 1980 237 2014 e.
251 1964 424 2028 Pirotmetic‘o,
445 1962 567 2033 illudque
579 1963 727 2016 convenire
739 1980 799 2015 curn
810 1963 895 2015 fluvio
907 1962 1070 2016 Domiutino.
1095 1962 1164 2015 Nam
1176 1964 1272 2017 Cham-

144 2047 244 2118 pollio,
276 2049 325 2117 qui
347 2048 561 2114 Sebennyticum
582 2047 718 2100 Herodoti
740 2047 839 2100 ostium
863 2065 913 2116 pro
934 2047 1101 2101 Phabnetico
1125 2049 1273 2119 eodemque

143 2132 297 2186 Damiatino
316 2133 411 2200 hebet,
439 2131 570 2188 Saiticum
595 2150 660 2184 vero
677 2131 812 2184 Herodoti
829 2132 928 2184 ostium
951 2149 1010 2186 cum
1027 2132 1173 2186 Strabonis
1201 2134 1272 2186 ostio

144 2217 330 2285 Sebennytico
352 2216 500 2270 convenire
519 2223 630 2284 censet,
653 2215 830 2270 difficultates
848 2216 934 2284 magis
950 2217 1062 2270 auxisse
1078 2235 1157 2288 quam
1177 2223 1272 2271 sustu·

146 2302 213 2354 lisse
234 2302 356 2372 videtur,
376 2307 407 2354 ut
424 2301 491 2355 edeo
511 2302 628 2368 erroris,
648 2301 727 2353 caius
746 2301 876 2354 historiae
886 2306 991 2370 patrem
1006 2301 1130 2368 incuset,
1151 2303 1212 2373 ipse
1227 2320 1272 2355 ac-

145 2386 285 2440 cusandus
303 2405 365 2440 esse
383 2386 519 2439 videatur.
551 2386 662 2455 Quippe
679 2386 798 2440 canalem
809 2386 942 2456 quendem
954 2385 1073 2456 Aegypti
1089 2387 1231 2440 inferioris
1245 2393 1273 2441 et

145 2473 206 2526 eius
225 2471 332 2541 quidem
354 2471 457 2540 partis,
479 2472 524 2524 ubi
541 2470 672 2524 Bucolica
688 2471 746 2523 sint
761 2471 848 2542 (unde
859 2471 981 2524 Bucolici
996 2470 1075 2524 fluvii
1088 2471 1215 2541 nomen),
1238 2473 1272 2525 eb

143 2556 289 2610 Herodoto
301 2556 443 2609 contendit
454 2574 504 2625 pro
517 2574 572 2610 uno
584 2557 618 2609 de
632 2561 736 2624 septem
748 2556 827 2608 ostiis
841 2574 903 2608 esse
915 2556 1045 2608 habitum.

226 2641 251 2694 Ε
263 2641 448 2708 Sebennytico
466 2641 537 2694 oetio
549 2641 603 2694 duc
616 2639 669 2694 alia
685 2628 817 2694 orientem
829 2657 928 2694 versus
941 2641 1058 2694 deducta
1074 2639 1172 2692 scribit
1182 2640 1272 2694 Hero-

142 2726 240 2793 dotus,
259 2726 391 2778 Saiticum
408 2729 436 2778 et
451 2725 630 2778 Mendesium.
669 2727 796 2780 Saiticum
815 2726 914 2779 ostium
931 2727 1003 2778 haud
1021 2725 1160 2778 diversum
1177 2743 1240 2778 esse
1257 2743 1273 2778 a

141 2810 287 2876 Tanitico‚
308 2817 420 2864 auctore
431 2810 566 2863 Strabone
580 2810 667 2862 XVII.
680 2829 707 2879 p.
720 2815 773 2870 802
789 2829 812 2863 s.
831 2829 858 2880 p.
875 2815 944 2870 1154
959 2810 1042 2878 vulgo
1059 2814 1175 2879 ponunt,
1193 2809 1271 2862 inde·

143 2913 198 2966 que
211 2895 344 2948 Herodoti
364 2895 393 2948 in
411 2894 470 2947 loco
487 2895 692 2948 rescribendum
709 2913 772 2960 csse
787 2901 903 2948 censent
916 2887 1077 2950 Τανιτικόν.
1107 2893 1176 2960 Sed,
1200 2911 1272 2963 quae

144 2979 246 3033 dudum
264 2979 442 3047 Weaselingii
462 2987 522 3032 erut
539 2979 696 3050 sententie,
718 2979 797 3033 libris
820 2980 932 3048 scriptis
956 2979 1081 3032 omnibns
1099 2979 1271 3032 adversanti-

143 3065 244 3119 busin
262 3065 420 3118 Herodoteo
444 3069 522 3118 textu
548 3064 614 3117 nibil
636 3065 801 3118 mutandum.
835 3065 956 3118 Gravius
978 3064 1050 3116 haud
1069 3062 1127 3114 scio
1146 3079 1180 3115 en
1203 3063 1271 3116 illud

142 3151 195 3217 sit,
218 3150 292 3221 quod
307 3149 361 3202 alia
372 3166 488 3219 prorsus
506 3150 533 3204 iu
546 3149 669 3218 regionis
679 3149 760 3202 Delta
774 3155 853 3218 parte
864 3149 928 3201 Sais
945 3149 1012 3202 nrbs
1029 3148 1084 3200 site
1099 3147 1169 3215 fuit,
1190 3153 1270 3202 trans

141 3235 356 3303 Sebennyticum
367 3234 466 3288 ostium
478 3234 643 3288 occidentem
656 3252 764 3288 versus.
781 3233 968 3302 Wesselingio
980 3234 1008 3286 in
1021 3237 1136 3286 mentem
1146 3239 1270 3302 venerut,

142 3320 266 3390 potuisse
278 3337 375 3373 nomen
393 3320 480 3389 repeti
491 3321 525 3372 ab
538 3321 639 3375 Suiticu
650 3321 837 3390 praefectura,
859 3336 938 3389 quem
950 3319 983 3371 ab
1003 3316 1143 3372 occidente
1159 3317 1272 3370 rudebat

142 3404 261 3471 fluvius3
280 3404 368 3457 rnalirn
384 3405 510 3474 equidem
524 3409 661 3472 statuere,
683 3406 773 3460 Tonin
790 3404 898 3472 urbem,
919 3405 991 3458 unde
1008 3403 1111 3456 fluvius
1127 3403 1271 3473 Taniticus,

143 3488 206 3542 olim
225 3490 292 3543 Scin
312 3505 421 3560 quoque
444 3490 606 3543 nominatum
623 3490 726 3557 luisse,
750 3488 869 3559 indeque
889 3488 1067 3559 repetendum
1083 3487 1181 3540 Saitici
1205 3488 1270 3540 ostii

142 3591 249 3628 nomen.
282 3574 352 3627 Nom
367 3573 493 3644 plerique
504 3574 562 3626 VV.
574 3575 635 3627 DD.
653 3583 749 3628 nostre
765 3578 854 3626 aetate
865 3576 992 3629 Saiticum
1008 3579 1036 3626 et
1053 3574 1203 3628 Taniticum
1219 3591 1270 3642 pro

142 3676 198 3712 uno
211 3658 358 3729 eodemque
371 3658 459 3712 canali
470 3659 631 3730 perhibent,
652 3660 699 3730 qui
713 3677 786 3712 nunc
805 3659 960 3712 exsiccatus
972 3677 1059 3729 paene
1071 3676 1126 3710 non
1139 3657 1193 3710 nisi
1205 3657 1269 3710 Nilo

140 3749 282 3797 crescente
300 3744 381 3814 aquis
400 3743 500 3814 repleri
515 3743 618 3812 soleat,
641 3745 745 3815 quique
757 3745 785 3796 in
803 3744 888 3797 lacum
900 3743 1044 3798 Menualeh
1060 3743 1173 3795 finiatur
1183 3759 1270 3811 prope

140 3829 339 3898 Ommiaredje;
362 3846 435 3881 nunc
453 3830 479 3883 ei
491 3848 586 3883 nomen
600 3848 662 3884 esse
678 3830 783 3882 addunt
794 3829 904 3897 Mueys.
935 3829 1049 3882 Praeter
1060 3825 1268 3880 Sclrlichtborst.

140 3914 158 3967 Ι.
177 3914 195 3966 l.
216 3932 243 3984 p.
260 3917 304 3971 41.
327 3913 444 3966 chnel.
463 3914 481 3967 l.
500 3915 518 3967 l.
541 3933 568 3984 p.
581 3919 642 3974 619.
667 3915 806 3968 Mannert.
825 3913 843 3966 l.
857 3913 875 3965 l.
897 3933 924 3983 p.
943 3918 995 3973 549
1013 3931 1072 3982 seq.
1093 3911 1193 3964 Ritter.
1212 3910 1230 3962 l.
1250 3911 1268 3964 l.

140 4017 167 4069 p.
179 4001 231 4060 827
243 4017 321 4070 seqq.
341 4005 371 4050 tu
383 3998 439 4052 vid.
451 3999 576 4069 inprimis
588 3999 624 4051 du
636 3999 802 4067 Rois-Aymd
814 4017 841 4068 p.
853 4003 915 4058 181.
938 3997 1099 4074 Andrdoasy
1110 3996 1207 4067 (Mem.
1220 4013 1270 4048 sur

139 4083 165 4138 le
178 4083 219 4138 lac
231 4083 389 4151 Menzaleh)
405 4084 433 4136 in
445 4085 583 4154 Descript.
598 4083 631 4137 de
643 4083 714 4152 ing.
729 4087 785 4136 etet
795 4084 916 4136 modern.
929 4083 951 4134 I.
964 4100 992 4151 p.
1002 4083 1052 4139 268
1063 4099 1133 4149 seq„
1147 4081 1185 4132 Le
1197 4079 1268 4132 Ptre

141 4167 237 4240 (Mem.
255 4185 305 4221 sur
319 4168 345 4222 le
357 4167 434 4221 canal
445 4169 472 4221 d.
485 4169 557 4222 deux
569 4170 655 4236 mers)
672 4168 738 4220 ibid.
756 4188 784 4238 p.
798 4171 863 4234 113,
885 4167 933 4237 qui
954 4165 1042 4218 omnia
1058 4164 1155 4216 scribit
1174 4183 1205 4216 eo
1218 4165 1268 4218 du-

140 4271 203 4306 cere
219 4252 337 4322 indicia,
362 4257 393 4305 ut
413 4253 496 4306 huius
516 4253 594 4306 fluvii
605 4252 710 4306 alveum
730 4259 882 4305 statuamus
900 4269 961 4304 esse
979 4250 1083 4302 elveum
1100 4248 1206 4318 antiqui
1218 4248 1269 4300 Pe-

140 4336 238 4391 lusiaci
263 4338 423 4410 (superiori
444 4357 484 4393 ec.
502 4343 580 4418 parte
598 4355 687 4408 usque
705 4338 738 4390 ad
757 4336 911 4405 Bubastia)
934 4341 962 4390 et
982 4334 1104 4388 Tanitici
1124 4332 1269 4406 (inferiori
