3032 4916
238 304 300 364 710
673 297 941 361 HERODO'I'I

247 476 374 564 λόφου,
390 471 443 544 ἐπ’
460 464 501 545 οὗ
517 476 627 544 ἑστᾶσι
643 479 680 544 αἱ
692 479 895 564 πυραμίδες,
914 479 983 541 τῶν
997 467 1064 541 dni
1078 477 1143 560 γῆν
1157 471 1358 561 οἰκημάτων,
1370 490 1420 546 164

239 578 581 667 recrastinandum
599 580 712 672 ἑωυτῷ
728 581 765 647 ἐν
779 576 887 670 νήσῳ,
909 575 1058 666 διώρυχα
1072 579 1132 646 sod
1149 584 1278 646 Νείλου
1294 579 1371 645 ἐσα-

238 682 361 772 μαμοᾶυ.
403 687 443 771 τῇ
471 683 508 751 bl
535 688 699 772 πυραμίδι
726 679 811 770 αὐτῇ
831 678 954 769 χρόνον
976 681 1137 768 γενέσθαι
1164 691 1268 751 εἴκοσι
1297 685 1372 749 ἔτεα

238 787 436 875 ποιευμένῃ·
465 791 522 874 τῆς
542 787 610 856 ἐστὶ
625 790 775 874 πανταχῆ
788 786 943 873 μέτωπον
959 786 1100 852 ἕκαστον
1119 779 1205 853 ὀκτώ
1227 785 1371 872 πλέθρα,

237 955 394 1016 finiendum,
414 957 471 1003 tum
483 952 518 1002 ad
536 967 658 1005 cameras
672 953 777 1004 subter·
827 952 945 1018 phagum
973 951 1129 1003 continebat
1152 952 1191 1002 ibi
1213 953 1371 1016 repositum,

236 1023 776 1087 raneasexstruendasopusfuerit.Nam,
827 1023 971 1088 ipsumque
988 1023 1067 1072 huius
1094 1023 1165 1086 regis
1183 1037 1280 1072 nomen
1298 1037 1372 1071 nuuc

237 1099 268 1143 nt
278 1097 351 1142 recte
362 1093 490 1142 observat
500 1091 728 1158 Schweighaeus„
742 1089 777 1141 τὰ
828 1093 965 1143 detectum
991 1092 1091 1154 fertur,
1119 1091 1278 1157 quibusdam
1303 1091 1372 1156 lapi-

237 1153 283 1212 ἐπὶ
303 1159 354 1211 τοῦ
378 1153 471 1226 λόφου
490 1154 629 1246 οἰκήματα
656 1167 719 1213 sunt
744 1177 776 1212 aa
828 1162 907 1213 dibus
920 1162 1048 1222 innisum
1062 1168 1168 1226 praeter
1179 1161 1230 1212 hoc
1240 1161 1373 1218 conclaue

237 1233 297 1297 ipsa
317 1246 412 1296 opera,
443 1246 513 1296 qnae
541 1223 598 1281 aad
619 1229 675 1297 γῆν
699 1237 776 1282 eraut
827 1233 992 1298 primarium,
1011 1238 1042 1282 nt
1063 1231 1184 1293 videtur,
1208 1230 1279 1281 aliae
1303 1247 1370 1298 quo·

237 1305 408 1363 constructa,
443 1317 558 1353 camerae
585 1303 776 1360 subterraneae,
828 1317 877 1368 que
897 1316 1020 1352 camerae
1037 1302 1152 1366 viaeque
1170 1299 1205 1350 ad
1222 1302 1303 1350 imum
1322 1301 1371 1352 du·

237 1385 306 1436 quae
321 1371 482 1436 regiesseut
501 1371 636 1436 sepulcro.
654 1361 778 1435 ὑπὸμῆν
828 1376 920 1422 centes
949 1376 1012 1421 suut
1040 1372 1183 1433 inventae,
1208 1385 1371 1436 quamquam

237 1441 330 1490 eodem
354 1439 433 1490 modo
452 1440 551 1490 Noster
570 1441 607 1501 11,
628 1442 675 1491 127
695 1441 776 1491 dixit:
827 1441 909 1492 hodie
926 1441 971 1490 vix
987 1439 1164 1506 permeabiles
1177 1455 1226 1490 nec
1243 1441 1301 1490 sine
1315 1457 1371 1490 ma-

236 1508 314 1574 plura
324 1508 415 1559 dehac
424 1509 561 1559 locutione
573 1510 775 1561 dabitNitnach.
829 1527 883 1576 gua
901 1510 1039 1560 molestiae
1058 1525 1127 1576 quae
1142 1511 1232 1560 omnia
1242 1510 1309 1588 satis
1324 1511 1369 1560 de-

236 1579 271 1628 ad
283 1578 382 1642 Odyas.
392 1579 440 1638 IX,
455 1577 515 1630 135.
550 1579 777 1644 Itaqnenniverai
828 1580 946 1643 claraut,
971 1595 1041 1645 quae
1062 1581 1163 1630 luerint
1186 1571 1219 1628 τὰ
1237 1569 1294 1627 ὑπο
1315 1577 1371 1644 γῆν

235 1647 289 1698 1οοὶ
312 1647 380 1697 haee
404 1646 513 1697 videtur
543 1663 604 1698 osse
627 1650 776 1699 sententia:
830 1644 985 1713 οἰκήματος
1004 1650 1076 1700 coni.
1090 1647 1242 1699 Prokescb:
1256 1649 1370 1700 Erinne-

142 1735 146 1742 ·
236 1705 319 1767 decem
336 1732 416 1768 annos
433 1717 722 1768 inaumtosiuissetum
742 1719 777 1768 ad
827 1733 931 1783 ruugan
947 1719 971 1770 1.
989 1735 1016 1784 p.
1038 1719 1071 1769 75
1094 1734 1162 1783 scq.‚
1187 1719 1274 1784 Vyse:
1299 1719 1370 1785 Ope-

235 1787 307 1836 vlam
326 1786 497 1848 struendam,
521 1793 578 1837 tum
603 1787 637 1837 ad
656 1803 777 1838 cameras
828 1789 932 1838 ratione
951 1793 1004 1839 etc.
1022 1787 1046 1839 I.
1065 1803 1128 1854 pag.
1152 1789 1197 1840 l3‘l
1223 1803 1298 1854 seqq.
1317 1791 1369 1841 236

236 1855 428 1906 subterraneas
456 1871 488 1906 co
510 1857 538 1906 in
561 1857 642 1919 colle,
667 1859 711 1908 cni
728 1874 776 1923 py-
828 1873 914 1923 seqq„
942 1859 988 1908 ubi
1017 1858 1108 1908 aditus
1134 1858 1169 1908 ad
1197 1857 1268 1907 banc
1290 1875 1370 1924 pyra-

236 1925 318 1974 ramia
338 1926 563 1991 superstruenda,
582 1927 776 1979 aedificandas.
828 1928 1281 1994 midamimaginerepraesantatnr‚
1298 1930 1371 1980 Βοα-

235 2021 270 2032 -
293 1985 338 2043 ἐπ’
359 1982 393 2044 οὗ
412 2011 472 2045 cum
490 1995 577 2046 (laiss.
593 1996 698 2061 reliqui,
717 2012 777 2062 pro-

235 2064 318 2114 bante
336 2064 435 2114 Stmye
445 2064 524 2129 Spec.
539 2070 643 2130 quaest.
663 2066 696 2115 de
710 2066 774 2116 dial.

234 2133 337 2183 Herod.
358 2134 380 2183 1.
402 2149 465 2198 pag.
485 2134 527 2196 33,
551 2135 675 2199 quamvis
701 2137 776 2200 quin·

235 2202 400 2267 qnecodioas
411 2203 559 2267 praebeant
572 2193 618 2266 ἐφ’
631 2191 675 2253 οὖ.
696 2205 777 2256 Conl.

235 2273 317 2321 stiam
334 2270 449 2322 Bredov.
469 2287 532 2354 pag.
552 2273 612 2323 205.

268 2331 318 2395 τὰς
336 2331 460 2388 ἐποιέετο
478 2339 573 2404 &panc
585 2333 690 2408 ἑωυτῷ]
701 2343 776 2394 Cave

235 2407 339 2458 scribas
356 2400 395 2456 τὰ
413 2425 462 2473 pro
480 2404 544 2471 τὰς,
570 2415 601 2458 nt
619 2411 724 2462 Panvio
747 2414 775 2462 in

233 2481 349 2526 mentem
366 2483 488 2528 venerat.
524 2477 568 2528 (ll.
580 2479 714 2530 Matthiae
727 2481 773 2532 Gr.

233 2545 279 2595 Gr.
299 2559 362 2611 pag.
386 2546 447 2596 822.
484 2543 575 2611 θῆκαι
599 2554 663 2598 aunt
688 2566 775 2601 oame-

233 2629 279 2663 rae
298 2614 343 2664 ad
356 2620 476 2666 mortuos
499 2616 667 2680 recipiendos
693 2619 776 2670 desti-

232 2687 328 2744 natas;
348 2683 404 2735 vid.
418 2685 456 2747 11,
468 2685 501 2736 bs
515 2685 606 2750 ibique
624 2691 694 2740 nott.
723 2691 775 2740 Est

231 2767 295 2802 vero
319 2753 386 2802 satis
409 2769 457 2818 per
480 2756 634 2806 universam
657 2757 774 2824 antiqui·

232 2826 316 2872 tatem
335 2821 473 2874 celebrata
493 2825 645 2888 sententia,
670 2833 773 2879 exstru-

231 2895 291 2941 ctas
310 2891 394 2942 luisse
417 2894 585 2959 pyramides,
609 2897 718 2961 regibus
741 2905 773 2949 ut

232 2965 322 3012 essent
345 2962 479 3026 sepulcro.
522 2964 576 3016 Ubi
600 2967 770 3030 potissimum

231 3030 264 3080 de
275 3031 309 3080 iia
321 3031 430 3096 regibus
440 3034 615 3099 cogitandum
628 3050 697 3100 esse,
707 3053 772 3102 qno-

231 3115 289 3149 rum
307 3099 385 3150 sedes
403 3103 522 3168 Memphi
545 3109 618 3164 crat,
644 3107 690 3155 vix
715 3123 771 3159 mo·

229 3183 294 3218 uere
316 3169 428 3228 attinet:
454 3189 516 3223 nam
539 3173 567 3222 in
589 3173 729 3226 Thebaide
746 3194 767 3232 s⁴

229 3237 353 3302 Aegypto
372 3242 505 3304 superiori
522 3258 585 3293 suaa
605 3259 712 3310 quoqne
731 3261 770 3296 re·

229 3307 308 3370 gibus
322 3307 407 3358 inisse
421 3315 529 3376 cryptae
542 3313 676 3363 novimus.
709 3315 771 3366 Alia

229 3375 262 3426 de
279 3377 463 3440 pyramidibus
473 3396 543 3446 qnae
558 3381 610 3432 hnc
624 3384 770 3448 pertinent,

228 3459 299 3494 nunc
317 3449 441 3511 transeo,
464 3450 492 3499 in
510 3451 633 3501 Excursu
651 3453 686 3502 ad
704 3454 731 3505 h.
750 3455 767 3506 l.

227 3513 376 3566 afferenda:
396 3517 428 3567 de
446 3519 497 3569 hae
513 3521 573 3584 ipsa
591 3521 707 3586 Cheopis
723 3540 770 3588 py-

227 3585 329 3634 ramide
356 3586 468 3652 eiusque
489 3589 544 3638 situ
562 3593 590 3638 ct
613 3590 767 3644 conditione

226 3653 299 3703 inira
317 3653 449 3706 dicemus:
468 3657 594 3707 hocloco
613 3665 767 3713 natantum

226 3723 411 3787 proferamus,
430 3741 499 3791 qnae
517 3727 552 3776 ad
564 3743 686 3781 cameras
705 3733 766 3782 snb·

226 3796 365 3871 terraneos
395 3794 474 3845 huius
500 3797 649 3862 pyramidis
678 3815 701 3850 a.
732 3794 766 3850 τὰ

226 3877 284 3910 οπο
296 3859 350 3926 γῆν
359 3857 508 3928 οἰκήματα,
528 3871 559 3916 ut
570 3868 670 3918 Noster
680 3867 765 3934 loqui-

225 3934 282 3992 tur,
312 3933 457 3996 pertinent.
499 3935 583 3986 Aditn
606 3939 692 4002 enirn,
720 3940 766 4004 qni

224 3998 277 4047 iam
295 4000 431 4054 Arabibus
447 4009 586 4070 patuerat,
609 4005 698 4058 denno
715 4025 764 4059 uo-

223 4071 282 4115 stra
297 4074 388 4120 aetate
409 4074 514 4124 recluso
539 4091 666 4126 accessus
688 4083 764 4142 patet

224 4134 258 4184 ad
277 4136 418 4190 interiores
434 4144 580 4208 pyramidis
605 4151 696 4211 partes
716 4164 763 4213 per

175 4233 180 4242 ·
223 4203 377 4266 cuniculos,
403 4211 440 4260 ad
463 4227 598 4264 cameram
621 4217 689 4265 satis
708 4233 763 4267 am-

222 4270 294 4336 plam
312 4273 453 4340 ducentes,
473 4282 516 4330 cui
531 4297 709 4336 unucuomen
721 4302 762 4336 ra-

221 4341 283 4408 giae
300 4342 431 4411 inditum,
456 4349 520 4414 quia
538 4351 654 4418 cnsopis
672 4371 762 4408 sarco·

828 2012 877 2046 san
896 1997 913 2047 l.
931 1997 950 2047 l.
966 1997 1003 2047 11.
1022 2014 1047 2062 p.
1068 1997 1125 2048 134.
1145 1997 1194 2047 154
1213 2012 1289 2061 seqq.
1308 2015 1368 2049 cum

828 2067 883 2116 tab.
895 2067 980 2129 XIII,
997 2066 1085 2117 Raoul
1096 2066 1239 2116 Rocbettc:
1257 2067 1370 2119 Ionrual

827 2135 853 2185 d.
887 2136 952 2186 Sav.
984 2136 1060 2187 1841.
1085 2151 1148 2201 pag.
1176 2135 1236 2198 231,
1270 2137 1368 2189 Clarlsa

828 2205 941 2256 Travels
957 2205 995 2268 ΙΙ,
1014 2207 1040 2255 2.
1064 2221 1126 2270 pag.
1142 2205 1200 2268 136,
1220 2206 1266 2256 nbi
1285 2207 1368 2258 etiam

814 2275 918 2340 imago
935 2274 1015 2325 huius
1038 2276 1166 2324 introitus
1189 2275 1296 2327 adiecta
1315 2285 1368 2329 est.

826 2343 921 2408 Neque
930 2345 1051 2396 canalem
1066 2345 1139 2395 circa
1152 2346 1301 2410 pyramidis
1314 2363 1370 2398 mo-

826 2413 878 2462 lem
893 2429 909 2462 a
925 2413 1033 2480 Oheope
1046 2414 1170 2476 ductum,
1190 2431 1268 2479 quem
1282 2415 1315 2466 ad
1330 2419 1369 2468 la·

826 2482 903 2534 bulas
920 2483 993 2534 haud
1016 2484 1097 2549 pauci
1114 2482 1250 2549 relegant,
1270 2487 1369 2550 impro-

817 2551 940 2602 'babilcm
957 2553 1044 2604 videri
1062 2569 1109 2618 pro
1124 2554 1184 2618 ipsa
1200 2553 1254 2605 loci
1269 2563 1369 2607 natura

825 2621 966 2672 admonuit
981 2624 1148 2688 Russegger:
1173 2623 1253 2674 Reiso
1272 2630 1323 2676 etc.
1343 2627 1366 2689 1,

826 2692 850 2742 l.
869 2707 932 2757 pag.
954 2693 1001 2744 147
1020 2699 1047 2743 et
1059 2692 1294 2760 BelzoniVoyage
1312 2700 1366 2745 etc.

823 2760 848 2811 1.
872 2777 935 2827 pag.
960 2763 1019 2814 447.
1054 2761 1124 2812 Add.
1147 2763 1259 2814 Russel:
1289 2764 1366 2814 View

824 2831 855 2881 ol
871 2833 979 2882 ancient
1002 2831 1056 2882 aud
1079 2831 1190 2882 medem
1215 2834 1316 2900 Egypt.
1337 2851 1365 2901 p.

824 2899 875 2951 115
895 2905 952 2952 not.
972 2917 1027 2953 sec.
1046 2899 1112 2952 edit.

856 2967 907 3035 τῆς
929 2962 985 3019 ἔστι
1015 2967 1145 3034 πανταχῆ
1175 2967 1306 3034 μέτωπον
1329 3002 1365 3012 -
1397 2975 1400 2982 “

822 3033 871 3088 καὶ
894 3032 970 3101 ὕψος
992 3037 1067 3104 ἴσον]
1086 3040 1206 3104 Reposui
1223 3041 1363 3093 meliorum

823 3107 901 3158 codd.
912 3125 944 3158 ex
957 3111 1123 3160 auctoritate
1138 3109 1278 3176 πανταχῆ,
1289 3113 1363 3178 qnod

821 3177 862 3226 ita
885 3179 1014 3243 scriptum
1033 3181 1147 3230 caeteris
1163 3195 1270 3245 quoque
1293 3181 1362 3232 locis

820 3247 985 3298 Herodoteia
997 3249 1134 3300 invenitur
1145 3255 1172 3299 et
1181 3249 1307 3300 similium
1316 3267 1365 3302 vo-

821 3331 881 3366 cum
899 3317 1034 3382 scriptura
1052 3319 1195 3383 probatur,
1213 3325 1285 3370 teste
1298 3321 1363 3371 Bre-

821 3385 882 3436 dov.
902 3401 927 3451 p.
949 3387 991 3438 lll.
1030 3388 1201 3438 Gaislordius
1219 3405 1279 3439 cum
1299 3391 1362 3442 aliia

820 3455 932 3506 dederat
941 3455 1071 3522 πανταιιῆ
1090 3457 1162 3508 falsa
1176 3459 1289 3509 Ionismi
1302 3475 1363 3525 spe-

818 3525 860 3574 cie
870 3525 1008 3590 deceptus.
1027 3525 1109 3577 Valet
1120 3532 1210 3577 antem
1220 3527 1360 3594 πανταχῆ,

818 3599 944 3645 monente
959 3596 991 3645 R.
1002 3597 1115 3648 Jacobs.
1134 3598 1176 3647 De
1193 3613 1293 3648 mensa.
1306 3599 1361 3650 Hs-

818 3663 895 3715 rodd.
913 3681 939 3730 p.
954 3665 995 3726 11,
1015 3666 1085 3715 idem
1099 3665 1155 3716 iere
1169 3667 1241 3732 quod
1255 3659 1358 3733 πάντη,

815 3734 834 3784 i.
856 3749 879 3784 e.
899 3750 999 3799 quaqua
1016 3751 1104 3786 nerana
1118 3749 1140 3786 s.
1158 3753 1259 3802 quaqua
1272 3748 1358 3800 parre,

816 3807 847 3852 ut
865 3803 903 3864 11,
925 3804 983 3856 lue.
1003 3805 1025 3868 Ι,
1046 3805 1105 3856 181.
1142 3805 1193 3856 Est
1208 3806 1292 3872 igitur
1305 3809 1361 3858 Ha-

816 3873 906 3922 rodoti
933 3873 1000 3924 haec
1027 3874 1177 3925 sententia:
1208 3877 1357 3942 pyramidas,

815 3957 880 4006 quus
897 3943 1024 4007 quadrata
1045 3949 1093 4008 sit,
1115 3944 1223 4006 frontem
1246 3963 1359 4011 quoquu-

814 4027 902 4060 uersus
924 4025 979 4061 esre
1006 4021 1062 4062 octo
1089 4013 1254 4076 pleniorum,
1284 4015 1357 4066 latus

815 4080 940 4145 qnodque
964 4095 1025 4132 essa
1049 4087 1111 4132 octo
1134 4081 1299 4146 pletbrorum
1322 4085 1354 4148 (i.

814 4164 838 4199 e.
859 4149 1075 4214 octingentorum
1098 4151 1205 4216 pedum,
1225 4153 1297 4203 coni.
1317 4154 1355 4217 11,

815 4217 879 4282 149)
897 4219 924 4268 in
941 4219 1111 4270 latitudinem
1124 4237 1209 4286 aeque
1225 4225 1307 4288 atque
1326 4224 1354 4272 in

813 4287 994 4340 altitudinem.
1030 4289 1083 4340 Sed
1108 4291 1136 4339 iu
1159 4291 1202 4340 his
1221 4293 1354 4343 mansuris

817 4373 867 4408 nec
891 4363 995 4410 veteres
1021 4359 1167 4426 scriptores
1191 4376 1241 4414 nec
1263 4377 1354 4415 receu-
