3086 4952
219 279 281 343 236
650 279 919 344 HERODOTI

219 455 330 538 λάου)
364 458 420 526 καὶ
446 454 524 538 τούς
553 452 750 546 Ἀσσυρίους
775 451 988 543 ὑποχειρίους
1019 453 1237 543 ἐποιήσαντο,
1268 449 1357 543 πλὴν

219 566 277 650 τῆς
294 567 514 650 Βαβυλωνίης
538 569 665 651 μοίρης.
700 557 782 650 μετά
800 559 837 628 dl
858 563 961 628 ταῦτα
975 557 1154 648 Κυαξάρης
1173 557 1235 647 μὲν
1258 564 1354 645 βασι-

221 664 341 744 λεύσας
357 665 604 754 τεσσαράκοντα
620 671 711 750 ἔτεα,
731 662 796 734 σάν
811 678 896 732 τοῖσι
913 662 1049 734 Σκύθαι
1065 654 1185 754 ἦρξαν,
1203 667 1353 754 τελευτᾷ.

154 767 211 830 107
293 765 481 838 Ἐκδέκεται
504 769 542 838 δὲ
567 765 765 857 Ἀστυάγης,
799 762 817 836 ὁ
842 766 1026 858 Κυαξάρεω
1051 782 1145 852 παίς,
1171 761 1234 856 τὴν
1257 773 1354 853 βασι-

220 879 329 962 ληίην.
358 879 417 942 καί
434 877 469 942 οἱ
488 874 619 960 ἐγένετο
634 873 805 962 Ιθυγάτηρ,
826 876 866 960 τῇ
883 867 1012 960 οὕνομα
1033 875 1130 941 ἔθετο
1151 867 1354 958 Μανδάνην,

220 975 282 1068 τὴν
305 975 419 1046 ἐδόκεε
440 973 622 1065 Ἀστυάγης
648 979 685 1047 ἐν
703 982 748 1071 τῷ
774 972 871 1068 ὕπνῳ
897 971 1037 1064 οὐρῆσαι
1061 979 1239 1059 τοσοῦτον,
1270 969 1354 1043 ὥστε

221 1145 302 1196 credo
324 1143 468 1208 postmodo
491 1160 540 1196 suo
562 1144 623 1197 loco
647 1146 765 1197 inserere
816 1143 933 1206 videtur,
951 1144 1105 1196 narratione
1130 1140 1268 1206 differunt,
1287 1157 1357 1208 quac

220 1214 264 1264 vel
280 1213 381 1264 oblitus
393 1213 436 1264 vel
452 1215 596 1280 impeditus
610 1217 673 1268 luit:
692 1215 765 1281 quod
815 1215 844 1263 in
880 1213 986 1264 Nicolai
1018 1213 1183 1264 Damasceui
1213 1213 1356 1277 ExcerptIs

221 1285 292 1334 idem
310 1285 411 1334 Nostro
434 1286 568 1336 accidisse
590 1292 681 1352 putem
699 1286 763 1348 VII,

220 1353 281 1418 213,
300 1354 347 1406 ubi
366 1353 537 1419 deEphialte
553 1372 583 1407 se
595 1361 691 1422 postea
703 1371 764 1406 nar-

221 1430 342 1476 raturum
364 1440 425 1475 csse
442 1425 597 1490 pollicetur,
621 1441 692 1491 quse
710 1425 764 1476 lra-

221 1501 279 1545 stra
303 1509 376 1544 nunc
393 1501 568 1559 quaeruntur.
604 1497 697 1562 Neque
715 1494 764 1546 ali-

221 1571 263 1616 ter
285 1565 416 1614 statuisse
438 1565 533 1628 rideo,
559 1566 605 1631 qui
628 1566 695 1616 hacc
716 1581 764 1617 nu-

815 1283 884 1350 (vid.
910 1285 945 1334 ad
971 1284 999 1347 1,
1025 1283 1069 1349 tlt)
1099 1301 1113 1334 c
1140 1283 1232 1334 Ctesia
1260 1284 1356 1347 opinor

815 1353 960 1404 traduntur
970 1370 997 1419 p.
1009 1353 1111 1406 caasa.
1121 1353 1242 1404 Mueller.
1269 1353 1301 1403 lu
1312 1352 1354 1403 his

816 1424 945 1489 Astyagis
961 1423 1018 1474 filis
1036 1424 1134 1475 dicitur
1156 1423 1237 1474 valde
1256 1423 1354 1472 nobilis

816 1509 849 1544 ac
866 1493 994 1558 formosa,
1013 1511 1093 1560 quam
1115 1494 1254 1558 Spitamae
1275 1492 1354 1542 Medo

816 1563 979 1629 despondet,
999 1565 1063 1616 dote
1080 1563 1173 1616 addita
1190 1563 1280 1614 Media
1297 1563 1356 1613 uni-

221 1633 763 1702 pertractavitSchoelliuSchneidewin.
810 1649 903 1685 versa.
935 1636 1039 1686 Nomen
1060 1635 1144 1698 tiliae,
1169 1649 1249 1700 quam
1270 1633 1355 1698 ipsius

222 1704 356 1771 Philolog.
375 1705 424 1755 1x.
444 1721 498 1772 pag
515 1707 663 1758 207-211.
687 1706 763 1757 Haec

221 1781 299 1840 sunt,
333 1790 403 1841 quae
433 1775 466 1826 dc
492 1777 603 1842 Assyria
630 1776 773 1826 Herodoti¹

221 1847 338 1897 historia
360 1845 425 1896 milri
448 1845 566 1912 placent.
603 1847 716 1898 Cautius
734 1849 762 1896 in

221 1916 264 1968 his
285 1916 384 1968 statuit
402 1916 582 1980 Dablmanu.,
601 1932 679 1983 quem
691 1917 762 1979 ride,

222 1987 251 2036 in
284 1986 416 2038 Herodot.
447 2003 510 2052 pag.
530 1986 582 2038 220
605 2003 661 2052 seq.
706 1988 764 2038 Iae-

223 2071 279 2122 ger.
308 2057 429 2121 Disputt.
454 2057 599 2108 Herodott.
624 2057 762 2124 (Gotting.

225 2125 302 2188 1828)
327 2142 390 2190 pag.
412 2126 443 2176 15
467 2127 495 2176 in
523 2127 635 2176 candem
658 2133 764 2178 sentcn-

222 2195 289 2246 tiam
311 2194 452 2259 disputaus
476 2195 546 2245 hanc
569 2195 764 2260 digressionem

221 2264 373 2315 narrationi
382 2264 551 2314 inserendam
561 2265 655 2331 utique
663 2267 691 2315 in
701 2268 766 2316 scri-

222 2335 308 2400 ptoris
320 2334 459 2399 proposito
471 2334 556 2384 fuisse
566 2339 659 2386 censet
671 2339 698 2386 et
708 2337 765 2400 qui-

223 2403 283 2454 dem
301 2403 397 2454 ultima
419 2403 481 2452 libri
504 2404 578 2453 tertii
597 2409 690 2469 parte,
718 2405 765 2456 ubi

223 2473 391 2539 Babyloniae
409 2489 456 2538 per
472 2474 606 2539 Zopyrum
627 2489 768 2540 recupera·

224 2543 263 2594 tio
278 2544 407 2608 optimam
418 2542 572 2608 praebuerit
583 2545 767 2596 occasionem.

232 2672 236 2680 Ι
260 2604 413 2676 Κυαξάρης
431 2605 483 2675 μὲν
495 2643 530 2654 -
547 2610 673 2680 τελευτᾷ]
688 2615 767 2678 Quod

224 2682 353 2733 Larcheri
372 2699 386 2733 e
404 2681 556 2732 rationibus
575 2683 676 2734 accidit
695 2700 766 2736 anno

224 2751 274 2804 594
291 2769 316 2804 a.
330 2751 392 2804 Chr.
405 2767 448 2812 n.;
465 2753 614 2804 secundum
622 2754 767 2806 Volneinm

225 2824 275 2874 595
288 2839 312 2874 a.
322 2822 384 2874 Chr.
393 2838 419 2874 n.
440 2821 519 2874 Conl.
534 2839 617 2888 supra
634 2826 669 2876 ad
681 2827 704 2888 1,
717 2826 767 2877 102

225 2897 295 2944 uolt.
314 2895 356 2944 Ex
374 2891 494 2944 Clintoni
512 2893 619 2944 ratione
629 2895 767 2959 cyaxares

225 2963 351 3030 regnavit
369 2979 432 3014 ann.
457 2962 630 3022 cel-suos
649 2965 768 3030 Hupleld

225 3034 316 3099 posuit
347 3033 510 3094 633-593,
542 3034 584 3084 Dc
615 3035 715 3100 Saulcy
742 3040 769 3086 et

225 3103 365 3168 Gnmpach
387 3101 535 3155 ceu-505
558 3107 622 3153 ante
640 3104 702 3156 Chr.
723 3122 750 3156 n.

409 3274 476 3326 Car.
497 3275 583 3326 cvn.

261 3374 297 3444 τῇ
329 3367 440 3443 οὔνομα
473 3373 556 3430 ἔθετο
593 3371 768 3445 Μανδάνην]

227 3447 306 3513 Apud
325 3447 470 3500 Genesium
488 3448 527 3515 (p.
546 3451 576 3500 51
598 3449 641 3501 ed.
655 3450 723 3500 Ven.
742 3466 770 3514 p.

229 3519 280 3570 108
303 3518 345 3570 cd.
373 3517 552 3585 Lachmann.)
578 3524 693 3571 vocatur
713 3511 771 3568 Ἀν-

227 3580 311 3653 δάνη,
324 3589 434 3656 eius'que
452 3591 586 3642 somnium
604 3589 692 3641 simlia
710 3605 771 3641 uar-

227 3664 313 3709 ratur.
339 3658 502 3713 Tertullian.
526 3661 560 3712 de
586 3661 679 3711 anima
707 3675 768 3725 cap.

228 3729 263 3778 cc
280 3729 375 3780 scribit
393 3730 473 3782 boec:
498 3730 662 3797 „Astyagem
678 3731 771 3782 bledo-

226 3799 772 3934 5:22¹*:litttrstt⁰‘¹.tl.ttlitt:

227 3935 364 3988 lurionem
381 3937 463 3989 Asiae
480 3940 590 3991 fluxisse
609 3941 714 3992 somnio
732 3941 772 3990 vi-

228 4005 308 4068 derit,
325 4007 480 4058 Herodotus
502 4009 600 4070 relert;
618 4011 682 4061 item
700 4027 772 4062 suno

228 4079 292 4141 post
315 4077 424 4142 nuptias
448 4079 506 4128 eius
531 4095 565 4130 ex
588 4080 684 4131 iisdem
703 4079 772 4132 locis

227 4145 313 4195 vitem
330 4149 451 4198 exortam
462 4148 514 4198 toti
525 4149 607 4200 Asiae
616 4151 772 4204 iucubasso.

229 4216 289 4266 Ηοο
320 4216 402 4266 etiam
434 4217 542 4268 Charon
570 4219 772 4285 Lampsacenus

228 4284 368 4336 Herodoto
395 4285 470 4352 prior
499 4287 614 4339 tradit.“
650 4291 705 4341 Ab·
720 4289 773 4342 hac

228 4353 385 4408 Herodotus
407 4371 431 4410 s.
461 4355 567 4410 Graeca
595 4359 719 4424 omnino,
741 4365 774 4414 ut

815 1704 924 1756 Ctesias
943 1707 1080 1771 Excerpts
1098 1705 1208 1755 Persica
1225 1703 1250 1766 ξ.
1265 1707 1282 1754 ²
1298 1719 1355 1769 seq.

814 1775 954 1840 appellant
983 1777 1097 1842 Amytin,
1128 1775 1162 1826 ab
1196 1775 1255 1840 ipso
1285 1773 1356 1839 Cyro

815 1845 929 1911 posthac
958 1847 986 1896 in
1013 1845 1214 1896 matrimonium
1237 1845 1356 1908 ductam,

814 1917 955 1968 reticetur.
979 1916 1065 1982 Cyrus
1083 1932 1161 1978 vero,
1183 1916 1229 1981 qui
1250 1915 1304 1965 iam
1322 1915 1357 1966 sd

815 2001 941 2052 magnam
957 1987 985 2036 in
1003 1987 1078 2052 regia
1093 1985 1157 2037 aula
1168 1986 1358 2036 auctoritatem

816 2061 976 2121 pervenerat
984 2056 1357 2122 pincernaequedignitatem‚

816 2126 977 2176 Artembara
994 2131 1114 2188 mortuo,
1136 2131 1293 2190 acceperat,
1312 2142 1359 2191 pa·

816 2200 906 2245 rentes
918 2211 1059 2260 pauperes,
1077 2196 1236 2246 Atrsdatem
1253 2201 1358 2260 petrum

817 2269 845 2315 et
862 2265 997 2330 argesten
1014 2271 1134 2326 matrem,
1145 2269 1202 2315 turn
1213 2264 1248 2314 ad
1266 2281 1295 2316 sa
1312 2281 1360 2316 vo-

817 2349 894 2385 casse
912 2334 1023 2394 dicitur3
1052 2340 1134 2400 atque
1158 2338 1245 2384 mater
1267 2335 1292 2384 ei
1315 2351 1360 2384 ex-

818 2404 908 2469 posuit
927 2405 1067 2466 somnium‚
1088 2404 1161 2470 quod
1179 2403 1294 2468 gravida
1306 2403 1359 2454 sibi

818 2473 919 2524 vidisse
930 2474 990 2524 visa
1002 2474 1038 2523 sit
1055 2475 1082 2524 in
1100 2472 1199 2538 templo
1214 2472 1358 2536 dormiens,

818 2559 870 2609 quo
889 2548 1009 2609 tempore
1023 2545 1083 2609 ipsa
1096 2558 1192 2608 capras
1205 2541 1277 2607 apud
1288 2543 1361 2593 Mar·

818 2613 867 2664 dos
891 2617 1029 2678 pasceret,
1053 2615 1094 2666 his
1120 2613 1223 2664 verbis:
1254 2604 1361 2674 „Idola

817 2674 879 2748 γάρ,
889 2678 963 2762 1ἔφη,
983 2674 1104 2766 οὐρῆσαι
1121 2679 1260 2734 τοσοῦτον
1274 2673 1361 2733 κάου-

818 2766 861 2814 σα,
879 2769 900 2802 οε
920 2751 1005 2816 Κῦρε,
1026 2766 1065 2818 σε,
1081 2743 1151 2804 ὥστε
1170 2751 1299 2816 ποταμοῦ
1314 2769 1361 2819 με-

818 2815 904 2888 γάλου
923 2815 1039 2888 deducus
1063 2812 1165 2889 ὅμοιον
1182 2817 1316 2887 γενέσθαι
1330 2815 1361 2874 τὸ

818 2889 933 2956 πλῆθος
950 2891 1002 2942 τοῦ
1020 2884 1110 2956 οὔρου
1128 2888 1176 2942 καί
1189 2887 1361 2945 καταπλάσαι

818 2959 913 3012 πᾶσαν
931 2954 983 3028 τὴν
998 2954 1104 3014 Ἀσίαν·
1123 2957 1228 3028 ρὐηναι
1243 2957 1275 3014 δὲ
1290 2955 1361 3015 αὐτὸ

818 3023 882 3096 ἄχρι
911 3024 1085 3098 θαλάττης.“
1117 3034 1196 3096 Quod
1227 3036 1360 3086 somnium

818 3103 865 3154 ubi
884 3103 989 3153 audivit
1006 3109 1094 3169 pater,
1104 3103 1302 3156 Chaldaeorum
1315 3106 1362 3157 uni

820 3189 853 3223 ex
873 3173 1014 3238 Babylone
1038 3175 1164 3239 proponit
1185 3175 1363 3241 interpretan-

821 3243 897 3303 dum3
921 3243 998 3310 isque
1019 3243 1157 3310 respondit
1181 3245 1281 3296 bonum
1303 3262 1363 3312 por-

820 3312 897 3364 tendi
924 3329 1050 3379 magnum
1079 3316 1303 3380 atque,primam
1334 3317 1362 3366 in

821 3383 888 3434 Asia
911 3383 1085 3450 dignitatem:
1106 3400 1199 3436 verum
1221 3385 1363 3437 celandum

821 3469 895 3516 esse,
922 3470 957 3504 ue
988 3455 1053 3520 quid
1084 3455 1219 3521 Astyages
1247 3455 1362 3508 audiret.

823 3524 899 3584 Quae
911 3523 1037 3590 deinceps
1056 3531 1152 3576 secuta
1165 3531 1237 3590 sunt,
1250 3527 1289 3576 ita
1303 3542 1363 3576 nar-

822 3598 931 3656 rantur,
960 3599 990 3646 ut
1017 3595 1051 3646 ab
1078 3595 1130 3646 boc
1155 3595 1218 3647 indo
1244 3601 1364 3662 tempora

821 3663 908 3728 Cyrus
927 3664 962 3715 ad
975 3665 1059 3715 multo
1076 3667 1205 3716 maiorem
1215 3668 1363 3732 potentiam

822 3739 933 3784 evectus
962 3751 979 3784 a
1007 3735 1094 3785 Medis
1123 3736 1238 3788 deficere
1262 3737 1365 3800 copita-

822 3803 858 3852 rit
875 3803 956 3868 idque
974 3806 1056 3854 etiam
1073 3805 1201 3857 hortante
1220 3807 1300 3858 simul
1317 3809 1364 3859 illo

821 3873 973 3937 Babylonio
994 3879 1137 3926 exsecutus
1162 3878 1208 3926 sit.
1234 3879 1366 3930 Herodoti

821 3944 1004 3997 narrationem
1033 3945 1117 3996 lerme
1142 3949 1265 4012 sequitur
1286 3948 1367 4000 lusti-

824 4027 874 4062 nus
891 4014 914 4076 1,
939 4015 955 4064 4
980 4029 1057 4080 seqq.
1088 4015 1166 4078 Quae
1186 4019 1259 4083 apud
1276 4019 1365 4070 Aelia-

823 4097 887 4132 num
910 4083 944 4134 N.
969 4084 1003 4135 A.
1027 4085 1095 4148 XII,
1117 4087 1148 4138 21
1178 4086 1305 4154 legrmtur
1332 4089 1366 4141 de

824 4151 973 4216 Saccbora,
993 4155 1206 4221 Babyloniorum
1228 4174 1303 4224 rege,
1322 4161 1366 4212 cui

824 4221 911 4272 simile
937 4224 1002 4288 quid
1019 4226 1122 4277 accidit
1139 4232 1222 4292 atque
1239 4228 1364 4296 Asmagi,

824 4307 857 4342 es
879 4293 914 4344 ad
935 4295 1071 4346 Herodoti
1092 4298 1277 4350 narrationem
1298 4315 1366 4354 saue

824 4362 941 4416 conlicta
958 4364 1096 4419 ridentur.
