3096 4930
565 301 739 364 0L10.1.
764 309 822 366 197.
847 311 906 366 1118.

1243 297 1305 360 397

169 503 265 566 τερος
279 475 317 545 dl
330 483 433 565 σοφίῃ
447 471 505 546 dds
520 473 618 558 ἄλλος
631 499 692 564 σφι
706 475 806 565 νόμος
819 473 1029 564 κατεστήκεε.
1059 472 1138 555 τούς
1157 472 1304 564 κάμνον-

170 607 229 660 τας
251 575 284 660 ἐς
299 575 362 667 τὴν
377 574 503 670 ἀγορὴν
517 577 731 670 ἐκφορέουσι·
761 577 884 669 οὐγὰρ
906 576 948 668 dr}
969 583 1130 670 χρέωνται
1152 585 1305 668 ἰητροῖσι.

173 683 367 774 προσιόντες
394 674 443 752 ὧν
463 682 545 774 πρὸς
570 683 629 756 τὸν
653 683 822 773 ιιύμνοντα
849 682 1119 772 συμβουλεύουσι
1148 685 1224 773 περὶ
1249 689 1307 773 τῆς

172 786 310 872 νούσου,
325 796 418 868 εἴτις
430 789 487 856 καὶ
501 785 601 868 αὐτός
615 794 747 858 τοιοῦτο
762 793 886 872 ἔπαθε,
907 781 1020 858 όκολον
1035 794 1101 875 ἔχει
1121 782 1306 877 όίιύμνων,

172 885 193 979 ἢ
212 889 315 961 ἄλλον
329 889 398 960 εἶδε
414 891 578 962 παθόντα.
613 897 719 962 ταῦτα
735 889 927 978 προσιόντες
947 890 1231 980 συμβουλεύουσι,
1252 891 1308 960 καὶ

173 997 404 1082 παραινέουσι,
426 992 511 1064 ἅσσα
533 992 633 1077 αύτός
658 993 798 1084 ποιήσας
821 989 963 1080 ἐξέφυγε
983 989 1102 1081 ὁμοίην
1124 1001 1265 1080 νοῦσον,
1288 988 1309 1082 ι]

173 1094 276 1168 όιλλον
292 1095 362 1166 εἶδε
378 1099 579 1187 ἐκφυγόντα.
614 1104 691 1189 σιμῇ
714 1097 752 1167 δὲ
767 1099 991 1186 παρεξελθεῖν
1011 1094 1070 1165 τόν
1084 1099 1254 1188 κάμνοντα
1269 1095 1310 1166 ού

173 1211 234 1289 σφι
249 1205 365 1285 ἔξεστι,
380 1204 461 1292 πρὶν
475 1198 518 1273 ἂν
532 1207 721 1294 ἐπείρηται,
742 1198 861 1291 ἥντινα
881 1206 1007 1271 νοῦσον
1026 1206 1105 1287 ἔχει.
1140 1203 1250 1290 Ταφαὶ
1271 1203 1310 1270 δέ
1323 1210 1378 1271 198

172 1325 233 1394 σφι
251 1307 288 1376 ἐν
301 1306 420 1393 μέλιτι,
438 1311 561 1397 θρῆνοι
577 1308 614 1377 δὲ
629 1304 854 1396 παραπλήσιοι
869 1319 955 1398 τοῖσι
972 1306 1010 1372 ἐν
1025 1304 1198 1398 Αἰγύπτῳ.
1229 1300 1308 1372 ὁσά-

337 1507 404 1560 (lar.
423 1509 557 1560 cxcvn.

208 1603 276 1670 τούς
294 1603 456 1678 κάμνοντας
481 1603 510 1672 ἐς
533 1605 586 1680 τὴν
609 1602 717 1679 ύγορὴν

174 1671 355 1748 ἐκφορέουσι]
383 1684 486 1734 Eadem
515 1683 613 1735 Strabo
642 1683 717 1736 XVI.

174 1768 238 1818 pag.
263 1753 331 1804 1682
355 1769 378 1803 s.
403 1769 467 1820 pag.
491 1755 543 1806 746
566 1754 629 1806 Cas.
654 1753 716 1805 coll.

174 1822 313 1874 Plutarch.
332 1823 430 1875 Moral.
444 1825 488 1890 Ι11.
509 1841 572 1891 pag.
595 1823 662 1876 1128
683 1825 717 1875 Ε.

174 1894 216 1943 Ex
235 1893 309 1943 bisce
327 1899 418 1943 autem
442 1895 521 1946 rudia
544 1896 611 1945 artis
635 1894 719 1944 medi-

175 1977 224 2014 cae
253 1963 401 2028 primordia
429 1964 501 2014 haud
527 1965 608 2030 pauci
634 1963 720 2030 repeti

99 2069 108 2084 .
174 2048 256 2100 posse
280 2034 452 2098 existimant,
476 2049 543 2100 quos
568 2036 654 2085 citant
676 2033 721 2086 al-

175 2103 324 2154 meloveen.
343 2104 378 2154 ad
397 2105 525 2156 Strabon.
544 2103 562 2154 l.
583 2104 601 2156 l.
620 2110 648 2155 et
666 2107 720 2156 Da·

176 2175 226 2223 vis.
247 2173 282 2223 ad
300 2175 410 2225 Maxim.
431 2176 498 2240 Tyr.
516 2175 592 2225 Diss.
612 2175 718 2240 X11.p.

177 2243 237 2294 540.
249 2271 283 2280 -
293 2244 357 2293 Mox
370 2240 516 2309 χρέωνται,
534 2245 606 2310 quod
626 2259 718 2295 omncs

177 2312 255 2363 codd.
286 2313 427 2378 exhibent,
454 2315 563 2365 retinui.
593 2317 719 2367 Recentt.

177 2382 240 2433 edd.
259 2380 400 2448 χρέονται.

212 2441 313 2501 όιιοίον
339 2445 394 2518 ἔχει
422 2442 437 2502 ό
460 2445 588 2520 κάμνων]
613 2455 658 2505 Ιλο
680 2469 721 2506 re·

177 2522 334 2588 scripsimus
347 2539 407 2573 cum
424 2523 575 2590 Schweigh.
588 2530 616 2575 et
631 2524 718 2576 Gaisi.

177 2607 225 2656 pro
238 2583 338 2641 ὁκοῖον
357 2581 400 2641 ἂν
415 2588 486 2658 ἔχοι
498 2585 513 2642 ὁ
527 2586 651 2658 κάμνων.
669 2595 720 2644 Iis·

178 2663 237 2712 dem
255 2663 413 2712 auctoribus
431 2663 513 2713 etiam
538 2665 611 2714 inira
626 2665 654 2714 in
671 2663 717 2714 tin.

178 2733 277 2798 capitis
302 2733 400 2797 scripsi
424 2725 479 2798 ἔχει
503 2750 552 2798 pro
576 2728 634 2800 ἔχῃ,
658 2749 719 2799 pro·

177 2803 260 2852 bante
278 2802 402 2852 Werioro
421 2803 532 2854 inActt.
547 2803 651 2870 philoll.
664 2805 723 2854 Μο-

176 2887 254 2922 naec.
275 2872 297 2936 1,
318 2874 344 2922 2.
363 2887 425 2938 pag.
445 2873 505 2922 256.

212 2938 260 2990 καλ
275 2938 462 3004 παραινέουσι
481 2931 721 3001 ἅσσααύτόςποι-

179 3002 250 3075 risus
273 3028 298 3061 ιι.
326 3027 349 3062 τ.
376 3011 413 3079 λ.]
437 3013 479 3062 De
502 3001 575 3062 όῖσσα
598 3013 671 3063 cont'.
698 3011 720 3074 1,

181 3080 240 3132 138.
283 3081 317 3131 In
340 3081 450 3146 reliquis
472 3081 563 3132 verbis
589 3082 720 3132 transitus

179 3157 222 3201 est
241 3167 256 3201 e
273 3151 372 3216 plurali
389 3148 598 3270 §ucooetvs'ovotp
616 3153 644 3202 in
668 3151 722 3200 sin-

179 3219 301 3286 gularam
323 3213 420 3285 (αύτος
437 3211 559 3285 ποιήσας
592 3217 719 3285 ξέφνγε),

179 3288 275 3341 similis
293 3291 349 3342 iere
368 3307 401 3342 ac
419 3305 502 3355 snpra
518 3289 541 3355 1,
563 3289 611 3342 195
630 3291 690 3341 init.

332 3428 399 3480 Car.
418 3428 567 3481 CXCVIII.

217 3528 315 3597 Ταφαλ
327 3529 359 3582 δέ
377 3546 428 3596 σφι
441 3524 470 3581 ἐν
483 3531 582 3599 μέλιτι]
596 3533 658 3583 Iure
670 3532 720 3583 hoo

179 3604 215 3653 ad
225 3602 436 3653 condiendorum
448 3602 610 3652 cadaverum
621 3615 721 3653 morem

180 3687 234 3723 nou
261 3673 403 3738 Aegyptiis
434 3672 514 3735 solis,
542 3687 635 3722 verum
661 3671 722 3742 aliis

181 3757 288 3808 quoque
311 3749 432 3793 veterum
461 3741 568 3807 populis
590 3743 722 3792 usitatum

181 3812 264 3862 refert
281 3813 373 3878 Zo'ega
389 3812 423 3862 de
442 3811 568 3862 obelisco.
586 3827 650 3877 pag.
661 3811 722 3874 268,

181 3881 312 3932 adiiciens
337 3881 370 3931 de
392 3881 552 3946 Babyloniis
579 3881 721 3932 Strabonis

179 3951 364 4001 testimonium
373 3949 391 4000 l.
405 3951 434 4013 1.,
451 3952 498 4001 ubi
512 3952 578 4002 haec
592 3951 721 4017 legimus:

180 4011 325 4069 θάπτουσι
346 4010 376 4068 ἐν
388 4018 476 4083 μέλιτι
493 4012 570 4088 λήρῳ
587 4012 723 4084 περιπλύ-

182 4101 289 4147 σοιντες.
326 4091 367 4138 De
391 4090 480 4155 Mag-is
503 4106 536 4140 ac
561 4090 653 4141 Persis
679 4105 722 4140 sn·

181 4173 230 4223 pra
255 4157 373 4208 vidimus
397 4160 433 4210 ad
455 4160 477 4222 Ι,
504 4161 562 4222 140,
587 4160 633 4225 qui
660 4173 723 4209 cera

181 4226 295 4278 oblitum
313 4227 431 4278 cadaver
453 4229 582 4280 condunt.
618 4228 724 4279 Similia

181 4297 314 4362 quaedam
337 4297 414 4348 addit
435 4299 541 4364 Zodga,
571 4298 600 4348 iu
624 4297 722 4362 quibus

180 4365 366 4418 testimouium
396 4366 563 4418 Beniaminis
589 4363 722 4417 Tudeleu·

768 1507 820 1566 sis,
840 1507 886 1572 qui
904 1508 932 1557 in
944 1506 1055 1572 regione
1067 1506 1202 1557 Haoulam
1221 1521 1238 1556 a
1249 1506 1313 1556 Por-

769 1577 828 1626 sids
851 1577 886 1628 ad
910 1581 997 1626 ortum
1019 1577 1128 1627 saeculo
1153 1575 1312 1627 duodecimo

768 1652 832 1712 post
854 1647 918 1697 Chr.
942 1663 969 1697 n.
994 1648 1089 1697 scribit
1113 1653 1235 1698 mortuos
1258 1661 1312 1697 non

770 1717 892 1782 sepeliri,
918 1717 965 1768 sed
984 1719 1115 1769 aromatis
1134 1718 1239 1768 condiri
1258 1717 1312 1766 sin·

770 1786 942 1853 donibusque
960 1787 1063 1852 obtegi.
1099 1789 1136 1838 Et
1159 1787 1231 1854 quod
1251 1785 1312 1836 Ale-

770 1857 868 1906 xandri
892 1857 1051 1906 Macedonis
1077 1865 1188 1922 corpus,¹
1203 1857 1238 1906 ab
1260 1857 1313 1906 Aa·

771 1927 874 1990 gyptiis
895 1926 1094 1992 chaldaeisque
1115 1941 1161 1977 suo
1183 1942 1250 1977 more
1268 1940 1313 1975 cu-

771 2002 859 2046 ratum
883 2002 977 2047 narrat
1005 1995 1115 2046 Ourtins
1136 1995 1180 2060 (x,
1208 1996 1260 2061 10),
1285 1994 1313 2044 id

771 2066 818 2116 alii
852 2065 931 2116 melle
961 2072 1099 2116 servatum
1127 2066 1313 2131 prodiderunt.

771 2137 889 2186 Causam
908 2137 990 2186 moris
1012 2137 1039 2186 in
1063 2151 1094 2186 eo
1118 2138 1235 2201 positam
1258 2151 1314 2186 cre-

770 2206 872 2268 dimus,
898 2208 971 2270 quod
994 2221 1079 2271 aeque
1096 2221 1130 2256 ac
1153 2208 1255 2258 Persae
1275 2201 1314 2270 iq-

769 2292 831 2326 nem
860 2277 1024 2327 cadaverum
1050 2278 1160 2327 ustione
1183 2277 1315 2328 contami·

769 2346 830 2395 nari
848 2346 1002 2397 noluerunt.
1040 2347 1131 2410 Quare
1150 2347 1253 2398 loculos
1272 2362 1313 2396 os-

770 2417 846 2466 sibus
871 2416 1003 2482 repletos,
1033 2431 1065 2466 eo
1090 2416 1152 2468 loco
1176 2419 1313 2480 inventos,

770 2485 816 2536 nbi
839 2487 916 2552 regia
937 2486 1151 2552 Babyloniorum
1174 2503 1223 2538 arx
1249 2487 1314 2536 fuis-

769 2571 800 2606 se
831 2562 970 2620 censetur,
1008 2557 1043 2606 ad
1072 2557 1240 2623 Babylonios
1269 2571 1314 2606 ve-

769 2629 841 2676 teres
865 2627 948 2676 refert
977 2627 1135 2678 Muenterus
1164 2627 1183 2679 l.
1205 2628 1224 2677 1.
1248 2641 1311 2692 pag.

770 2697 813 2746 77.
856 2697 887 2746 16
916 2711 998 2745 unum
1027 2697 1225 2748 dubitationem
1259 2713 1314 2746 mc·

771 2781 851 2828 vere,
893 2767 965 2830 quod
994 2765 1022 2814 in
1053 2767 1237 2830 superioribus
1268 2781 1314 2815 ae-

772 2836 844 2888 dium
872 2836 1123 2900 contignationibus
1146 2836 1230 2886 loculi
1258 2837 1315 2886 ine-

771 2907 827 2956 rint
846 2905 956 2969 reperti.
994 2904 1049 2954 Sed
1067 2904 1133 2966 (nisi
1156 2907 1264 2954 omnino
1285 2905 1313 2954 hi

771 2973 853 3026 loculi
871 2974 906 3024 od
930 2973 1058 3024 seriorem
1081 2975 1217 3038 pertinent
1240 2978 1315 3024 aeta·

770 3044 840 3108 tem)
865 3047 974 3108 poterat
997 3043 1092 3108 utiquc
1120 3044 1201 3093 moris
1225 3044 1313 3109 Baby·

771 3113 853 3164 lonici
880 3127 954 3175 esse,
986 3115 1017 3162 nt
1050 3127 1130 3178 quam
1159 3113 1313 3164 diutissime

771 3187 937 3236 mortuorum
955 3181 1090 3233 cadavera
1112 3200 1203 3236 secum
1222 3185 1251 3234 in
1269 3200 1313 3236 ae·

772 3253 851 3303 dibus
869 3253 985 3303 retinere
1004 3253 1173 3318 studuerint,
1196 3255 1313 3321 indeque

772 3325 854 3372 etiam
867 3339 931 3373 cora
948 3329 997 3374 aut
1014 3324 1101 3387 melle,
1119 3341 1172 3390 quo
1190 3325 1239 3375 illa
1250 3339 1313 3376 con-

772 3398 914 3444 servarent
928 3391 1040 3456 diutius,
1057 3393 1220 3445 condierint.
1250 3395 1313 3444 Alia

771 3478 840 3512 vasa
868 3463 964 3514 iisdem
993 3464 1076 3513 ferme
1103 3465 1131 3512 in
1154 3464 1312 3528 regionibns

772 3533 882 3583 detecta
908 3539 935 3582 et
962 3533 1087 3583 humanis
1110 3533 1217 3582 ossibus
1240 3531 1312 3582 haud

772 3603 922 3653 combustis
950 3603 1053 3668 repleta
1076 3601 1111 3651 sd
1141 3603 1240 3653 Persas
1270 3617 1313 3651 re-

772 3672 843 3722 ferre
859 3671 963 3724 mavult
979 3673 1138 3722 Muentcrus
1149 3671 1168 3722 l.
1182 3671 1200 3722 l.
1233 3670 1313 3722 Conf.

772 3742 795 3804 1,
821 3742 871 3794 140
894 3741 959 3806 ibiq.
985 3747 1043 3792 not.
1071 3741 1206 3806 Equidem
1230 3755 1313 3791 unum

772 3809 846 3861 istud
865 3811 944 3873 addo,
963 3815 1068 3864 veteres
1078 3810 1157 3862 melle
1167 3811 1313 3872 cadavera,

773 3895 843 3946 qnae
863 3881 965 3930 servuri
987 3880 1135 3944 voluerint,
1160 3881 1313 3942 condiisse;

773 3949 846 4015 quod
863 3949 989 4016 ,Agesilai
1009 3949 1157 4014 exemplum
1178 3965 1313 4003 common-

774 4023 853 4070 strat.
885 4021 970 4082 Quem
981 4025 1115 4070 mortuum
1128 4035 1190 4071 cera
1201 4022 1314 4071 circum-

773 4089 912 4150 fuderunt,
922 4089 1014 4153 „quod
1024 4088 1076 4138 mel
1085 4105 1139 4140 non
1148 4089 1314 4153 habebant,“

773 4163 804 4207 ut
822 4158 917 4208 scribit
934 4158 1074 4209 Cornelius
1091 4159 1183 4224 Nepos
1200 4161 1227 4210 in
1245 4161 1314 4226 Age-

773 4227 816 4277 sil.
840 4228 865 4278 8.
890 4227 914 4289 fi.
940 4229 965 4291 7,
990 4228 1037 4278 ubi
1062 4229 1116 4278 vid.
1146 4230 1210 4280 Bos.
1252 4227 1315 4280 Alia

774 4296 851 4346 dabit
874 4296 999 4348 Creuuer.
1025 4298 1053 4347 in
1072 4297 1235 4350 Commentt.
1259 4299 1314 4348 lle-

772 4363 850 4416 rodd.
869 4379 932 4432 pag.
953 4363 1014 4418 362.
