3096 4930
243 319 303 382 304

668 317 937 380 ΗΕΒΟΒΟΤΙ
995 350 998 356 ·

243 495 325 570 κατὰ
340 491 551 583 γνώμηντὴν
566 487 744 581 ἡμετέρην,
759 497 806 584 τῷ
820 493 876 561 καὶ
886 489 1057 582 Ἱλλυριῶν
1071 490 1222 574 Ἐνετοὺς
1237 492 1371 563 πυνθά-

243 629 341 690 νομαι
357 604 511 689 χρᾶσθαι.
546 595 637 665 πατὰ
655 596 767 686 κώμας
780 597 918 677 ἑκάστας
936 593 1022 680 ἅπαξ
1039 602 1101 666 τοῦ
1127 605 1216 678 ἔτεος
1234 597 1374 668 ἑκάστου

243 707 391 776 ἐποιέετο
414 701 503 771 τάδε.
552 697 596 781 ὡς
617 695 661 771 ἂν
682 706 719 770 ac
741 704 905 790 παρθένοι
930 710 1078 789 γινοίατο
1105 703 1223 791 γέμων
1244 696 1374 790 ὡραίαν,

242 809 364 888 ταύτας
390 803 477 886 ὅκως
502 804 725 892 συναγάγοιεν
756 805 879 888 πάσας,
921 809 954 886 ές
981 811 1019 876 έν
1044 813 1169 895 χωρίον
1194 805 1375 893 ἐσάγεσκον

243 910 356 992 ἁλέας·
395 912 489 998 πέριξ
520 909 556 978 δέ
587 907 690 990 αὐτὰς
714 914 828 978 ἵστατο
847 906 961 998 ὅμιλος
987 907 1134 998 ἀνδρῶν.
1172 908 1309 992 ἀνιστὰς
1338 908 1374 978 di

244 1014 329 1089 acroi
343 1021 424 1104 μίαν
439 1012 582 1101 ἑκάστην
595 1017 700 1102 κῆρυξ
715 1017 893 1100 πωλέεσκε,
910 1019 1025 1102 πρώτα
1035 1013 1098 1103 μέν
1112 1007 1174 1104 τὴν
1184 1011 1373 1084 εὐειδεστά-

242 1187 359 1252 ligiones
383 1199 494 1249 prorsus
518 1185 699 1248 spectantem
728 1185 783 1232 cte·

243 1258 297 1308 nim
313 1269 383 1320 quae
406 1253 434 1304 h.
453 1252 472 1303 1.
499 1253 656 1316 traduntur,
678 1251 714 1302 od
739 1267 782 1302 res

243 1325 407 1377 domesticas
425 1323 541 1374 tuendas
552 1328 580 1374 et
593 1321 731 1388 augendas
745 1323 784 1374 in·

243 1398 343 1448 stituto
360 1395 446 1444 videri
469 1393 541 1456 ruit,
567 1410 598 1443 eo
622 1392 734 1442 consilio
753 1397 784 1442 ut

243 1463 317 1518 nulia
335 1466 414 1529 virgo
432 1465 547 1528 innupto
565 1467 685 1513 maneret
702 1463 785 1527 atque

243 1539 379 1588 formosae
401 1533 521 1598 virgines
546 1533 638 1598 egcms
668 1537 717 1582 aut
739 1533 786 1582 rni-

243 1623 294 1658 nus
311 1605 434 1656 venustis
457 1603 547 1654 dotem
569 1602 686 1667 indeque
702 1603 784 1652 etiam

242 1677 354 1742 nuptias
374 1679 561 1739 pararent.-
525 1673 605 1722 -In
617 1673 707 1722 verbis
725 1689 785 1738 pro·

243 1749 314 1798 xime
323 1743 546 1796 antecedentibus
557 1741 733 1794 eFiorentino
744 1759 784 1792 re·

244 1833 322 1884 posui
313 1811 500 1875 ’,κατιστέιισι
515 1830 595 1880 quam
606 1811 719 1863 eandem
731 1814 785 1863 for-

244 1903 314 1978 'om
334 1885 382 1936 aiii
403 1899 511 1950 quoque
531 1884 585 1934 loci
607 1881 643 1948 (1,
666 1885 726 1934 200.
745 1883 783 1965 ΙΙ,

244 1957 349 2008 7..84
370 1955 418 2016 1v,
442 1951 489 2018 03)
514 1953 655 2016 exhibent,
677 1955 705 2003 in
725 1954 784 2020 qui-

243 1975 294 2080 bus
312 1992 473 2076 Βιοᾶοέίιιιιι
493 2023 516 2074 si
534 2025 727 2089 sequimurp.
719 2021 781 2086 303,

243 2095 439 2162 reponendum·
454 2091 610 2144 κατεστᾶσι.
630 2093 784 2144 Olimmaie

243 2167 385 2228 vulgatum
418 2169 478 2214 crat
512 2161 704 2221 acrentinam,
736 2163 783 2214 sed

243 2238 362 2288 activum
377 2237 403 2282 in
421 2234 462 2282 his
481 2231 704 2294 obriumI‚13'.'.
729 2233 782 2284 107.

244 2303 304 2356 100.
311 2306 406 2353 *Pro
417 2291 481 2356 dor.
495 2302 566 2368 quod
582 2272 644 2354 Elia
659 2301 784 2368 (iahrbb.

245 2377 271 2426 d.
294 2373 392 2424 Philoi.
416 2390 442 2422 u.
467 2371 587 2434 Puaeda.
615 2373 708 2438 Suppi.
735 2373 783 2423 lx.

245 2463 270 2510 p.
291 2445 351 2504 lli)
372 2443 452 2492 scribi
476 2415 643 2506 veientes,
669 2443 696 2492 id
721 2443 785 2492 mibi

244 2515 317 2565 haud
335 2512 517 2564 προσεντεῖναι
534 2481 649 2564 νΙιΙοΙιιέ.
687 2513 765 2564 Sed
757 2530 785 2562 m

245 2599 320 2649 seqq.
344 2581 468 2648 χρᾶσθαι
493 2581 621 2648 rescripsi
642 2599 701 2632 cum
720 2585 785 2633 Bre-

245 2655 308 2705 dov.
327 2670 353 2718 p.
378 2653 429 2704 380
453 2655 481 2702 et
510 2657 624 2703 recenti.
651 2653 713 2705 edd.
736 2669 784 2718 pro

245 2723 319 2789 vulg.
337 2719 472 2804 χρῆσθαι.

278 2792 317 2860 τῷ
335 2788 382 2842 καὶ
401 2783 546 2852 Ἰλλυριῶν
559 2783 690 2848 Ενετούς
714 2807 784 2840 τινν-

244 2846 374 2927 θάνομαι
404 2859 539 2928 χρᾶσθαι]
569 2863 619 2912 Cui
651 2862 785 2913 Herodoti

244 2934 345 2985 iudicio
369 2933 402 2982 de
424 2933 536 2998 Illyrica
563 2933 709 2982 Enctorum
734 2932 785 2980 ori-

245 3007 307 3071 giue
325 3020 356 3054 eo
376 3005 462 3068 aragia
480 3003 673 3066 insistendum,
696 3001 785 3051 iudice

245 3073 394 3126 Niebuhrio
413 3073 440 3122 iu
458 3075 530 3124 liist.
548 3073 663 3121 Roman.
682 3071 704 3122 Ι.
721 3087 783 3135 pare

246 3147 296 3197 172
316 3144 359 3196 ed.
377 3159 431 3194 see.
451 3141 484 3206 (Ι.
504 3160 531 3208 p.
554 3141 601 3191 100
621 3141 662 3192 ed.
687 3139 784 3206 prior),

245 3231 298 3280 qno
315 3213 452 3276 Illyricum
471 3227 560 3275 rogem
574 3212 628 3262 iilis
638 3213 786 3278 imperasse

246 3283 340 3334 scribit
365 3283 474 3332 Servius
498 3283 533 3332 ud
551 3281 647 3346 virgil.
670 3283 737 3332 Aen.
762 3282 785 3341 Ι,

245 3355 306 3403 212.
344 3351 433 3415 Atque
443 3367 490 3416 per
503 3367 599 3402 omnen
612 3353 667 3402 iere
681 3357 786 3401 austra-

244 3421 297 3473 lem
322 3421 421 3471 Italiae
444 3437 518 3472 orem
542 3421 710 3486 Illyricorum
741 3437 788 3470 no-

245 3493 349 3544 tionum
367 3491 486 3557 vestigia
503 3492 682 3556 reperiuntur.
711 3493 787 3552 Quae

245 3567 336 3614 temen
356 3563 465 3612 uberius
488 3561 612 3626 persequi
636 3561 715 3612 buius
733 3561 786 3612 loci

245 3639 360 3684 nonest.
384 3631 446 3682 Vid.
455 3631 617 3682 Groteiend:
630 3630 786 3682 Zuriiunde

245 3703 367 3753 Itaiiens.
385 3703 432 3752 IV.
456 3717 483 3765 p.
504 3701 529 3752 0.
550 3705 575 3752 7.
612 3703 708 3751 Zeuss:
732 3701 784 3750 Dio

245 3771 401 3823 Deutschen
416 3787 444 3821 u.
464 3771 521 3820 ihre
538 3771 701 3822 Naehbarst.
720 3786 783 3834 pag.

246 3841 297 3893 250
323 3857 380 3904 seq.
429 3839 507 3890 Geni.
536 3841 608 3890 inira
629 3841 662 3900 V,
688 3839 714 3901 0,
738 3839 785 3888 ubi

245 3912 310 3960 item
334 3909 468 3958 Enetorrun
500 3911 613 3971 mentio,
641 3909 676 3960 ad
707 3925 785 3973 quem

245 3979 334 4030 locum
352 3978 430 4042 pluro
453 3979 587 4030 dabimus.
624 3981 704 4040 „Hoc
725 3979 785 4028 loco

245 4062 328 4098 unum
352 4061 530 4097 memoramus
555 4047 786 4113 archiepiscopum

246 4115 467 4166 Mohiieviensem
492 4116 538 4176 (ad
569 4118 786 4183 Borysthenem),

247 4185 414 4236 stanislaum
436 4185 658 4238 Siestreneerrica
682 4187 714 4236 de
735 4188 787 4237 Bo-

245 4253 327 4316 husz‚
345 4255 509 4306 Venetorum
522 4255 639 4320 origines
653 4257 787 4320 explican-

247 4329 300 4374 tem
326 4324 353 4374 in
379 4323 462 4374 libro:
491 4325 657 4376 liecherchcs
679 4326 788 4376 histori-

247 4409 312 4460 ques
338 4409 384 4445 sur
408 4393 532 4457 l'erigine
563 4393 610 4444 des
638 4395 785 4458 Sarmates,

833 1183 880 1232 des
899 1183 1049 1234 Esclarons
1073 1189 1100 1234 at
1123 1183 1170 1234 des
1194 1183 1302 1244 slaves,
1326 1183 1375 1232 Po-

833 1253 932 1317 tropoi.
947 1254 1021 1304 1812.
1051 1254 1104 1316 Qui
1115 1270 1162 1318 per
1174 1251 1291 1318 Scythas
1303 1267 1374 1302 anno

835 1324 903 1376 14:15
922 1339 948 1374 a.
967 1323 1030 1375 Chr.
1050 1340 1077 1376 n.
1097 1341 1129 1374 ex
1146 1324 1214 1374 Asia
1237 1323 1375 1387 superiore

836 1393 952 1457 (Media,
971 1393 1095 1460 Assyria)
1113 1395 1142 1443 in
1162 1391 1374 1458 Paphlagoniam

836 1463 951 1526 indeque
967 1464 994 1514 in
1010 1464 1078 1514 alias
1092 1471 1177 1516 terras
1195 1462 1299 1512 delatos
1316 1478 1375 1512 cen-

837 1537 879 1582 set
895 1531 999 1592 Simos,
1024 1549 1091 1599 quos
1109 1535 1185 1600 ipsos
1203 1533 1285 1598 prisci
1303 1533 1377 1584 dixe-

835 1604 891 1654 rint
910 1603 1030 1664 Henetus,
1052 1610 1149 1668 postea
1168 1605 1255 1653 Arolos.
1292 1603 1376 1652 Hene-

835 1683 915 1724 torum
936 1689 958 1723 s.
983 1674 1118 1724 Enetorunr
1142 1689 1239 1724 nomen
1265 1673 1375 1722 dacium

836 1757 895 1793 esso
907 1744 941 1792 ab
959 1736 1090 1808 αίνητὸς,
1110 1747 1204 1808 rienes,
1223 1743 1376 1801 illustrium

836 1827 921 1878 eoque
954 1829 1064 1877 prorsus
1095 1829 1245 1878 congruere
1273 1813 1377 1864 nomini

832 1883 942 1945 Slannp,
966 1883 1036 1947 quod
1061 1889 1088 1936 et
1110 1885 1198 1950 ipsuum
1222 1884 1258 1934 sit
1280 1885 1375 1947 riorus,

833 1951 966 2033 ilinftria.“
986 1954 1028 2003 Cr.

869 2015 906 2080 ὡς
933 2011 969 2071 ἂν
996 2017 1028 2072 αι’
1055 2018 1197 2086 παρθένοι
1222 2020 1374 2088 γινοίατο]

818 2090 924 2144 Libris
943 2093 1051 2158 scriptis
1071 2092 1163 2142 inritis
1187 2091 1249 2142 oiim
1268 2091 1376 2158 legeba-

835 2169 880 2214 tur
897 2162 1047 2226 γενοιατο,
1073 2162 1146 2228 quod
1171 2165 1263 2212 tuetur
1280 2179 1376 2214 censor

835 2233 1021 2298 inilp.bemm
1045 2235 1122 2284 Ienn.
1146 2231 1223 2284 1817.
1252 2249 1292 2282 ιιι.
1315 2233 1374 2284 101.

835 2319 924 2368 paq..
918 2303 1031 2355 373-
1049 2302 1180 2352 Valcken.
1207 2319 1255 2367 pro
1279 2292 1318 2359 ὡς
1339 2291 1376 2352 riv

836 2362 977 2424 maluit
956 2389 997 2423 ων
1020 2361 1070 2435 (Ινς
1103 2373 1257 2422 Weriero
1249 2389 1277 2421 m
1301 2374 1375 2422 Acti.

836 2441 912 2508 phili.
932 2444 1055 2496 Μοιιιιοο.
1074 2443 1097 2495 1.
1113 2459 1154 2527 p.
1157 2441 1190 2494 84
1206 2441 1374 2492 scribendum

836 2512 957 2563 ridetur·
983 2503 1021 2570 ὡς
1045 2528 1100 2576 αν,
1124 2510 1160 2562 αι
1183 2507 1325 2590 παρθένοι
1348 2527 1373 2561 ιι

837 2600 859 2632 τ.
879 2582 913 2639 λ.
933 2588 962 2632 ut
974 2573 1010 2632 ιΙν
1022 2551 1157 2648 pertiheat
1169 2581 1203 2632 ad
1215 2572 1375 2646 έσάγεοιιοι,

837 2653 978 2718 repetitam
1004 2653 1140 2718 quandam
1173 2654 1306 2704 actionem
1333 2652 1378 2704 de-

837 2723 952 2774 clarans.
990 2723 1044 2774 Sed
1058 2723 1125 2772 nihil
1138 2721 1303 2786 mutandum,
1320 2723 1376 2773 vid.

837 2793 1009 2844 Baeumlein:
1049 2793 1213 2844 Untersuch.
1249 2795 1316 2843 iiber
1350 2795 1377 2844 d.

837 2863 943 2914 Griscb.
964 2863 1039 2913 Medi
1057 2879 1084 2930 p.
1102 2861 1234 2916 3200011.
1258 2865 1291 2914 G.
1310 2863 1379 2914 Her-

836 2949 930 2982 mann:
951 2933 1068 2997 Opuscc.
1089 2932 1136 2984 IV.
1156 2949 1183 2998 p.
1201 2935 1243 2984 20.
1264 2939 1291 2984 et
1308 2937 1377 2983 nott.

835 3003 870 3052 ad
889 3003 911 3066 Ι,
931 3003 973 3052 75.
1010 3003 1052 3054 Ad
1066 3008 1250 3068 argumentum
1262 3003 1315 3054 ioci
1325 3003 1379 3054 'an-

836 3073 915 3123 notat
924 3073 1021 3122 Iacohs
1039 3074 1058 3124 1.
1070 3073 1088 3123 l.
1101 3091 1128 3138 p.
1146 3073 1189 3136 30,
1209 3073 1297 3124 adhuc
1307 3074 1379 3140 apud

836 3145 939 3194 Russos
965 3143 1053 3192 simile
1078 3145 1143 3207 quid
1166 3144 1293 3207 reperiri,
1318 3159 1378 3194 curn

836 3213 956 3277 virgines
974 3213 1080 3262 nubiles
1100 3213 1126 3262 in
1144 3211 1280 3276 publicum
1301 3230 1317 3263 a
1335 3229 1380 3264 eo·

837 3281 928 3347 piratis
944 3281 987 3332 vel
1002 3283 1096 3332 amicis
1111 3283 1291 3344 adducantur,
1309 3299 1380 3350 quae

837 3351 927 3418 procis
946 3353 1005 3403 sire
1028 3367 1137 3402 uxorem
1161 3353 1320 3418 expetituris
1344 3369 1378 3403 ac

838 3423 871 3473 dc
895 3421 958 3472 dote
979 3421 1094 3488 aliisque
1122 3423 1201 3474 rebus
1228 3424 1380 3488 quaerenti-

836 3494 887 3544 bus
906 3493 1096 3580 respondeant.

871 3555 941 3612 κατὰ
953 3563 1022 3624 μίαν
1038 3553 1171 3627 έκαστην]
1181 3559 1250 3625 μίαν
1262 3579 1322 3612 cum
1340 3578 1379 3611 re-

838 3635 922 3684 centt.
933 3632 993 3682 edd.
1003 3631 1270 3712 ιοοορΙριομιήι.-
1237 3633 1318 3681 De
1329 3647 1378 3682 usu

836 3703 1047 3785 praepositionis
1066 3717 1137 3750 κατα
1156 3707 1183 3751 et
1200 3703 1251 3780 hoq
1272 3701 1333 3752 loco
1352 3705 1380 3750 et

836 3774 863 3823 in
882 3773 1105 3822 antecedentibus
1116 3763 1199 3836 (κατὰ
1209 3763 1304 3834 adrine
1317 3761 1377 3820 έκιέ-

838 3843 914 3902 στας)
937 3841 1031 3892 confer
1055 3841 1188 3894 Herodot.
1213 3842 1251 3904 ΙΙ,
1272 3841 1314 3889 70.
1334 3840 1376 3890 03.

836 3911 886 3971 VI,
906 3909 948 3959 70.
969 3909 1046 3972 VIII,
1063 3909 1113 3961 113
1129 3915 1156 3959 et
1177 3925 1246 3974 quae
1264 3909 1318 3960 aiio
1336 3925 1379 3959 ex-

838 3981 957 4031 citantur
984 3981 1057 4041 apud
1083 3980 1181 4030 Matth.
1207 3980 1254 4030 Gr.
1280 3979 1326 4030 Gr.
1352 3983 1376 4040 §-

839 4049 886 4099 osl
914 4048 960 4100 fin.
997 4051 1029 4098 Iu
1050 4065 1126 4114 seqq.
1152 4048 1379 4113 praepositionem

838 4110 867 4166 έτ
886 4133 946 4167 eum
971 4119 997 4166 vi
1021 4119 1138 4182 quadam
1162 4117 1283 4168 additam
1306 4119 1380 4181 geni-

838 4187 895 4237 tivo
914 4183 1027 4237 πασέων
1041 4203 1074 4238 ex
1090 4189 1117 4238 h.
1131 4189 1150 4238 1.
1166 4187 1244 4238 affert
1257 4187 1377 4238 Fischer.

839 4257 873 4306 ad
892 4255 1001 4306 Weiier.
1021 4257 1068 4308 Gr.
1088 4257 1134 4309 Gr.
1154 4257 1206 4318 111,
1227 4273 1252 4307 a.
1272 4273 1298 4320 p.
1319 4257 1380 4308 352.

837 4327 901 4376 Mox
924 4341 984 4376 cum
1008 4331 1123 4376 recenti
1143 4325 1289 4377 edd.dcd1
1305 4341 1382 4384 οιιως

838 4384 910 4460 αὕτη
929 4412 977 4460 pro
995 4395 1069 4462 vulg.
1090 4385 1163 4452 ὅπως
1181 4387 1262 4462 αντή.
