3064 4940
229 277 269 338 66
657 277 925 339 HERODO'I'I

229 453 288 526 τόν
301 457 422 524 τοῦτον
435 449 629 539 οὐνομόζων
642 447 742 537 θεὸν,
763 449 822 522 τόν
843 451 906 540 μὲν
920 448 1087 523 Ἐπίστιον
1107 455 1255 541 καλέων,
1278 455 1364 526 διότι

231 558 272 649 δὴ
286 563 418 628 οἰκίοισι
434 551 679 644 ὑποδεξάμενος
699 554 759 626 τόν
773 559 898 642 ξεῖνον,
921 558 1027 644 φονέα
1046 564 1106 628 τοῦ
1128 558 1246 640 παιδός
1266 561 1361 631 ἑλόν-

229 677 316 734 θανε
336 660 483 750 βόσκων,
505 657 563 729 τὸν
584 659 621 728 δὲ
636 654 838 750 ‘ldrnopqtoe5
861 655 904 742 ὥς
923 659 1058 748 φόίακα
1079 667 1280 754 συμπέμψας
1300 662 1361 734 αὐ-

182 767 304 853 45τόν,
320 761 455 854 εὑρήκοι
470 762 728 854 πολεμιώτατον.
765 770 928 854 Παρῆσαν
948 766 984 835 δὲ
1002 763 1085 855 μετὰ
1097 773 1196 837 τοῦτο
1210 773 1244 838 οί
1255 771 1364 838 Λυδοί

230 875 389 960 φέροντες
410 866 469 937 τὸν
489 866 627 956 νεκρόν,
647 865 770 938 ὄπισθε
791 868 828 938 δὲ
850 867 961 939 εἵπετό
981 875 1014 939 οί
1033 865 1051 941 ό
1071 875 1205 959 φονεύς.
1233 870 1312 954 στὰς
1326 874 1405 944 6621

229 965 326 1056 οὗτος
346 969 410 1062 πρό
429 977 490 1042 τοῦ
509 977 633 1063 νεκροῦ
654 979 840 1062 παρεδίδου
860 971 987 1044 ἑωυτόν
1000 982 1153 1068 Κροίσῳ,
1177 985 1365 1062 προτείνων

229 1078 285 1162 τὰς
300 1094 429 1168 χεῖρας,
450 1077 714 1164 ἐπικατασφάξαι
731 1106 790 1166 μιν
809 1076 959 1148 κελεύων
972 1084 1019 1170 τῷ
1032 1084 1159 1170 νεκρῷ,
1180 1082 1289 1166 λέγων
1302 1080 1364 1171 τήν

229 1211 265 1253 τε
285 1183 452 1274 προτέρην
473 1181 600 1252 ἑωυτοῦ
616 1179 811 1272 συμφορὴν,
833 1183 888 1250 καὶ
911 1175 955 1260 ὦς
976 1179 1028 1250 ἐπ’
1042 1183 1154 1272 ἐκείνῃ
1176 1180 1234 1252 τόν
1255 1184 1362 1273 καθή-

229 1354 340 1404 bentur.
359 1351 428 1402 Vide
444 1351 518 1400 locos
530 1355 650 1400 veterum
663 1366 679 1399 n
691 1351 772 1401 Creu-

231 1439 294 1476 πετο
312 1422 446 1472 excitatos
468 1421 495 1468 iu
519 1419 624 1469 Melett.
651 1419 723 1470 oritt.
746 1421 769 1470 1.

230 1509 293 1556 μορ.
323 1491 365 1540 l'l.
391 1491 433 1542 18.
464 1493 520 1540 not.
546 1487 572 1538 9.
609 1489 770 1541 Hunovero

230 1561 308 1610 deum
322 1559 400 1642 qussi
413 1563 512 1608 testem
531 1557 649 1608 advocet
669 1575 770 1623 οοτιιοι,

230 1645 300 1696 quse
328 1629 386 1694 ipse
417 1629 445 1676 in
468 1627 602 1692 hospitem
630 1629 713 1680 officii
739 1647 772 1680 sc

229 1699 340 1782 pietatis
366 1698 541 1760 documenta,
571 1699 612 1748 uti
635 1699 677 1748 ins
702 1705 771 1764 eret,

230 1768 407 1836 praestiterit,
427 1783 497 1833 quse
520 1737 565 1819 il'le
583 1768 709 1852 qeglecte
732 1787 772 1822 re·

229 1841 338 1908 ligione‚
357 1844 413 1888 tem
436 1854 521 1903 prere
534 1839 603 1922 ipsi'
621 1856 774 1892 remunera·

230 1919 275 1963 tus
294 1925 354 1960 esse
370 1905 517 1960 videretur.
534 1898 638 1959 ’lete‘ov
651 1904 682 1961 dl
696 1913 774 1976 (suut

231 1979 370 2033 Eustethii
389 1979 472 2029 verbs
489 1979 524 2030 ad
542 1981 653 2032 Homer.
673 1979 734 2048 Ody
735 1998 773 2034 ss.

231 2052 304 2131 XVI,
323 2051 384 2102 429.
409 2065 436 2114 p.
461 2049 512 2100 612
533 2049 576 2100 od.
587 2051 708 2132 ΒεοίΙἿ)
730 2067 775 2101 οτι

230 2113 336 2199 μάρτυς
352 2113 458 2204 λέγεται
474 2121 534 2178 τοις
548 2112 653 2178 ίκέταις
672 2135 687 2170 ο
701 2113 774 2178 Ζευς

230 2181 310 2241 καθὰ
327 2184 375 2238 καί
387 2191 447 2268 τοις
465 2185 557 2268 ξένοις
572 2185 618 2239 καί
630 2192 690 2248 τοις
701 2180 773 2240 εταί-

231 2275 302 2340 ροις,
328 2248 417 2308 lvo
399 2274 437 2316 ως
458 2246 490 2307 εὖ
517 2249 600 2315 sidcis
622 2255 669 2308 καί
687 2250 773 2310 ἐπιτι-

230 2323 327 2416 μήτωρ
352 2326 508 2412 ποιητικῶς
532 2320 674 2378 είπείν”
654 2343 773 2393 υστερον

230 2403 291 2458 τοῖς
308 2393 502 2464 ἆμαρτανουσι
519 2395 655 2462 γίγνοιτο.
687 2399 773 2450 Perti-

230 2473 297 2521 nent
314 2469 382 2520 hece
406 2467 440 2519 nd
465 2483 545 2518 scere
563 2469 672 2550 privetu
691 2469 774 2520 Grae

232 2556 332 2622 eorum,
351 2554 404 2604 quo
422 2537 517 2588 eodem
541 2530 612 2595 Ζεὺς
629 2529 774 2602 Ἐφίοτιος

233 2617 261 2662 et
272 2601 438 2691 Εταιρεῐος,
458 2608 576 2690 itemque
595 2605 701 2670 Φίλιος,
721 2607 774 2662 Ξέ-

233 2694 304 2744 νιος,
317 2669 445 2742 Ερκειος
464 2683 491 2727 et
511 2677 534 2726 si
558 2678 605 2742 qui
622 2677 723 2728 similes
741 2679 775 2727 ti-

233 2749 283 2800 tuli
302 2748 398 2800 summi
420 2748 584 2798 Graecorum
606 2747 679 2798 dei'
672 2749 776 2798 ruvoni-

195 2880 199 2888 .
232 2825 324 2870 untur.
349 2818 484 2870 Currere
502 2805 776 2868 ΙνυεοιἘπίστιον

234 2907 256 2940 s.
277 2881 455 2954 Ἐφίττιον
482 2887 598 2940 Croesus
625 2887 776 2939 sdvooeve-

233 2961 278 3024 rit,
296 2959 363 3010 hsec
374 2957 504 3040 proditur
525 2973 623 3008 censs:
645 2948 719 3007 διότι
738 2949 775 3023 δὴ

233 2998 385 3079 οίκί·οισι
369 3019 565 3088 όποδεξάμενο
600 3043 650 3076 τον
670 3023 775 3106 ξεινον,

233 3095 324 3163 φονέα
353 3094 404 3146 τοῦ
433 3089 536 3154 παιδὸς
560 3043 699 3146 όλανθανε
728 3089 776 3164 βό-

233 3181 321 3227 σκων,
341 3167 534 3231 „quodsos'lioet
551 3165 656 3218 aedibus
674 3177 776 3231 recepto

231 3237 327 3299 hospite
342 3237 390 3298 lilii
405 3237 606 3298 interfectorem,
619 3253 649 3288 se
667 3239 721 3300 ipso
739 3241 776 3288 in-

233 3309 299 3366 scio,
325 3305 519 3356 essentessesf‘
552 3306 592 3356 Ac
618 3322 701 3371 supra
722 3307 776 3356 ism

233 3377 364 3428 monitum
386 3373 477 3440 (ad1,
500 3373 555 3440 35),
579 3375 644 3440 quid
668 3377 777 3440 proprie

234 3446 326 3496 velent
344 3413 483 3506 ίπίστιος;
508 3449 538 3494 ut
556 3445 594 3494 nil
615 3445 711 3494 mirum
730 3445 775 3508 sit,

234 3533 295 3578 eum
312 3515 399 3578 deum,
418 3515 463 3580 qui
482 3513 616 3580 supplices
635 3514 669 3564 ed
688 3516 778 3564 locum

235 3585 390 3638 adsidentes
410 3583 727 3650 auxiliumquehospitis‚
743 3583 778 3633 ed

235 3657 312 3708 cuius
330 3656 411 3706 eedes
430 3655 614 3721 confugerint,
634 3654 778 3720 imploren-

234 3733 276 3778 tes
296 3731 413 3789 tutetur,
430 3725 503 3775 hsud
525 3725 652 3776 minorem
671 3739 778 3789 quoque

234 3797 302 3858 eius,
317 3796 352 3845 ed
370 3796 446 3846 ossius
463 3795 550 3846 lorum
568 3794 608 3844 illi
626 3793 777 3855 adsiduum,

235 3867 334 3931 quique
360 3865 491 3915 auxilium
519 3881 597 3915 omne
630 3871 712 3930 etque
739 3862 779 3913 lu-

234 3936 394 3986 strationem
409 3936 539 4000 prsebere
557 3935 652 3984 iisdem
672 3934 777 3995 debent,

235 4021 326 4057 eurem
350 4021 444 4068 perere
465 4005 582 4085 indeque
605 4005 698 4056 eodem
723 3971 779 4053 ferd

236 4091 317 4155 seusq
336 4075 390 4125 dics
401 4072 457 4124 Δία
469 4065 626 4136 ’,Εφίστιον
644 4091 696 4139 quo
711 4073 779 4123 elius

237 4145 293 4196 Διά
308 4134 436 4194 [κε’σιον.
454 4145 518 4194 Vid.
532 4144 658 4194 Creuzer.
672 4143 777 4194 Melett.

235 4217 258 4265 Ι.
278 4231 305 4280 p.
325 4214 367 4266 16.
387 4229 428 4264 nr.
447 4213 473 4264 6.
498 4217 525 4263 et
546 4213 637 4278 Bergk
651 4213 685 4262 sd
709 4214 780 4264 Ana-

237 4290 339 4335 creont.
363 4283 468 4348 Reliqq.
494 4299 519 4348 p.
545 4282 597 4333 2‘23
615 4299 672 4348 seq.
708 4283 779 4332 Nem

238 4356 327 4410 locum
349 4359 470 4406 veterum
500 4351 676 4422 religionibus
709 4353 779 4406 eele-

822 1349 928 1400 bretum
944 1355 1101 1415 summoque
1125 1349 1152 1399 in
1170 1349 1271 1400 honore
1288 1351 1364 1400 hebi-

822 1425 892 1478 tum‚
923 1419 983 1483 quis
1006 1424 1056 1480 est,
1082 1420 1127 1484 qui
1153 1420 1279 1485 ignoret?
1310 1421 1364 1471 Sed

822 1489 912 1540 omnin
929 1489 1005 1550 haec,
1025 1488 1122 1554 quibus
1143 1488 1234 1540 enodis
1253 1490 1365 1574 eiusque

823 1557 975 1610 inconsulto
1000 1560 1160 1609 commissae
1184 1575 1246 1609 reus
1264 1561 1365 1644 exeipi-

822 1635 875 1692 τοι,
883 1629 1024 1702 ,expietur
1047 1634 1076 1678 et
1102 1645 1119 1679 ιι
1144 1629 1286 1695 sauguinis
1307 1632 1365 1682 viu·

823 1667 898 1750 dictis
915 1700 966 1750 hoc
982 1703 1062 1765 pecto
1078 1704 1203 1750 servetur
1213 1701 1365 1763 incolumis,

824 1771 889 1837 quie
911 1770 945 1820 nd
966 1770 1113 1820 amicitiem
1138 1771 1290 1836 pertinent,
1313 1789 1367 1838 qus

823 1846 946 1906 uterque,
957 1845 984 1891 et
998 1841 1110 1907 expiens
1123 1846 1150 1892 et
1163 1842 1298 1906 expiatus,
1315 1843 1367 1893 sibi

824 1913 940 1962 invicem
959 1911 1067 1962 iunctus
1086 1916 1137 1974 eet,
1158 1912 1300 1963 Croesut'
1292 1929 1368 1964 ruvo-

825 1987 870 2033 oet
892 1983 985 2032 lovem
1003 1950 1176 2046 Ἐπαιρεῑόν,
1196 1999 1265 2044 οοιο,
1289 1999 1367 2050 quem

825 2051 878 2102 sibi
908 2051 1102 2102 amicissimum
1130 2057 1206 2101 retus
1233 2053 1288 2104 filio
1319 2070 1367 2104 suo

825 2121 964 2172 custodem
984 2121 1139 2184 eddiderat,
1163 2136 1224 2170 eum
1248 2123 1326 2172 sibi·
1318 2125 1368 2173 ιοί-

825 2191 1001 2241 micissimum
1022 2195 1095 2240 esset
1119 2195 1246 2254 expertus
1271 2195 1369 2244 omnis-

826 2277 877 2326 que
894 2261 922 2310 iu
936 2261 1051 2310 amicum
1068 2259 1152 2310 oflicii
1165 2259 1300 2324 ignorum.
1318 2263 1369 2314 Cui

826 2345 895 2392 οοιιι,
911 2329 1041 2394 quidquid
1065 2330 1106 2379 les
1133 2334 1206 2390 erat,
1232 2333 1369 2382 cumulate

826 2400 884 2465 ipse
902 2399 1095 2464 praestitisset,
1105 2397 1207 2448 illum'
1199 2414 1287 2462 rpsum
1303 2417 1368 2464 erpa

826 2485 855 2520 se
878 2470 1014 2534 ingratum
1033 2469 1131 2530 fuisse,
1150 2467 1282 2532 neglectis
1303 2487 1368 2552 enq-

827 2539 908 2591 citine
927 2539 1024 2589 officiis
1043 2543 1071 2588 et
1085 2543 1176 2603 spreto
1196 2554 1227 2588 eo
1242 2539 1302 2602 deo,
1321 2539 1368 2605 qni

826 2609 963 2660 amicitiae
992 2623 1102 2674 praeses
1129 2607 1270 2670 habeatur,
1297 2609 1368 2659 erbi-

826 2683 915 2730 trstus
929 2683 979 2728 est.
998 2678 1180 2728 Conlocentur
1195 2683 1316 2729 veterum
1330 2684 1368 2730 le-

826 2749 955 2800 stimonie
978 2747 1011 2798 de
1036 2749 1103 2799 Iove
1124 2738 1270 2814 ‘'Ernsqssqs
1296 2749 1368 2814 opud

827 2820 953 2871 Crenner.
971 2817 1025 2868 l.l.
1045 2818 1167 2884 psg.17.
1186 2821 1243 2868 not.
1269 2819 1366 2870 leoli.

827 2905 889 2956 peg
911 2888 953 2940 16.
972 2893 1029 2939 not.
1049 2887 1074 2950 6,
1090 2888 1137 2938 ubi
1155 2887 1237 2937 etiem
1257 2888 1367 2939 deleve

827 2959 914 3026 Φιλίῳ
932 2963 1015 3024 atque
1034 2957 1136 3024 Ξενία.
1160 2957 1289 3008 Leroher.
1311 2959 1369 3009 leu-

828 3030 941 3080 devoret
959 3028 1048 3080 Schol.
1068 3029 1104 3078 nd
1121 3027 1245 3091 Euripid.
1262 3029 1369 3081 Heeub.

827 3101 878 3152 345
896 3104 923 3150 et
942 3098 976 3148 nd
989 3098 1163 3164 Aristophnn.
1182 3099 1288 3162 Equitt.
1303 3099 1369 3161 6663

827 3169 1118 3234 WesselingiusDion.
1136 3167 1278 3234 Chrysost.
1291 3169 1369 3222 Oret.

827 3241 850 3291 1
876 3256 902 3304 p
932 3237 1142 3290 8DetXll
1171 3255 1234 3304 pag.
1263 3239 1370 3292 2266.

828 3310 938 3375 Teylor.
958 3309 993 3358 sd
1008 3310 1075 3374 Lys.
1093 3309 1231 3360 Pereutsl.
1250 3325 1313 3374 μορ.
1327 3311 1369 3361 65.

828 3381 871 3430 Τιι
889 3379 952 3430 εδδ.
970 3378 1168 3430 Blomiield.1n
1194 3378 1317 3430 Glosser.
1337 3379 1371 3428 ed

828 3450 936 3514 doech
936 3449 955 3500 l
974 3449 1134 3514 Agamemn.
1157 3448 1191 3500 66
1215 3452 1242 3496 et
1264 3448 1372 3497 Emeric

829 3519 929 3570 David.
956 3519 984 3567 in
1014 3519 1096 3580 libro,
1123 3517 1169 3582 qui
1199 3517 1370 3565 inscribitur:

828 3589 985 3653 Iupiter'l'.
1004 3589 1042 3638 11.
1064 3604 1091 3652 p.
1116 3587 1166 3636 524
1189 3599 1264 3648 seqq.
1289 3585 1371 3632 Vinet

828 3659 870 3707 in:
896 3657 1056 3722 Guigninut:
1079 3655 1219 3720 Religions
1245 3653 1278 3702 de
1295 3653 1371 3702 l'·Au

829 3725 928 3791 tiquitd
943 3726 981 3788 11,
1000 3725 1025 3775 3.
1046 3741 1072 3789 p.
1091 3724 1168 3775 128².
1201 3722 1240 3771 do
1258 3737 1292 3771 ne
1310 3722 1371 3787 quis

828 3795 965 3860 Lydorum
983 3809 1027 3844 ros
1046 3793 1117 3858 epud
1139 3791 1308 3842 Herodotum
1325 3793 1371 3854 spi

829 3866 951 3926 obiiciat,
970 3879 1021 3914 nec
1041 3865 1218 3923 Graecorum,
1235 3862 1296 3925 ipse
1317 3863 1371 3912 No·

830 3941 886 3986 ster
909 3934 1035 3984 admonet
1059 3934 1082 3996 1,
1112 3933 1154 3994 35,
1182 3899 1371 3982 lustrationem

830 4004 943 4056 similem
962 4019 1023 4054 esse
1040 4003 1125 4068 Lydis
1145 4005 1172 4052 et
1191 4002 1312 4053 Graecis.

1015 4175 1082 4228 Cer.
1101 4175 1185 4226 XLV

864 4271 948 4332 καὶ
931 4297 969 4338 ως
984 4269 1030 4330 ἐπ’
1051 4270 1183 4335 ἐκείνη
1156 4293 1207 4328 τον
1224 4268 1372 4342 καθήραν-

830 4367 864 4404 τα
881 4342 1065 4410 όιπολωλεκοός
1083 4347 1141 4418 εἴη]
1160 4349 1228 4400 Cum
1251 4348 1372 4416 suprsl,
