3088 4944
233 267 295 330 320
663 265 931 328 HERODO'I‘I

231 436 293 529 τὴν
313 436 459 528 Ἰβηρίην
477 436 610 508 καὶτὸν
636 437 829 529 Ταρτησσὸν
852 428 950 510 οὗτοί
972 445 1037 510 εἰσι
1060 445 1096 510 ol
1117 443 1367 525 καταδέξαντες.

232 547 467 614 ἐναυτίλλοντο
486 543 523 612 δὲ
541 539 583 611 οὐ
601 544 826 634 στρογγύλῃσι
848 546 965 633 νηυσὶ,
986 540 1072 614 ἄλλα
1090 547 1365 636 πεντηκοντέροι-

231 670 275 716 σι.
317 644 513 735 ἀπικόμενοι
539 645 577 716 δέ
603 649 637 726 ἐς
664 644 723 716 τὸν
753 645 947 738 Ταρτησσὸν
979 651 1180 738 προσφιλέες
1212 651 1367 736 ἐγένοντο

230 757 276 846 τῷ
296 753 430 840 βασιλέϊ
447 754 517 818 τῶν
540 757 773 840 Ταρτησσίων,
795 756 843 845 τῷ
862 749 991 840 οὕνομα
1012 752 1076 841 μὲν
1099 743 1143 841 ἦν
1168 749 1364 844 Ἀργανθώ-

230 910 337 984 τηααόν
360 919 425 982 (1V,
451 918 525 984 152),
549 923 627 968 extra
647 917 774 968 Herculis
826 916 1025 983 disputavimus
1043 919 1079 970 ad
1097 919 1120 983 1,
1138 921 1163 970 2.
1189 919 1260 970 Nam
1276 925 1367 971 rotnu·

230 989 370 1040 columnas
394 990 476 1039 situm
500 989 664 1053 emporium:
691 993 775 1053 utque
825 986 867 1036 dis
885 988 1001 1038 navibus
1025 989 1108 1055 vulgo
1135 989 1199 1040 olim
1220 991 1367 1040 utebantur

230 1061 270 1110 sic
289 1061 371 1109 etiam
390 1058 441 1109 lroc
460 1059 519 1109 loco
537 1049 588 1107 τὸν
607 1049 774 1123 Ταρτησσὸν
824 1055 860 1106 ed
890 1059 1064 1122 commercia,
1100 1058 1190 1125 longia
1220 1059 1255 1109 ud
1284 1059 1365 1110 bella.

229 1145 283 1180 non
308 1130 342 1180 de
365 1129 460 1191 fluvio,
486 1127 534 1178 sed
558 1128 591 1178 de
614 1128 681 1178 urbe
703 1127 773 1178 eins·
824 1126 896 1176 Hinc
915 1133 947 1178 ut
972 1127 1110 1193 peculiare
1131 1133 1228 1179 notare
1251 1129 1367 1180 debebat

230 1215 282 1264 que
300 1200 403 1248 ditione
421 1197 573 1263 intelligere
588 1197 692 1261 malim,
711 1211 772 1247 oum
823 1196 989 1260 Herodotus,
1002 1198 1200 1262 Phocaeenses‚
1219 1214 1366 1264 qnoamer-

229 1285 291 1319 mox
308 1273 438 1334 sequatur
456 1259 639 1332 ἐτυράννευσε
653 1261 685 1316 δὲ
699 1265 772 1330 Ταρ-
823 1273 935 1316 caturae
953 1283 1036 1318 causa
1057 1267 1219 1334 navigantes
1241 1269 1365 1320 rotundis

228 1337 461 1474 ιιιιιιυι
479 1336 772 1457 ἱἰιισινιιιι
822 1336 1365 1474 ιιιααιιιιιιιυιιειιει

454 1443 460 1455 ’
1162 1445 1169 1471 2

229 1494 290 1529 cum
304 1479 407 1530 ditione
426 1492 476 1528 sun
491 1477 563 1526 circa
581 1477 653 1526 ostio
667 1477 771 1540 Beetis,
823 1475 858 1524 ad
882 1475 1009 1526 bellicum
1037 1492 1115 1528 nsum
1141 1477 1215 1528 inere
1240 1483 1363 1542 pareteo,

228 1549 276 1613 qui
288 1554 315 1598 et
325 1549 384 1614 ipse
393 1548 539 1597 Tartessos
551 1551 677 1609 vocatur,
691 1560 772 1611 qnae·
823 1545 1022 1612 qninquaginta
1040 1548 1120 1596 remis
1139 1561 1192 1597 uno
1211 1547 1305 1597 ordine
1324 1547 1365 1596 in·

228 1617 338 1668 rendam
357 1633 417 1670 esse
435 1619 481 1667 vix
508 1615 619 1666 dubium
644 1615 708 1666 mihi
732 1616 772 1664 vi·
823 1620 953 1667 structae.
986 1617 1029 1667 Cl.
1048 1631 1118 1682 quae
1136 1617 1364 1668 adCteaiaePer-

229 1687 322 1738 detur:
345 1703 432 1754 neque
450 1686 549 1736 iniuria
566 1685 617 1736 hac
636 1686 669 1736 de
687 1700 772 1736 causa
824 1685 881 1734 sica
899 1686 984 1736 citavi
1001 1701 1065 1752 pag.
1090 1689 1147 1737 142.
1178 1687 1229 1736 His
1241 1702 1304 1736 vero
1318 1703 1364 1736 nu-

228 1757 262 1807 de
282 1757 358 1821 loco,
382 1757 426 1808 cui
445 1772 517 1807 nuuc
535 1771 632 1806 nomen
649 1753 703 1805 San
719 1757 772 1804 Lu·
822 1755 902 1805 vibus
914 1756 1102 1807 Phocaeenses
1115 1755 1307 1807 inbniusmodi
1318 1772 1365 1806 ua-

227 1843 275 1878 eas·
292 1829 323 1878 de
336 1827 496 1886 Bar-emeda,
512 1825 683 1890 cogitaverat
692 1825 770 1888 Miot,
822 1825 1007 1889 rigationibus
1018 1826 1059 1876 uti
1073 1833 1261 1890 necesseerat,
1281 1843 1364 1893 quou-

227 1898 298 1948 ulter
313 1898 406 1950 Gallus
419 1898 562 1962 interpres.
589 1896 631 1946 De
640 1895 771 1945 Tartesso
821 1895 875 1944 iam
900 1895 1069 1960 Tyrrhenum
1094 1897 1165 1962 quod
1189 1897 1267 1946 aiunt
1289 1912 1361 1946 marc

227 1967 349 2032 pluribus
375 1969 549 2034 disputarunt
565 1965 653 2016 Ukert
670 1965 769 2030 Geogr.
806 1967 886 2016 ‘tnnc
916 1965 1014 2016 Tuscis
1050 1963 1201 2016 latronibus
1231 1966 1362 2031 repletum

228 2037 255 2089 d.
276 2038 383 2089 (iriecb.
403 2053 430 2088 u.
448 2039 541 2088 Roem.
562 2035 606 2100 11,
628 2036 652 2086 l.
671 2051 698 2101 p.
718 2035 767 2086 241
821 2039 894 2097 erat,
913 2035 1014 2100 illoque
1031 2039 1151 2100 tempore
1169 2037 1253 2086 Tusci
1271 2037 1299 2084 in
1316 2033 1362 2085 illo

227 2123 303 2172 seqq.
317 2107 434 2158 Clessin:
452 2105 730 2172 Realenoyclopaedie
742 2121 768 2156 v.
820 2105 889 2166 mari
917 2103 1051 2155 clussibns
1081 2106 1305 2168 dominabuntur,
1335 2109 1362 2154 et

227 2177 314 2241 Punly
333 2177 380 2226 VI.
397 2179 423 2228 2.
435 2192 462 2241 p.
476 2175 540 2226 1627
554 2191 631 2242 seqq.
647 2177 769 2226 Movere:
820 2179 878 2223 turn
895 2175 1064 2225 commerciis
1088 2181 1145 2225 tum
1170 2191 1235 2226 vero
1256 2175 1363 2241 potissi·

226 2247 279 2296 Die
296 2245 456 2296 Phoeninier
473 2245 511 2307 11,
530 2247 558 2297 2.
576 2261 603 2310 p.
623 2247 673 2296 obt
692 2261 768 2310 seqq.
820 2259 893 2294 mum
904 2242 1056 2295 latrociniis
1072 2245 1192 2296 cuiusvis
1204 2247 1311 2310 generis
1324 2245 1363 2294 iu-

227 2317 279 2367 ulo
297 2331 372 2382 seqq.
404 2317 479 2378 Quae
492 2315 515 2362 si
528 2315 697 2379 respicimus,
710 2317 770 2364 mit·
821 2314 912 2379 signes
932 2313 1056 2381 adeoque
1074 2315 1189 2365 infames
1209 2315 1292 2365 inere.
1318 2313 1361 2363 Cr.

227 2391 285 2436 tere
306 2401 372 2435 sane
390 2385 554 2450 poterimus,
573 2399 643 2449 quae
662 2385 769 2432 banein
821 2384 928 2433 conlert
949 2384 1080 2435 Niebuhr.
1100 2387 1194 2436 Roem.
1216 2383 1313 2434 Gesch.
1337 2379 1370 2431 1.'

227 2471 283 2506 rem
306 2455 428 2520 disputat
453 2454 575 2505 Graalin:
601 2455 643 2504 De
661 2453 770 2504 l’lberie
820 2452 1041 2519 plausaque.
1059 2469 1113 2504 aec.
1143 2454 1184 2504 Τυ
1202 2451 1362 2502 addilluel-

227 2541 262 2575 ou
279 2527 360 2576 Essai
376 2525 492 2590 critique
510 2529 563 2574 etc.
581 2523 769 2589 (Paris1838)

226 2611 253 2660 p.
273 2597 304 2645 51
325 2611 400 2660 seqq.
423 2597 470 2645 10²
484 2609 564 2664 seqq.
585 2595 633 2644 113
650 2609 725 2658 seqq.
743 2599 770 2642 et

226 2680 296 2730 quae
319 2681 404 2730 nuper
432 2663 572 2714 contendit
594 2662 714 2714 liedelob
742 2664 770 2712 in

226 2736 468 2797 commentatione,
499 2747 568 2798 qnae
598 2733 768 2783 inscribitur:

227 2805 387 2866 Tartessos,
412 2804 456 2854 ein
474 2803 586 2866 Beitrng
605 2817 653 2851 sur
669 2801 767 2854 Gesch.

226 2879 279 2925 etc.
298 2871 577 2940 (Hsmbmg.1etu.),
596 2871 643 2920 ubi
662 2871 770 2921 Tartes-

226 2961 284 2994 sum
303 2960 357 2994 non
369 2943 450 2994 aliam
465 2957 526 2992 ease
537 2939 596 2991 vult
609 2947 691 3006 atque
702 2943 769 2991 Der·

226 3021 313 3064 tosum
325 3029 347 3064 s.
360 3014 518 3073 Tortosanr,
534 3015 565 3060 ut
576 3025 649 3060 nunc
658 3015 767 3074 vocant,

225 3083 260 3132 ud
276 3084 343 3132 Ebri
356 3084 429 3132 ostia
442 3083 535 3141 sitam3
555 3080 590 3130 cl.
604 3095 631 3144 p.
644 3081 676 3130 27
690 3095 767 3146 seqq.

261 3141 346 3201 οὗτοί
360 3147 413 3200 εἰσι
432 3143 463 3198 οἵ
478 3145 692 3215 καταδέξαντες]
716 3153 768 3200 Eo-

227 3221 286 3271 dern
306 3219 461 3285 significatu
472 3211 690 3268 aorudsrsvv'ocn
703 3236 768 3270 ιιιον-

184 3297 185 3302 ’
225 3291 333 3353 arraudi,
345 3289 485 3352 operiendi,
499 3287 615 3354 indeque
626 3289 765 3354 detegendi,

225 3359 366 3411 inveniendi
383 3359 455 3408 inira
471 3357 494 3420 1,
508 3358 567 3408 lil.
582 3357 644 3410 coll.
659 3359 707 3421 IV,
721 3361 765 3409 42.

224 3430 374 3494 V11,215.
415 3430 505 3493 Atque
528 3427 579 3476 hoc
602 3429 661 3492 ipso
683 3428 766 3478 verbo

224 3499 394 3551 Herodotum
409 3499 455 3547 vix
471 3496 539 3546 illud
557 3501 662 3547 tanturn
679 3497 766 3547 declu-

224 3587 284 3620 rare
301 3569 421 3620 voluisse
439 3566 577 3618 existimat
595 3567 625 3617 C.
636 3566 670 3617 Ο.
683 3567 767 3616 Muel-

223 3639 272 3691 ler.
292 3638 429 3703 (Etrusco.
441 3639 464 3689 1.
485 3653 512 3702 p.
527 3635 597 3701 192),
613 3635 767 3687 Phocaeen-

225 3725 270 3759 ses
288 3709 456 3774 Tyrrhenum
473 3722 547 3756 mare
564 3706 767 3772 pemuvigasse,

225 3779 273 3829 sed
297 3779 388 3844 potius
411 3777 492 3840 illud,
517 3777 617 3841 primos
639 3791 768 3826 commer-

225 3849 295 3898 cium
305 3849 456 3898 instituisse
470 3861 530 3898 cum
540 3843 688 3911 Tyrrhenis
700 3847 768 3910 Tyr-

225 3917 367 3968 rhenorum
385 3919 446 3982 ipsa
467 3919 495 3966 in
514 3921 587 3966 terra
603 3915 767 3982 (eodemque

225 3985 303 4035 modo
324 3987 405 4036 etiarn
427 4003 487 4036 cum
505 3983 677 4050 Tartessiia).
713 3985 768 4034 Ini-

225 4056 291 4104 tium
322 4071 387 4105 vero
417 4056 622 4121 navigationum
652 4055 766 4104 istorum

224 4123 293 4174 idem
306 4125 348 4174 vir
365 4125 462 4176 doctus
478 4125 515 4190 (p.
530 4125 590 4190 193)
605 4125 682 4189 ponit
694 4125 767 4174 circa

224 4195 333 4260 Olymp.
351 4195 516 4245 tricesimum
538 4194 581 4244 vel
599 4195 765 4244 vicesimum.

259 4255 293 4311 οὗ
335 4257 519 4328 στρογγύλῃσι
558 4258 658 4327 νηυσὶ,
698 4253 768 4312 ἀλλὰ

224 4315 483 4399 πεντηκοντέροισι]
503 4333 582 4382 Coni.
596 4347 666 4397 quoe
684 4347 767 4397 snpra

821 2523 869 2572 ler.
888 2521 906 2574 1.
925 2521 944 2573 l.
963 2540 990 2588 p.
1013 2523 1071 2576 192.
1091 2523 1152 2574 288.

856 2589 895 2656 τῷ
908 2583 1020 2658 οὔνομα
1029 2589 1081 2657 μὲν
1091 2579 1128 2655 ἦν
1141 2578 1359 2654 Ἀργανθώνιος]

822 2661 899 2724 Quae
922 2661 956 2712 de
977 2667 1068 2712 aetate
1090 2665 1117 2710 et
1140 2658 1216 2724 regni
1241 2662 1267 2707 et
1285 2657 1360 2706 vitun

819 2731 1001 2797 Arganthonii
1019 2731 1112 2781 scribit
1125 2727 1295 2790 Herodotus,
1315 2741 1361 2776 en-

820 2801 881 2851 dem
900 2802 982 2851 ferme
994 2801 1099 2852 Plinius
1114 2800 1188 2849 Hist.
1201 2799 1267 2850 Nat.
1280 2796 1360 2858 Vlll,

819 2871 868 2934 48,
891 2871 984 2921 Cicero
1006 2870 1040 2920 de
1064 2873 1200 2920 senectut.
1227 2867 1275 2931 19,
1304 2867 1361 2928 ulii,

820 2955 981 3005 quamquam
1010 2940 1038 2988 in
1068 2941 1127 3005 ipso
1152 2953 1284 2988 annornm
1315 2951 1362 2985 nn-

819 3025 893 3060 mero
911 3024 964 3059 non
982 3024 1074 3059 omues
1092 3008 1277 3069 consentiunt,
1297 3021 1362 3072 qno-

819 3095 878 3130 rum
896 3084 1004 3130 centnm
1017 3083 1044 3128 et
1060 3079 1259 3145 qninquaginta
1276 3091 1362 3126 annos

819 3148 894 3199 illum
913 3163 1003 3216 regern
1026 3151 1128 3200 vixisse
1153 3147 1263 3214 quidam
1286 3160 1363 3196 cnar-

818 3225 890 3270 rant.
933 3219 996 3270 Vid.
1018 3220 1197 3270 Anacreontis
1228 3217 1362 3282 fragmen·

819 3295 875 3338 tum
894 3289 966 3353 apud
985 3289 1114 3340 Strabon.
1131 3289 1185 3339 111.
1208 3303 1236 3352 p.
1256 3287 1301 3337 151
1322 3291 1362 3334 nt-

818 3375 869 3424 qne
888 3358 989 3424 Bergk.
1014 3359 1050 3409 nd
1073 3360 1237 3409 Anacreont.
1263 3355 1359 3418 reliqq.

817 3443 844 3494 p.
860 3427 904 3478 91.
933 3427 1013 3490 Quod
1031 3433 1061 3477 nt
1074 3427 1251 3492 intelligutur,
1271 3429 1361 3472 tenea-

818 3513 877 3548 mus
899 3511 1010 3547 necesse
1039 3501 1081 3547 est
1109 3498 1197 3561 ipsum
1221 3505 1359 3541 nnmerum

818 3575 859 3616 ter
883 3567 1054 3632 quadraginta
1075 3571 1103 3616 et
1124 3566 1163 3614 bie
1190 3561 1360 3627 quadraginta

817 3651 959 3686 annorum.
1002 3636 1071 3686 Nam
1096 3643 1221 3682 numerus
1247 3628 1360 3698 quadro-

816 3709 888 3772 pr'nta
906 3721 929 3755 s.
953 3703 1056 3754 dierum
1080 3717 1101 3752 s.
1132 3713 1263 3750 annornm
1287 3697 1358 3762 apud

818 3779 924 3824 veteres
942 3772 1057 3822 subinde
1070 3771 1109 3820 ita
1121 3769 1239 3834 ponitur,
1261 3771 1292 3816 nt
1303 3768 1358 3817 lon-

818 3859 882 3910 gum
900 3843 1008 3893 omnino
1027 3839 1157 3905 temporis
1171 3839 1289 3902 spatium
1308 3851 1358 3886 nec

818 3917 945 3964 accurate
959 3909 1097 3961 delinitum
1110 3907 1271 3958 declaretur.
1299 3908 1358 3968 Quo

818 3996 929 4032 nurnero
951 3979 1091 4030 indefinito
1115 3976 1159 4028 vel
1181 3977 1258 4042 ipsae
1275 3976 1359 4026 bomi-

817 4066 880 4101 num
899 4054 1004 4099 aetates
1022 4043 1142 4112 (γενεαὶ)
1161 4047 1358 4112 significantur,

816 4121 868 4170 hoc
894 4118 1076 4184 quadraginta
1105 4132 1237 4167 annorum
1268 4116 1358 4180 apatio

817 4189 889 4240 haud
919 4187 1029 4238 definito
1057 4192 1228 4248 consumtus,
1260 4187 1300 4235 ita
1328 4189 1359 4233 ut

816 4259 914 4324 duplex
934 4273 956 4310 s.
975 4256 1073 4322 triplex
1095 4257 1147 4308 iste
1174 4270 1300 4306 numerus
1319 4259 1358 4330 tp-

816 4329 900 4379 tidem
924 4327 1036 4379 denotet
1063 4331 1169 4378 aetates
1196 4341 1218 4376 s.
1251 4337 1357 4389 γενεας.
