3096 4930
231 325 293 387 434
661 319 934 382 ΗΕΒΟΒΟΤΙ

232 507 339 589 σφίσι,
354 491 506 588 πρώτους
515 501 721 582 Αἰγυπτίους
736 492 930 584 ἀνθρώπων
940 487 1275 579 ἆπόντωνέξευρέειν
1290 485 1347 558 τόν
1357 503 1402 556 105

234 600 404 688 ἐνιαυτόν,
433 599 587 670 dosideum
610 602 711 687 μέρεα
735 601 944 687 δασαμένους
966 601 1034 665 τοῖν
1055 590 1171 682 ὡρέων
1193 597 1226 674 ἐς
1250 590 1361 662 αὐτόν.

233 713 337 777 ταῦτα
351 706 388 774 δὲ
405 708 572 792 ἐξευρεέιν
597 707 632 771 ἐκ
653 708 721 772 τῶν
739 700 872 788 ἄστρων
896 707 1021 788 ἔλεγον.
1052 696 1171 787 ἄγουσι
1187 698 1225 767 δέ
1239 701 1363 792 τοσῷδε

233 809 428 900 σοφώτερον
438 805 623 897 Ἑλλήνων,
645 808 715 896 ἐμοὶ
731 809 878 891 δοκεέιν,
898 800 1131 898 ὅσμἝλληνες
1146 801 1209 892 μὲν
1223 800 1279 871 διὰ
1292 807 1361 891 τρί-

199 919 200 922 ’
233 943 293 984 τον
309 921 399 994 ἔτεος
413 909 594 1001 ἐμβόλιμον
611 911 855 999 ἐπεμβάλλουσι
874 914 943 978 τοῖν
963 902 1079 996 εδρέοιν
1094 913 1240 992 εἵνεκεν,
1259 903 1361 994 Αἰνό-

234 1046 322 1089 πτιοι
340 1017 377 1087 δὲ
394 1018 694 1106 τριηκοντημέρους
712 1013 851 1104 όγοντες
871 1009 948 1092 τούς
967 1011 1122 1080 δυώδεκα
1136 1016 1259 1100 μῆνας,
1285 1008 1362 1080 ἐπό-

233 1141 331 1210 ηουσι
348 1118 412 1190 ἀνὰ
427 1126 495 1190 πᾶν
509 1125 580 1198 ἔτος
599 1122 697 1188 πέντε
717 1116 839 1210 ἡμέρας
857 1117 960 1207 πάρεξ
975 1120 1035 1186 τοῦ
1048 1112 1216 1206 ἀριθμοῦ,
1236 1120 1295 1182 καί
1305 1135 1363 1201 σφι

234 1315 354 1371 curatius
387 1319 602 1382 consideremus,
641 1335 701 1369 cum
740 1318 775 1368 ad
825 1317 933 1368 iunctos
951 1317 1045 1366 umbos
1063 1332 1162 1367 annum
1178 1329 1364 1381 magnumro·

233 1391 300 1442 haec
322 1392 384 1454 ipsa
407 1389 549 1440 duodecim
572 1390 679 1440 zodiaci
696 1389 774 1454 signs
825 1392 933 1448 cautes,
960 1388 1041 1452 idque
1069 1394 1175 1452 tempus
1204 1382 1364 1450 τριετηρίδα

233 1465 358 1525 spectent
379 1459 496 1525 indeque
518 1459 715 1525 quodammodo
737 1459 775 1508 el·
825 1457 1014 1523 appellabant,
1045 1458 1117 1521 quod
1146 1457 1227 1506 tertio
1260 1469 1364 1520 quoque

233 1531 298 1580 licta
315 1530 469 1581 videantur.
824 1543 895 1578 anno
908 1526 1135 1590 intercalabatur,
1154 1526 1277 1591 quemvis
1291 1526 1365 1575 bien-

268 1592 399 1648 δυώδεκα
427 1591 513 1664 μέρεα
539 1589 717 1662 δασαμένους
739 1627 774 1636 -
825 1599 863 1647 nii
888 1599 1031 1659 circuitus,
1056 1603 1084 1652 et
1107 1612 1136 1646 re
1158 1612 1224 1646 vera
1242 1589 1364 1658 διετηρλς

234 1660 261 1726 ἐς
278 1660 379 1733 αὐτόν]
403 1669 436 1718 In
457 1669 498 1718 his
522 1669 612 1719 verbis
637 1668 773 1734 genitivus
826 1672 911 1730 esset,
929 1666 1001 1717 unde
1019 1667 1162 1731 mysteria,
1181 1681 1251 1732 quoe
1266 1665 1364 1715 Libero

233 1736 290 1788 τῶν
307 1728 404 1802 ὡρέων
417 1740 536 1802 pertinet
548 1739 582 1789 ad
599 1731 694 1802 με’ρεα,
713 1753 774 1787 cunr
825 1738 897 1802 patri
916 1737 1027 1786 alternis
1038 1737 1106 1786 finnt
1119 1737 1207 1798 aunis,
1227 1735 1364 1785 trieterica

233 1808 301 1858 baec
325 1809 361 1858 sit
388 1808 482 1858 Nostri
511 1809 659 1858 sententia:
691 1808 774 1870 „anni
825 1823 842 1856 a
860 1808 948 1872 poetis
973 1807 1129 1858 dicuutur.“
1166 1805 1305 1870 Adscripsi
1323 1809 1364 1853 to-

234 1871 425 1943 tempestatum
449 1878 590 1928 duodecim
611 1882 702 1944 partes
721 1877 775 1926 dis·
826 1883 881 1927 turn
895 1877 992 1940 Iocum,
1007 1893 1038 1926 ex
1051 1893 1104 1942 quo
1116 1877 1230 1927 forsitan
1241 1875 1286 1924 lux
1299 1889 1364 1924 uon-

234 1949 389 1999 trIbuerunt
413 1948 441 1996 iu
467 1964 566 1998 aunum
587 1963 609 1998 s.
629 1963 728 1997 annum
747 1947 774 1996 iu
825 1947 899 1997 nulla
918 1947 1011 1997 afferri
1031 1947 1133 2011 poterit
1153 1945 1302 2006 Herodoto,
1326 1959 1365 1994 se·

234 2017 376 2068 duodecim
396 2023 488 2082 partes
511 2018 675 2078 dleserunt,
703 2017 775 2065 iutra
826 2033 886 2067 curn
909 2023 939 2066 ut
961 2018 1059 2068 volunt
1087 2017 1159 2066 haud
1182 2013 1365 2076 concordanti,

234 2087 775 2153 quasannitempestatescirculumsuurn
827 2088 850 2150 I,
869 2087 912 2148 3⁶2,
932 2087 979 2136 ubi
998 2087 1105 2136 scribit:
1125 2081 1152 2134 εἰ
1168 2079 1199 2135 δὲ
1217 2079 1254 2149 δὴ
1268 2076 1365 2148 ἐθελή-

234 2157 427 2209 couticerent.“
463 2159 505 2208 De
529 2157 777 2208 structursverbo·
827 2170 868 2206 σει
885 2146 1023 2220 τοῦτερον
1041 2153 1097 2205 τῶν
1117 2146 1204 2205 ἐτέων
1224 2151 1366 2236 μηνὶτμα-

234 2243 293 2277 rum
317 2225 457 2276 dividendi
482 2229 554 2280 conf.
580 2228 603 2290 Ι,
626 2227 660 2278 94
684 2227 775 2290 ibique
826 2217 962 2290 πρότερον
978 2224 1118 2290 γίνεσθαι,
1137 2221 1186 2273 ἵνα
1198 2222 1234 2289 δη
1251 2219 1363 2286 uimque

234 2301 303 2346 nott.
323 2326 358 2336 -
380 2285 452 2359 ὧραι
474 2302 537 2347 snut
564 2299 624 2346 unni
645 2304 776 2358 tempesta·
827 2293 1000 2362 συμβαίνωσι
1028 2287 1254 2359 παραγινόμεναι
1283 2285 1311 2351 ἐς
1332 2285 1364 2342 τὸ

235 2375 285 2429 tes,
312 2381 380 2431 quas
406 2365 499 2417 eodem
525 2368 604 2417 modo
629 2365 707 2416 horus
730 2380 776 2429 ap·
827 2358 895 2414 δέον
913 2381 938 2414 κ.
957 2381 981 2414 τ.
999 2363 1033 2427 λ.,
1055 2365 1100 2415 ubi
1118 2365 1174 2415 vid.
1193 2369 1250 2416 not.

234 2435 318 2500 pellat
336 2435 441 2486 Plinius
466 2438 503 2488 Η.
528 2438 561 2488 Ν.
589 2437 637 2498 IX,
663 2437 705 2496 35,
732 2437 774 2486 54.
862 2426 997 2498 ἐπάγουσι
1025 2426 1081 2484 ἀνὰ
1107 2432 1166 2484 πᾶν
1193 2429 1255 2492 froc
1282 2424 1365 2482 πέντε

234 2505 298 2565 XII,
311 2506 653 2571 3‚7.-1nseqq.retrnui
666 2495 777 2567 ἄστρων
827 2495 935 2569 ἡμέρας
957 2495 1045 2567 πάρεξ
1073 2503 1126 2554 τοῦ
1147 2495 1286 2569 ἀριθμοῦ]
1312 2503 1364 2552 Dio

235 2575 776 2638 cumcodd.Mediceo‚Floreutino,uliIs.
816 2573 904 2624 'Cass
934 2574 1037 2637 XLIII,
1061 2576 1108 2626 26:
1136 2567 1286 2639 Αἰγύπτιοι
1313 2565 1365 2636 μὲν

235 2646 373 2695 Sancrofti
384 2645 453 2696 liber
464 2662 524 2696 curn
540 2646 601 2695 aliis
614 2644 776 2710 quibusdam
826 2636 1091 2708 τριακονθημέρους
1107 2637 1175 2701 τούς
1187 2643 1278 2708 μῆνας
1292 2640 1366 2706 λογί-

235 2715 313 2764 sffert
330 2705 465 2778 ἀστέρων,
486 2721 516 2766 nt
533 2717 612 2778 VIII,
634 2716 693 2765 122.
723 2713 776 2764 Sed
825 2711 934 2775 ζονται,
959 2707 1055 2762 ἔπειτα
1072 2703 1118 2763 lut
1141 2711 1226 2763 παντλ
1249 2709 1289 2780 τῷ
1311 2706 1366 2760 ἐτει

234 2785 288 2850 vid.
301 2784 479 2836 Doederlein:
491 2787 553 2836 Lst.
565 2785 712 2850 Syncnym.
726 2785 774 2834 IV.
826 2775 876 2840 τας
899 2779 982 2832 πέντε
1002 2773 1110 2847 ἡμέρας
1132 2775 1295 2848 ἐπάγουσιν.
1332 2782 1366 2831 In

234 2871 260 2920 p.
280 2855 332 2906 410
349 2870 406 2920 seq.
827 2869 930 2904 summa
947 2854 1003 2904 lere
1022 2854 1160 2904 consentit
1168 2853 1305 2903 Diodorus
1323 2852 1367 2902 si-

270 2913 327 2992 ὄσςο
355 2914 491 2988 Ἕλληνες
521 2916 572 2987 μὲν
601 2914 650 2972 διόι
678 2921 775 2985 τρίτου
826 2923 902 2974 culus
934 2923 957 2984 1,
987 2923 1020 2974 50
1051 2923 1113 2974 coll.
1145 2924 1248 2975 Gemin.
1280 2922 1366 2972 Elem.

234 2990 310 3050 ἔτεος
327 2983 479 3062 ἐμβόλιμον
497 2982 709 3058 ἐπεμβάλλουσι]
727 2983 776 3041 διὰ
825 2995 935 3044 Astron.
959 2993 1009 3042 Vl.
1034 3009 1097 3058 pag.
1128 2994 1160 3044 19
1188 2998 1215 3043 et
1238 2993 1366 3044 Strabon.

233 3063 331 3128 τρίτου
349 3077 424 3119 ετεος
444 3065 573 3112 esttcrtio
591 3077 774 3128 ρααραεαανο.
826 3064 913 3112 XVII.
932 3079 958 3126 p.
983 3063 1035 3112 806
1053 3080 1075 3114 s.
1098 3063 1167 3114 1160
1190 3065 1222 3126 Α,
1248 3063 1294 3112 ubi
1318 3079 1369 3112 su—

234 3139 265 3182 ut
280 3132 357 3182 reddi
380 3131 439 3182 vult
460 3132 588 3182 Kuehncr
608 3133 653 3182 Gr.
679 3133 725 3184 Gr.
748 3135 773 3194 5.
825 3147 888 3182 num
907 3133 957 3184 365
975 3133 1077 3182 dierum
1099 3133 1134 3182 cb
1158 3134 1302 3198 Aegyptiis
1324 3148 1369 3182 sa-

234 3203 295 3262 (505,
313 3201 472 3250 selincurte
496 3205 569 3251 tertio
591 3218 665 3258 αηιιο,
686 3217 775 3265 quem·
826 3202 981 3251 cerdotibrrs
998 3202 1138 3252 inventum
1158 3217 1217 3252 esse
1229 3207 1331 3265 narrat,
1350 3217 1370 3252 a

235 3271 378 3320 admodum
413 3271 544 3320 Petuvins
582 3272 776 3336 interpretatur
826 3271 923 3336 qulbus
941 3276 1004 3334 post
1021 3273 1175 3336 acceperint
1188 3271 1294 3322 Graeci.
1326 3272 1369 3321 Ac

234 3343 346 3390 Auctar.
373 3341 446 3390 doct.
476 3344 558 3404 temp.
589 3342 642 3403 IV,
667 3341 691 3392 3.
732 3341 775 3392 Ad
826 3342 883 3390 dles
906 3339 967 3390 illos
990 3341 1108 3406 quinque
1132 3342 1308 3392 intercalatus
1330 3342 1370 3391 ad

235 3401 387 3474 ἐμβόλιμον
411 3409 548 3474 intelligas
572 3408 662 3474 μῆνα,
694 3427 774 3476 quum
826 3410 891 3462 deos
909 3411 949 3460 ita
968 3411 1050 3476 vulgo
1066 3411 1370 3478 retulerunt-Aegyptii,

234 3495 328 3530 vocam
346 3479 444 3528 Noster
469 3479 576 3529 addidit
602 3481 624 3541 I,
650 3480 693 3530 32.
733 3482 775 3530 De
826 3486 966 3530 uteorum
990 3496 1151 3547 unoquoque
1175 3481 1264 3533 edItus
1283 3483 1372 3532 luerit

234 3547 276 3598 his
302 3549 437 3598 mensibus
463 3549 669 3599 intercalaribus
695 3549 776 3602 Grae·
827 3550 892 3600 dcus
916 3566 948 3599 ex
972 3551 1037 3601 Iove
1061 3557 1088 3600 et
1109 3552 1213 3602 Iunone
1235 3555 1307 3614 sive,
1335 3559 1371 3602 ut

235 3633 326 3668 corum
349 3618 462 3668 solarem
487 3623 515 3668 et
536 3618 658 3668 lunarem
676 3634 775 3668 sunum
827 3619 1370 3686 uliitradebant,eSaturnoatqueRbea:

234 3688 285 3738 hoc
303 3687 383 3738 modo
406 3690 433 3737 in
457 3689 628 3738 concordiam
652 3689 775 3753 redigere
827 3689 924 3752 Osiris,
940 3691 1059 3752 Arveris,
1074 3691 1197 3756 Typhon,
1207 3692 1269 3754 Isis,
1278 3691 1371 3756 Neph-

234 3758 400 3808 studentium
425 3757 481 3808 vid.
506 3759 534 3807 (1.
561 3759 593 3808 F.
621 3759 773 3808 Hermann:
826 3759 898 3824 thys.
922 3759 1108 3810 VidDiodor.
1123 3760 1239 3823 SicubI,
1254 3762 1368 3826 l3ibiq.

234 3827 341 3878 Griech.
363 3827 566 3877 Staotseltertlr.
590 3832 614 3890 ξ.
643 3829 691 3877 127
716 3833 774 3878 not.
826 3828 997 3894 Wesseliug.,
1016 3830 1234 3895 Plutarclr.0pp.
1250 3831 1369 3896 II.pag.

234 3895 259 3946 6.
287 3897 493 3948 Gottcsdieustl.
510 3897 624 3946 Alterth.
636 3895 660 3957 ξ.
673 3898 773 3948 lbnot.
826 3899 876 3950 355
895 3899 930 3948 D.
951 3899 984 3947 de
1001 3899 1067 3949 Isid.
1086 3899 1276 3951 etOsirid.12
1296 3901 1369 3966 ibiq.

235 3965 277 4013 12.
314 3967 491 4030 Praecipuum
511 3967 653 4016 Censorini
672 3967 775 4018 adscri-
825 3967 1018 4032 Wyttenbach.
1039 3970 1066 4018 in
1084 3970 1285 4021 Animadvers.
1300 3987 1370 4036 pag.

234 4033 296 4082 bam
318 4033 406 4082 locum
430 4035 463 4084 de
482 4035 523 4084 die
542 4036 627 4085 natali
650 4051 710 4104 cap.
730 4036 772 4088 18.
825 4038 884 4088 186.
921 4039 963 4087 De
980 4038 1092 4090 oracnll.
1110 4039 1210 4090 delect.
1223 4056 1250 4105 p.
1268 4041 1370 4092 429F.

233 4101 257 4162 d.
283 4104 312 4151 2:
337 4103 453 4167 „Itaque
478 4102 619 4168 (Graeciae
646 4105 772 4156 civitates
823 4105 885 4155 sna
911 4106 1014 4156 dabunt
1036 4107 1160 4160 Creuzer.
1195 4110 1222 4158 in
1243 4109 1371 4174 Symbol.

234 4169 307 4234 scil.)
328 4187 415 4221 anuos
434 4173 527 4222 civiles
547 4175 586 4224 sic
608 4179 772 4236 statuerunt,
822 4175 860 4225 II.
886 4191 912 4239 p.
938 4175 972 4240 λδ
994 4193 1070 4243 seqq.
1094 4181 1136 4230 50.
1157 4179 1217 4229 294.
1259 4179 1369 4230 Rcetb:

233 4244 264 4289 nt
286 4241 472 4292 intercalando
501 4243 623 4293 lucerent
654 4243 772 4294 alternos
824 4245 921 4294 Gesch.
938 4247 963 4296 d.
978 4246 1136 4312 Philosoph.
1151 4249 1173 4298 I.
1187 4265 1215 4313 p.
1230 4249 1280 4300 216
1293 4253 1370 4299 nott.

233 4309 287 4360 XII
297 4311 437 4374 meusium,
449 4311 567 4362 alternos
578 4313 656 4375 XIII,
670 4321 772 4364 utrum·
823 4313 885 4364 coll.
899 4331 924 4380 p.
940 4315 997 4367 150.
1034 4317 1075 4366 De
1085 4319 1278 4383 Aegyptiorum
1292 4333 1370 4368 suno

233 4393 285 4444 que
306 4394 405 4430 annum
433 4377 579 4444 separatim
609 4387 771 4444 vertentem
822 4380 905 4434 soleri
934 4385 1045 4450 elusque
1073 4386 1211 4438 mensibus
1240 4387 1370 4452 disputat
