3020 4930
236 285 297 350 848
635 285 905 350 EXOURSUS
935 289 964 349 V

234 465 341 528 show„
361 460 435 528 alii),
458 460 505 530 qui
519 459 655 512 Herodoti
676 467 704 513 et
723 459 892 531 reliquorum
911 463 1035 513 veterum
1050 459 1214 529 scriptorum
1233 459 1366 512 iudicium

234 547 308 602 tueri
336 545 497 612 studerent;
526 544 572 596 alii
597 546 692 613 luere,
720 545 768 615 qui
796 563 856 599 cum
875 545 1029 615 Aepyptiae
1056 553 1146 597 terrae
1176 544 1264 598 solum
1291 562 1366 598 nunc

235 652 289 686 non
306 631 405 685 elatius
430 630 468 683 sit
482 647 561 700 quarn
578 629 713 682 Herodoti
734 636 838 698 aetate,
860 630 932 683 hunc
949 631 1110 700 scriptorem
1134 629 1245 698 egregie
1260 629 1365 699 lapsum

234 735 297 772 esse
313 717 452 783 dicerent,
471 715 545 785 quod
561 715 720 768 inferiorern
734 715 889 786 Aegyptum
903 733 953 786 pro
965 714 1023 768 Nili
1035 716 1107 768 douo
1123 714 1249 782 baberet,
1266 733 1299 768 ex
1309 715 1365 769 flu-

233 804 272 856 vii
291 802 352 855 limo
367 801 448 853 allato
461 805 489 852 et
503 807 636 868 congesto
651 807 745 853 ortam.
775 800 837 852 Niti
850 801 920 854 enim
936 801 1005 852 banc
1017 799 1171 870 opinionem
1186 800 1365 854 fundamento

235 907 289 942 non
313 887 381 940 satis
402 885 492 938 valido
515 886 549 938 de
568 884 697 938 immenso
720 885 851 955 temporis
871 886 975 955 spatio,
1003 883 1077 955 quod
1091 885 1226 937 Herodoti
1249 891 1365 939 aetatem

234 971 425 1036 antecesserit,
446 989 496 1023 nec
507 970 618 1040 probari
630 988 713 1040 posse
729 970 782 1023 uisi
794 976 893 1024 terram
908 971 994 1040 ipsam
1009 970 1264 1022 commonstraverit
1279 971 1365 1024 multo

235 1058 416 1128 antiquiorem
438 1073 500 1107 esse
527 1072 607 1125 quam
627 1072 725 1124 reapse
744 1055 839 1108 fuerit.
881 1057 924 1108 Ita
936 1057 1044 1108 Hreret.
1061 1055 1089 1107 in
1108 1054 1190 1108 Mem.
1213 1054 1364 1110 del’Acad.

235 1145 284 1197 des
299 1141 429 1210 inscript.
445 1147 466 1192 t.
479 1139 552 1194 XVI.
568 1159 596 1210 p.
606 1145 658 1199 833
669 1158 727 1210 seq.
747 1139 849 1192 XVIII.
868 1159 895 1210 p.
908 1144 960 1199 188
971 1158 1048 1210 seqq.
1072 1145 1100 1192 ct
1118 1147 1183 1209 pest
1197 1139 1266 1192 alios
1285 1159 1365 1209 prae·

235 1231 316 1298 cipue
330 1226 485 1280 Larcberus
504 1225 532 1276 iu
550 1226 661 1295 copiosa
675 1225 709 1277 ad
725 1225 750 1276 b.
764 1225 782 1276 l.
798 1223 993 1295 disputatione.
1028 1225 1139 1288 Quibus
1154 1225 1272 1280 accessit
1285 1225 1364 1279 ltlsu-

235 1319 307 1367 nert.
320 1313 426 1379 Gcogr.
443 1310 492 1362 der
507 1311 558 1361 Gr.
570 1327 597 1361 u.
611 1309 704 1362 Roem.
724 1309 756 1374 x,
772 1316 796 1368 l.
813 1327 840 1378 p.
853 1316 904 1368 245
916 1327 975 1379 seq.
992 1313 1043 1368 525
1068 1327 1139 1362 vana
1156 1329 1219 1364 ease
1233 1309 1362 1377 clamans,

236 1415 307 1470 quse
321 1395 480 1450 Herodotus
505 1401 532 1447 et
548 1395 573 1446 lr.
587 1394 604 1445 l.
627 1401 655 1447 et
675 1395 712 1460 ll,
729 1401 761 1452 10
778 1412 837 1462 seq.
857 1395 1027 1464 perscribat,
1048 1411 1109 1447 curu
1126 1393 1269 1465 Aegyptus
1291 1396 1363 1448 omni

234 1493 356 1553 tempore
371 1481 434 1533 talis
449 1479 543 1551 lerant,
563 1478 652 1548 qualis
668 1479 756 1530 adhuc
770 1479 927 1531 inveniatur
939 1497 989 1533 nec
1004 1479 1067 1531 ullis
1082 1485 1162 1532 aucta
1177 1479 1364 1544 incrementis,

236 1569 337 1640 quibus
358 1565 446 1618 solum
468 1563 568 1616 elatius
593 1564 679 1616 luerit
698 1563 849 1631 redditum
877 1563 938 1617 fieri
961 1564 1058 1634 utique
1078 1565 1219 1634 potuisse,
1247 1571 1279 1617 ut
1302 1566 1364 1617 olim

235 1652 368 1724 paludosa
390 1656 418 1703 et
438 1655 571 1716 stagnosa
588 1655 662 1701 terra
683 1649 767 1701 luerit
787 1648 882 1716 Delta,
909 1649 1017 1702 minime
1040 1665 1107 1702 vero
1129 1649 1255 1719 primitus
1281 1650 1364 1703 maris

235 1739 325 1792 luisse
347 1736 445 1788 sinum.
479 1733 558 1796 Quae
580 1750 729 1804 sanequam
746 1733 867 1804 produnt
886 1739 1023 1787 auctorem
1041 1733 1147 1788 minime
1168 1733 1262 1801 talem,
1289 1726 1366 1796 ὅστις

235 1842 266 1893 γε
280 1817 391 1876 σύνεσιν
405 1816 469 1888 ἔχει,
487 1823 519 1869 ut
529 1818 663 1871 Herodoti
679 1825 741 1872 utar
756 1818 858 1878 verbis.
888 1819 988 1872 Melius
1004 1819 1072 1872 vidit
1083 1817 1198 1872 Rennel.
1214 1818 1242 1870 in
1258 1819 1363 1888 Geogr.

234 1906 340 1960 Herod.
356 1923 383 1975 p.
394 1909 443 1964 591
456 1921 534 1972 seqq.
555 1909 583 1955 et
597 1903 719 1973 inprimis
735 1922 762 1974 p.
774 1909 835 1963 593.
853 1907 914 1962 594.
949 1904 1017 1957 Eam
1033 1904 1104 1957 enim
1122 1903 1273 1972 regionem,
1293 1921 1364 1974 quae

235 1993 316 2046 Delta
342 1997 469 2054 vocatur,
499 1987 613 2040 indubia
634 1989 732 2042 scribit
757 1990 899 2041 continere
921 1988 1054 2057 vestigia,
1087 1989 1160 2058 quod
1181 1988 1273 2058 prisco
1295 2005 1365 2041 aevo

237 2077 309 2130 baud
332 2074 485 2139 exstiterit,
515 2073 564 2126 sed
586 2079 735 2144 temporum
758 2073 876 2126 decursu
899 2072 957 2125 Nili
980 2073 1080 2126 alluvie
1104 2079 1182 2140 nata,
1215 2073 1364 2126 accedente

237 2162 351 2231 posthac
365 2161 479 2212 humana
499 2167 558 2210 arta
574 2175 726 2228 operaque,
749 2159 777 2210 iu
794 2166 893 2211 terram
908 2159 1011 2211 firmam
1029 2167 1057 2212 et
1072 2158 1255 2211 continentem
1271 2177 1365 2210 cesse-

236 2247 282 2299 rit.
317 2244 401 2309 Quod
422 2243 493 2296 idem
515 2242 657 2312 permultis
677 2243 845 2311 argumentis
865 2243 1006 2313 exipsius
1029 2242 1080 2296 soli
1097 2249 1196 2295 natura
1217 2251 1365 2313 terraeque

237 2331 384 2384 universae
401 2327 492 2380 indole
508 2327 634 2396 repetitis
650 2326 804 2381 luculenter
820 2328 948 2396 probavit
962 2328 1122 2396 Andrtossy
1137 2325 1314 2398 inllescript.
1331 2329 1365 2380 de

237 2415 309 2482 l’Eg.
327 2419 384 2466 etat
398 2411 468 2466 mod.
483 2414 559 2465 mem.
573 2411 585 2462 I
589 2451 596 2464 .
609 2429 637 2480 p·
648 2415 700 2470 272
713 2431 772 2483 seq.
791 2411 851 2464 coll.
860 2413 972 2483 nntiqq.
988 2413 1043 2465 vol.
1055 2413 1078 2465 I.
1096 2430 1152 2465 aec.
1168 2411 1272 2466 livrais.
1288 2432 1316 2483 p.
1330 2417 1366 2472 88

238 2515 332 2567 seqq,
352 2497 449 2550 utiam
464 2495 585 2549 dubitari
601 2504 734 2566 nequeat,
757 2514 822 2550 vera
838 2497 1009 2550 Herodotum
1024 2495 1161 2550 retulisse.
1194 2497 1278 2560 Quod
1295 2497 1365 2551 idem

237 2582 341 2652 placuit
356 2581 493 2634 Heerenio
508 2580 592 2632 Idaea
608 2587 660 2633 etc.
676 2581 713 2648 II,
728 2587 754 2639 2.
771 2600 798 2651 p.
814 2586 858 2640 80.
872 2587 907 2641 81
923 2589 981 2634 not.
999 2581 1059 2635 coll.
1075 2601 1102 2652 p.
1114 2587 1159 2648 55,
1174 2582 1365 2651 atqueram-

236 2666 350 2737 pollioni
365 2665 488 2735 l'Egypt.
505 2681 572 2718 sous
593 2665 610 2718 l.
626 2665 708 2718 Phar.
724 2666 760 2718 ll.
776 2684 804 2736 p.
815 2671 832 2724 3
843 2684 922 2736 sqq,
945 2667 994 2736 qui
1008 2667 1182 2737 antiquorum
1200 2667 1366 2736 scriptorum

237 2749 401 2804 testimoniis
426 2759 454 2802 et
476 2749 618 2818 geologica
644 2750 764 2803 locorum
789 2750 881 2804 indole
910 2751 979 2805 satia
1007 2753 1057 2804 boc
1078 2751 1221 2822 probatum
1250 2752 1365 2822 iudicat,

237 2837 393 2906 Aegyptam
405 2835 561 2888 interiorem
575 2835 638 2887 olim
651 2834 739 2888 luisse
753 2836 835 2888 maris
849 2835 1040 2891 mediterranei
1054 2837 1152 2903 sinum,
1171 2837 1218 2906 qui
1232 2836 1265 2888 ad
1279 2837 1366 2890 lllem—

237 2921 310 2990 pbira
339 2936 427 2990 usque
454 2925 482 2972 et
504 2919 628 2988 mediam,
659 2936 730 2989 quae
754 2937 829 2974 nunc
851 2921 984 2991 babetur,
1009 2921 1164 2991 Aegyptum
1187 2921 1366 2991 pertinuerit,

237 3013 295 3058 tum
308 3022 374 3058 vero
390 3003 447 3056 Nili
462 3003 523 3056 limo
539 3003 661 3074 repletus
675 3004 705 3056 in
721 3005 835 3074 paludes
852 3023 884 3059 ac
899 3009 998 3073 stagna
1016 3005 1174 3074 transierit,
1203 3005 1274 3058 ande
1288 3015 1367 3060 terra

238 3089 383 3142 continens
400 3087 542 3158 postmodo
559 3088 687 3154 evaserit,
707 3090 868 3144 documento
884 3107 947 3143 esse
960 3097 988 3144 et
1001 3091 1124 3159 regionis
1136 3090 1276 3160 planitiem
1289 3109 1366 3146 mou-

237 3174 313 3226 tibus
331 3173 462 3242 utrinque
475 3175 559 3226 ferme
575 3173 706 3226 inclusam
721 3180 749 3228 et
763 3175 853 3245 ipsum
866 3175 952 3229 solum
967 3177 1075 3245 nigrum
1087 3173 1273 3246 limosamque,
1290 3177 1365 3247 quod

237 3257 317 3310 duvii
342 3257 443 3310 alluvie
464 3259 613 3327 quotannis
634 3257 728 3326 adgeri
751 3265 890 3331 appareat.
924 3261 1051 3316 Omnium
1071 3261 1275 3314 accuratissime
1296 3263 1367 3314 bane

238 3359 293 3394 rem
305 3341 435 3394 tractavit
450 3339 550 3396 Ritter.
566 3341 717 3396 Erdkunde
731 3345 754 3398 I.
769 3362 796 3414 p.
806 3349 860 3404 840
871 3362 947 3415 seqq.
963 3351 1015 3407 846
1029 3365 1089 3416 seq.
1104 3350 1157 3405 852
1168 3361 1258 3415 seqq,
1274 3345 1366 3399 Hero·

237 3425 296 3478 doti
317 3425 508 3478 illustraturus
529 3427 706 3494 seutentiam,
734 3429 781 3498 qui
807 3429 963 3484 inferiorem
985 3431 1139 3500 Aegyptum
1161 3429 1240 3482 fluvii
1264 3429 1367 3484 donuru

238 3527 302 3564 esse
320 3510 489 3580 pronuntiat.
524 3510 614 3581 Atque
630 3513 772 3580 probatum
790 3514 812 3565 it
828 3514 870 3566 vir
884 3514 997 3582 doctus,
1019 3515 1076 3568 Nili
1094 3514 1323 3569 inundationibus
1339 3523 1367 3568 et

238 3595 318 3650 lluvii
333 3595 439 3648 alveum
459 3595 529 3663 erigi
545 3603 573 3648 et
587 3595 673 3650 solum
688 3597 829 3666 adiacens,
848 3599 1031 3653 subveniente
1047 3599 1152 3668 pariter
1169 3607 1268 3653 natura
1281 3607 1367 3670 etque

238 3679 375 3734 bominum
397 3683 473 3746 arte,
512 3681 661 3734 exstructis
683 3684 848 3750 aggeribus,
880 3683 1149 3750 matiscentium,
1180 3683 1367 3754 adhibitisque

237 3765 382 3818 machinis.
415 3764 476 3818 Nec
489 3783 555 3818 vero
567 3765 660 3818 eodem
673 3767 752 3820 modo
765 3767 915 3838 iisdemque
929 3770 1064 3822 mensuris
1079 3787 1129 3839 per
1145 3787 1237 3822 omnes
1248 3768 1368 3840 Aegypti

237 3855 332 3919 partes
346 3855 374 3902 et
388 3847 483 3904 Nilum
505 3856 534 3902 et
548 3849 637 3904 solum
650 3851 735 3919 erigi,
757 3852 807 3905 sed
827 3853 928 3906 variari
945 3872 995 3924 pro
1015 3855 1092 3908 varia
1106 3853 1195 3923 ipsius
1211 3861 1303 3906 terrae
1322 3853 1366 3906 in-

237 3933 318 4000 dole,
342 3933 384 3986 ita
401 3941 447 4000 ut,
476 3951 536 3990 cum
555 3934 638 3990 multo
657 3935 742 3990 maior
758 3941 848 3990 terrae
862 3937 940 4007 copia
955 3939 984 3992 in
999 3937 1126 4010 Aegypto
1140 3935 1368 4006 interieriluerit

237 4017 368 4086 adgesta,
390 4019 456 4072 baec
474 4019 551 4088 regio
567 4019 658 4074 serlus
673 4037 753 4090 quam
771 4021 892 4090 reliquae
902 4021 1021 4093 Aegypti
1037 4029 1130 4094 partes
1145 4029 1208 4074 nata
1222 4022 1313 4076 luisse
1327 4023 1367 4074 sit

238 4103 385 4156 censenda.
414 4103 513 4174 Neque
529 4105 653 4171 effugere
669 4122 752 4174 posse
772 4105 909 4158 sollertem
924 4115 1039 4162 naturae
1055 4113 1249 4172 scrutaterem,
1272 4105 1366 4175 aliquo

237 4191 374 4254 tempore,
395 4189 519 4256 quamvis
536 4188 732 4256 remotissimo,
756 4207 814 4244 eam
830 4197 945 4258 terram,
969 4209 1039 4262 quae
1061 4209 1134 4245 nrrnc
1146 4189 1226 4242 Delta
1244 4189 1365 4259 appelle

238 4273 298 4334 tur,
321 4271 442 4326 nondum
456 4273 612 4340 exstitisse,
635 4275 776 4342 postmodo
790 4275 896 4328 demum
907 4283 991 4330 ortam
1005 4283 1061 4330 tum
1071 4277 1143 4344 limo,
1165 4291 1245 4343 quera
1259 4275 1366 4327 durius

238 4352 395 4421 advexerit,
414 4361 471 4410 turo
482 4373 549 4410 vero
565 4358 644 4412 etiam
661 4375 759 4427 arena,
778 4375 858 4429 quam
875 4361 945 4416 idem
961 4378 1053 4416 secum
1066 4362 1162 4416 tulerit
1175 4359 1280 4416 turim
1298 4375 1366 4414 vra·
