2980 4932
231 305 271 369 22
668 295 939 362 HERODOTI

230 485 326 563 σθεὶς
345 481 384 551 dl
402 479 532 568 ἐνόμιζέ
552 481 586 547 ol
603 473 690 545 εἶναι
713 489 858 564 γυναῖκα
877 471 1002 544 πολλόν
1023 473 1158 542 πασέων
1177 477 1374 563 καλλίστην,

230 585 274 670 ὥς
293 614 329 656 τε
349 585 385 655 dl
411 589 515 653 ταῦτα
532 585 692 670 νομίζων·
725 571 769 669 ἦν
789 577 853 668 γάρ
875 582 910 648 ολ
927 583 996 648 τῶν
1019 575 1237 667 αἰχμοφόρων
1256 578 1397 668 Γύγης5

229 687 454 764 ὁΔασνύλον
476 684 698 777 ἀρεσκόμενος
727 680 883 774 μάλιστα·
923 681 1031 777 τούτῳ
1061 687 1108 776 τῷ
1133 680 1227 772 sopp
1250 684 1307 753 καὶ
1331 683 1375 754 τὰ
1482 723 1483 784 3

227 892 384 956 λονινίντην
406 887 477 954 λέγει
503 887 587 954 (quod
611 883 693 951 vulgo
715 902 774 937 rer·
825 901 897 936 mom
915 901 1023 948 onrens,
1041 885 1075 934 ed
1093 899 1173 950 quum
1193 887 1216 936 si
1237 885 1306 937 bsee
1318 889 1373 938 exi·

228 967 290 1015 tunt
317 963 384 1026 pelle
411 955 612 1026 praefocatum),
646 957 675 1006 id
705 957 774 1008 eeite
826 972 891 1022 gere
910 957 988 1019 velie,
998 955 1197 1020 respiciendum
1216 958 1267 1008 erit
1279 957 1314 1008 ad
1329 975 1371 1022 es,

229 1029 541 1085 emendsthblonskius
554 1024 772 1092 σννλονλὲαιην,
826 1041 896 1092 (μιιιο
917 1027 1004 1089 infre,
1028 1027 1121 1076 multis
1144 1028 1312 1091 interiectis,
1334 1030 1371 1080 le-

227 1106 246 1154 i.
273 1119 297 1154 e.
321 1102 402 1165 spolia
426 1100 580 1164 auferentem
604 1094 688 1162 (quod
708 1097 774 1148 utri·
826 1101 941 1164 guntur:
976 1089 1049 1160 ἔλεγε
1082 1088 1155 1160 πρὸς
1188 1089 1240 1146 τόν
1272 1093 1372 1164 Γύγην

228 1189 280 1240 qne
292 1169 437 1222 otHereuli
452 1167 618 1220 etMerourio
630 1167 698 1217 estis
711 1183 774 1218 oon·
826 1158 931 1216 τοιάδε.
950 1166 1053 1217 Eodem
1072 1167 1129 1217 iere
1154 1167 1234 1218 modo
1258 1157 1328 1219 ὥστε
1346 1169 1369 1232 1,

227 1243 334 1305 veniet,
348 1257 409 1291 eum
422 1237 491 1290 alter
507 1239 619 1300 virtute,
632 1237 701 1287 ulter
711 1237 773 1287 dolo
826 1235 860 1287 73
877 1238 905 1286 in
922 1237 1012 1286 verbis
1031 1224 1115 1286 ὅστε
1132 1229 1164 1286 dl
1178 1233 1242 1302 περὶ
1263 1239 1372 1288 πολλοῦ

226 1311 316 1380 spolie
336 1309 468 1376 soleret),
491 1313 540 1360 sut
563 1300 771 1371 σκνλοπύντην,
824 1299 996 1370 ποιεόμενος
1013 1297 1120 1364 αύτούς
1142 1322 1168 1357 ιι.
1186 1323 1215 1362 ,τ.
1234 1307 1258 1358 λ.
1296 1310 1369 1359 Hine

226 1384 281 1435 i.e.
296 1381 532 1448 pnynantem‚petle
546 1377 771 1428 leonuairuuuan.
824 1376 985 1440 explicanda
1013 1391 1119 1442 quoque
1143 1378 1171 1428 in
1199 1394 1259 1444 sqq.
1286 1381 1368 1444 perti-

227 1451 296 1503 Mihi
313 1456 438 1500 neutrum
453 1448 557 1513 plseetz
582 1447 683 1496 etenim
707 1458 772 1494 σαν·
824 1445 886 1496 culs
903 1438 965 1511 γὰρ,
985 1463 1039 1512 qua
1056 1447 1189 1498 rationem
1208 1449 1368 1500 anteceden-

225 1519 381 1583 λοπνλιινης
409 1533 496 1568 cortou
526 1516 702 1581 suffocatorem
729 1515 772 1564 de·
823 1517 891 1566 tium
918 1516 1115 1582 quodammodo
1143 1517 1233 1568 reddit
1263 1525 1366 1580 auctor,

226 1589 314 1640 oleret
339 1593 487 1652 aptumque
515 1586 599 1636 behet
626 1585 715 1636 losum
743 1585 772 1634 in
823 1586 912 1636 minus
930 1586 977 1636 ille
1003 1587 1110 1653 quidem
1129 1591 1299 1652 necessarie,
1321 1591 1367 1642 sed

226 1659 317 1721 furtis,
336 1657 371 1708 ad
394 1673 464 1722 quse
488 1655 594 1706 facilins
616 1655 773 1721 peragenda
824 1671 894 1722 quse
911 1671 966 1706 non
986 1658 1044 1707 sine
1067 1659 1094 1707 vi
1118 1659 1233 1724 quedem
1258 1661 1293 1710 ad
1316 1660 1368 1711 loci

226 1743 323 1780 oenum
347 1725 510 1778 suffoestore
532 1740 600 1791 opus
621 1730 671 1776 est.
708 1725 771 1775 Vid.
822 1731 1009 1792 argumentum
1035 1727 1225 1780 declarandum
1244 1733 1369 1796 apposite

226 1800 260 1862 Q.
276 1797 385 1850 Curtius
404 1798 432 1848 in
448 1795 560 1849 Hoeier.
580 1795 737 1846 zeitschrift
750 1795 770 1845 f.
823 1802 873 1846 eet.
892 1797 935 1846 Tu
953 1797 988 1849 ei.
1009 1797 1108 1848 Metth.
1130 1799 1175 1850 Gr.
1195 1800 1241 1850 Gr.
1262 1803 1288 1862 ξ.
1306 1801 1367 1861 elo,

226 1869 253 1920 d.
272 1867 439 1920 Wissenseh.
459 1867 485 1918 d.
508 1865 620 1932 Sprseb.
639 1866 677 1928 11,
698 1865 722 1916 1.
742 1881 769 1930 μ.
821 1867 884 1916 VII.
904 1882 931 1930 p.
950 1866 1010 1918 1106.
1029 1868 1111 1918 Plura
1128 1869 1163 1919 ad
1179 1871 1314 1934 Herodi,
1324 1874 1366 1922 24.

226 1939 287 1991 220.
308 1939 354 2005 qni
373 1935 610 1989 adsenscritanas
629 1951 772 2000 sequere·
823 1937 874 1986 124
900 1935 961 1986 ooll.
989 1937 1041 2001 111,
1066 1939 1125 1989 121.
1151 1941 1268 2006 Egregie
1294 1959 1367 2004 vero,

226 2009 300 2059 dices
328 2007 489 2074 regreditur.
526 2005 568 2057 Ad
598 2021 714 2056 eennom
747 2021 769 2055 s.
821 2009 853 2055 ut
872 2009 913 2054 tot
933 2005 995 2068 elis,
1013 2007 1085 2059 hune
1109 2007 1199 2059 locum
1222 2006 1367 2062 remse'ulo

225 2075 385 2129 arundinem
406 2077 434 2126 in
455 2075 593 2139 Lydorum
620 2082 694 2125 terre
717 2075 771 2124 fre·
823 2091 946 2125 sermone
978 2079 1113 2142 expressit
1144 2080 1253 2146 Lange,
1292 2083 1368 2132 euius

226 2151 352 2212 quentem
367 2145 504 2196 Constantis
522 2159 619 2195 nomen
634 2159 720 2209 nuper
732 2159 773 2193 re·
824 2145 975 2196 versionem
993 2147 1189 2213 rescriberem,
1210 2151 1264 2200 nisi
1280 2152 1368 2203 breri-

226 2216 290 2266 tulit
312 2214 364 2266 Ed.
387 2213 502 2264 Mueller
523 2215 551 2263 in
574 2213 770 2264 Schneidewin.
824 2215 877 2264 toti
895 2217 1089 2268 consulendum
1105 2223 1186 2270 esset.

225 2283 441 2350 Philolog.v11,
460 2285 485 2333 ε.
505 2299 532 2348 p.
550 2281 611 2333 253.
640 2275 772 2332 novett-
858 2277 955 2350 Γύναι
974 2277 989 2336 ὁ
1010 2281 1169 2358 Δασκύλου]
1193 2291 1234 2340 ne
1252 2291 1369 2343 sutori.

226 2355 275 2412 2⁰⁶
296 2355 440 2420 praetereo
463 2367 505 2417 op.
532 2351 631 2402 Athen.
656 2351 719 2402 XII.
744 2369 770 2418 p.
824 2355 909 2421 Gygis
929 2357 1067 2424 variisque
1084 2364 1152 2409 vett.
1171 2359 1204 2409 de
1230 2376 1261 2410 eo
1285 2363 1368 2413 tredi-

226 2423 287 2475 516.
300 2438 360 2488 sp.
372 2421 476 2474 oleon.
490 2420 641 2486 Schweigb.
654 2423 772 2472 oeeurrit
822 2425 943 2476 tionibus
959 2428 1014 2478 vid.
1040 2429 1113 2479 infra
1139 2429 1174 2479 sd
1196 2447 1220 2480 e.
1244 2433 1286 2481 12.
1325 2433 1368 2483 In-

226 2491 394 2545 eondimenti
412 2491 470 2540 sive
490 2489 572 2540 edulii
590 2507 675 2556 genus
689 2491 772 2557 Lydi·
822 2499 926 2545 tactum
938 2497 1035 2562 reliqui
1046 2491 1203 2559 Δασκύλου,
1217 2501 1290 2565 quod
1302 2504 1369 2554 Diu.

226 2578 296 2614 onm.
318 2563 361 2612 De
377 2575 430 2626 qno
447 2559 627 2624 temenplurs
644 2577 698 2612 non
710 2577 772 2612 oon·
823 2564 886 2614 dori
898 2582 925 2630 p.
945 2568 999 2617 XII
1017 2569 1046 2618 in
1063 2560 1214 2618 Δασκύλεω
1233 2576 1367 2623 mutatum

226 2635 312 2684 stunt.
330 2631 393 2682 Vid.
413 2629 552 2679 Isblonsk.
571 2629 590 2680 l.
607 2629 626 2680 l.
642 2647 669 2696 p.
686 2629 729 2683 86.
745 2635 772 2682 et
821 2635 891 2697 vult,
916 2651 933 2685 e
956 2637 1096 2688 Dietsobio
1118 2655 1190 2688 nuno
1213 2647 1367 2707 receptum

227 2701 298 2753 Guil.
325 2699 451 2750 Dindorf·
480 2698 500 2750 l·
530 2697 549 2748 l·
581 2698 629 2749 IV·
656 2717 683 2766 p.
709 2699 770 2752 931.
823 2704 871 2754 sed
888 2705 944 2756 vid.
964 2707 1080 2758 Bredov.
1099 2725 1126 2773 p.
1145 2707 1197 2760 233
1215 2725 1291 2776 seqq.
1323 2713 1368 2764 Sic

226 2771 266 2822 Ut
283 2769 318 2820 sd
337 2768 503 2819 Candaulem
521 2767 658 2832 Lydorum
681 2785 770 2836 regem
823 2789 930 2840 quoque
958 2769 1109 2827 Δασκύλου
1142 2779 1215 2842 apud
1244 2781 1366 2833 Peussn.

225 2839 372 2906 regredior,
390 2839 486 2888 mirum
505 2835 683 2902 sensistis,
703 2856 772 2905 qnae
821 2845 869 2904 IV,
889 2845 920 2895 21
941 2851 968 2895 et
986 2845 1029 2898 35.
1047 2851 1074 2896 et
1093 2848 1122 2898 in
1137 2849 1244 2900 Nicolai
1266 2853 1367 2902 Dama.

224 2925 311 2975 nuper
328 2909 391 2960 Csr.
408 2905 532 2959 Muelleri
549 2903 771 2972 (Frsgmmbist.
823 2915 898 2964 seeni
909 2915 1052 2982 Excerptis
1065 2917 1084 2968 l.
1102 2917 1121 2968 l.
1140 2934 1203 2985 pag.
1222 2919 1284 2972 382,
1304 2921 1366 2975 383,

225 2979 339 3032 Graece.
357 2977 410 3028 111.
430 2994 457 3042 p.
477 2975 529 3028 380
552 2976 621 3042 seq.)
646 2981 673 3027 et
696 2979 767 3045 Aug.
822 2983 883 3034 385.

224 3049 256 3098 L.
285 3047 384 3099 Federi
418 3046 566 3111 (Excerpts
602 3062 616 3096 e
642 3045 767 3112 Polybio,
855 3044 946 3119 τούτῳ
965 3051 1005 3121 τῷ
1024 3047 1104 3122 Γύγῃ
1128 3049 1199 3106 -ὁ
1225 3057 1330 3128 Ksed]
1348 3063 1366 3111 i.

223 3117 345 3168 Diodoro
364 3113 679 3168 eto.Dermstsd.1848.
699 3117 768 3168 isse.
821 3137 844 3170 e.
870 3121 927 3174 tute
948 3125 1014 3189 Gyae·
1036 3141 1079 3176 ree
1102 3129 1175 3176 etium
1200 3132 1368 3194 praeterimus

225 3187 264 3236 11·
281 3203 309 3250 p·
329 3185 372 3237 80·
392 3201 415 3237 θ.
434 3201 461 3250 p.
481 3183 529 3234 101
550 3183 592 3234 ed·
612 3184 690 3251 min.)
703 3202 769 3237 cura
818 3193 977 3252 permittebat
998 3195 1141 3247 Candaules
1165 3213 1188 3246 e.
1214 3215 1268 3249 eum
1290 3200 1366 3250 doeoe

225 3271 240 3306 e
258 3255 352 3306 eodiee
366 3253 550 3305 Esoorislensi
562 3255 591 3304 in
608 3255 696 3306 lucem
708 3271 769 3320 pro·
821 3261 890 3323 (type
907 3276 950 3311 res
968 3266 1042 3314 ettam
1057 3269 1221 3330 pravissimas
1237 3274 1367 3320 commi.

225 3329 315 3374 trnote
333 3323 768 3388 eunt‚NieoleiDsmuseeniEx-
819 3328 904 3382 catut.
942 3322 1210 3396 ύπερτίθεσθαλ
1236 3338 1298 3389 τινί
1327 3357 1363 3402 τι,

225 3395 325 3459 eerptis
344 3393 378 3444 de
387 3393 526 3460 Lydorum
544 3393 659 3476 historie
677 3410 769 3444 neno·
820 3413 872 3447 oum
891 3401 975 3465 aliquo
988 3405 1073 3467 aliqua
1086 3406 1118 3455 de
1135 3421 1165 3456 re
1178 3413 1365 3466 emmrunioare,

223 3462 768 3600 ttulltffhtttltll.stetu
819 3468 1294 3610 {tlt'tztltttttutl‘tf
1316 3483 1365 3600 tt·

223 3605 280 3653 curi
298 3603 454 3669 θαύμασαν,
474 3619 491 3652 s
508 3603 586 3668 Gyge
602 3619 687 3669 regno
710 3603 767 3668 pul·
818 3607 878 3655 aliis
897 3607 973 3671 loeis,
990 3625 1058 3674 quos
1075 3613 1208 3664 indicabit
1221 3615 1288 3667 Lex.
1309 3621 1362 3670 He-

222 3687 281 3722 sum
304 3671 348 3738 (de
371 3689 424 3738 quo
447 3687 510 3739 rege
531 3673 608 3734 etl,
628 3672 767 3740 1o),elis-
818 3676 875 3726 rod.
897 3677 1047 3742 Schweipb.
1067 3708 1102 3716 -
1121 3684 1197 3745 Quae
1214 3693 1364 3752 sequnntur

223 3758 276 3806 que
290 3743 398 3793 omnino
416 3741 523 3792 narrari
544 3743 579 3791 eb
602 3741 766 3792 Herodoteis
819 3747 911 3809 verbs,
923 3763 955 3797 es
965 3749 1055 3800 malim
1066 3757 1176 3817 propter
1188 3756 1363 3822 perticipium

222 3811 331 3862 diverse
358 3811 465 3878 alioque
487 3827 520 3861 ex
541 3811 630 3872 fonte,
656 3812 766 3862 Xentho
818 3815 858 3864 sie
883 3817 1032 3881 explicare:
1056 3829 1082 3871 et
1104 3837 1164 3872 vero
1186 3827 1260 3874 etiem
1282 3830 1307 3877 ιἰι
1333 3845 1362 3880 eo

222 3881 317 3944 opinor
334 3897 423 3932 rernm
445 3879 628 3944 Lydisourum
653 3881 767 3944 scripto·
819 3881 868 3948 (so.
894 3887 1007 3938 multum
1036 3888 1076 3940 illi
1103 3893 1268 3960 tribuebat),
1296 3901 1365 3962 quod

222 3966 249 3999 re
268 3949 358 4001 dueta.
374 3949 452 4001 Coni.
462 3963 531 4014 qnae
541 3948 598 3996 dixi
610 3947 638 3996 in
649 3949 667 3999 J
669 3949 763 3999 nbrbb.
817 3957 907 4004 uxorio
919 3973 979 4008 suae
993 3959 1100 4022 formem
1117 3977 1196 4026 supro
1208 3965 1304 4016 modum
1315 3984 1362 4018 er-

220 4019 344 4098 nppilol.
352 4016 679 4082 u.Peedsg.L1X.p.257
687 4034 763 4084 seqq.
815 4026 880 4082 tulit,
891 4024 924 4074 de
942 4027 983 4077 his
1000 4045 1039 4079 ee.
1058 4031 1138 4081 rebns
1157 4047 1217 4082 cum
1231 4049 1263 4084 eo
1277 4039 1363 4088 verbs

255 4103 294 4145 ως
311 4103 339 4138 τε
362 4081 504 4136 δὲταῦτα
526 4081 659 4152 νομίζων]
677 4088 764 4139 Valde
815 4092 934 4158 iaciens,
959 4097 991 4147 de
1018 4100 1115 4164 quibus
1143 4102 1188 4151 vix
1218 4119 1278 4155 cum
1306 4107 1360 4158 alio

219 4156 368 4207 notandum
387 4153 476 4205 ethic
495 4158 522 4203 et
540 4153 568 4202 in
586 4158 762 4218 sequentibus
801 4159 953 4228 'quopism,
982 4168 1037 4217 nisi
1067 4185 1127 4220 oum
1153 4172 1249 4224 intimo
1276 4182 1360 4242 utque

219 4224 332 4289 simplex
346 4228 373 4274 et
390 4223 530 4286 antiquum
546 4221 653 4272 dicendi
666 4240 760 4290 genus,
815 4231 1026 4288 familiarissimo
1049 4240 1136 4290 amieo
1163 4258 1254 4308 regem
1278 4247 1360 4298 collo-

218 4293 291 4358 qnod
310 4293 363 4342 sibi
384 4290 475 4356 plseet
497 4292 619 4374 saepius¹
632 4293 703 4376 idem
721 4313 761 4346 re.
813 4303 860 4366 qui
874 4319 923 4368 par
938 4309 1006 4356 erat,
1029 4307 1098 4358 Nam
1117 4315 1147 4361 ut
1163 4312 1198 4362 iis
1212 4318 1359 4381 assentiar,

218 4367 324 4430 petens,
341 4375 392 4412 nee
410 4375 532 4412 sorerem
550 4367 682 4415 orauoms
699 4380 760 4417 nor·
812 4371 859 4436 qni
883 4375 1056 4442 perticipium
1075 4369 1291 4444 ὑπερεπαινέων
1308 4404 1358 4455 pro
