3086 4952
188 267 250 329 246
624 265 895 328 HERODOTI

189 439 268 522 τούς
287 441 350 530 μὲν
369 445 475 520 οἰκίας
496 442 721 528 οἰκοδομέειν,
745 438 822 519 τούς
842 439 879 509 δὲ
901 436 1113 528 δορυφόρους
1134 437 1239 520 εἰναι,
1264 435 1323 506 τὸν

190 550 229 616 δέ
246 571 309 612 κου
326 541 402 611 τινὰ
417 541 530 612 αὐτῶν
549 541 729 632 ὀφθαλμὸν
745 546 897 631 βασιλέος
918 540 1022 624 εἰναι,
1052 545 1098 633 τῷ
1119 544 1159 611 δέ
1177 567 1243 610 τινι
1265 538 1321 619 τὰς

189 646 346 736 ἀγγελίας
365 649 522 734 ἐσφέρειν
543 651 657 716 έδίδου
678 649 794 734 γέρας,
823 641 867 726 ὦς
886 647 1011 737 ἑκάστῳ
1035 650 1135 732 ἔργον
1155 642 1320 732 προστάσ-

189 774 268 821 σων.
298 744 346 828 εἰς
369 747 411 838 δὴ
430 751 559 819 τούτων
579 755 647 819 τῶν
665 755 811 819 παιδίων
824 755 1035 836 συμπαιζων,
1060 745 1124 816 daia
1142 744 1321 836 Ἀρτεμβά-

191 881 264 944 ρεος
279 867 372 937 παῖς,
395 850 517 943 ἀνδρὸς
536 859 676 942 δοκίμου
696 856 732 921 έν
750 851 915 940 Μήδοισι,
934 848 1052 938 οὐγὰρ
1072 848 1114 938 δὴ
1134 852 1267 938 ἐποίησε
1286 847 1323 917 τὸ

191 955 402 1045 προσταχθὲν
419 958 455 1023 ἐκ
474 960 533 1024 τοῦ
547 955 681 1043 Κύρου,
701 959 834 1024 έκέλευε
855 952 958 1023 αὐτὸν
977 951 1054 1033 τοὺς
1067 950 1188 1032 ἄλλους
1202 958 1323 1034 παῖδας

191 1066 374 1146 διαλαβεῖν.
409 1062 623 1145 πειθομένων
645 1059 681 1127 δὲ
701 1063 768 1126 τῶν
794 1063 942 1142 παίδων,
968 1052 985 1124 ὁ
1006 1062 1118 1144 Κῦρος
1141 1055 1199 1125 τὸν
1219 1061 1323 1124 παῖδα

190 1165 335 1250 τρηχέως
357 1160 461 1248 κάρτα
486 1165 643 1249 περιέσπε
665 1164 866 1249 μαστιγέων·
899 1156 994 1246 ddi,
1025 1161 1100 1228 έπεί
1121 1185 1156 1226 τε
1183 1166 1323 1247 μετείθη

189 1266 341 1352 τάχιστα,
369 1260 413 1343 ὥς
434 1292 472 1351 γε
494 1263 536 1353 δὴ
554 1261 671 1346 ἀνάξια
694 1267 821 1333 ἑωυτοῦ
842 1260 980 1346 παθών,
1005 1262 1132 1349 μᾶλλόν
1151 1289 1182 1330 τι
1205 1289 1321 1351 περιη-

154 1460 159 1468 .
190 1372 321 1456 μέκιεε·
348 1365 524 1436 κατελθών
539 1367 575 1435 δὲ
598 1369 631 1446 ές
650 1367 767 1451 πόλιν,
790 1364 871 1456 πρὸς
890 1363 949 1434 τὸν
968 1369 1094 1454 πατέρα
1108 1362 1323 1449 ἀποικτίζετο,

225 1529 319 1590 οἰκίας
336 1529 572 1597 οἰκοδομέειν]
595 1532 733 1582 Pauwium

192 1603 379 1654 emendantem
399 1599 587 1664 οἰκονομέειν,
608 1605 638 1650 αλ
656 1599 734 1648 intel·

191 1672 311 1737 ligantur
340 1672 411 1737 regis
440 1665 604 1735 οἰκονόμοι,
636 1670 733 1735 quibus

191 1743 319 1791 universa
337 1747 364 1790 ct
382 1739 488 1790 aedium
505 1745 532 1790 et
546 1755 632 1789 rerum
645 1739 734 1788 dorne-

191 1811 322 1861 stiearum
340 1811 423 1859 fuerit
441 1825 520 1872 cura,
543 1811 611 1859 bene
635 1809 735 1858 reluta-

191 1882 231 1930 vit
249 1879 459 1945 Wesselingius,
479 1895 540 1928 cum
558 1879 601 1928 hie
625 1879 657 1928 de
672 1894 735 1943 pue-

192 1965 282 1999 rorum
310 1949 371 1998 lusu
401 1950 438 1998 sit
462 1964 562 2011 sermo,
591 1949 635 1998 cui
661 1953 735 1997 certe

192 2019 293 2083 optime
317 2020 445 2068 convenit
467 2033 560 2079 casas,
583 2017 664 2066 aedes
690 2030 735 2066 'ae-

193 2087 309 2136 dificare
328 2088 359 2136 In
372 2089 548 2152 sequentibus
558 2087 650 2135 itidem
658 2086 735 2137 Gais-

192 2157 309 2206 l'ordium
335 2173 426 2206 sumus
450 2157 545 2217 secuti,
570 2156 733 2206 scribentes:

193 2216 255 2273 τὸν
290 2222 321 2273 δέ
348 2239 400 2274 κου
429 2219 492 2274 τινὰ
515 2217 620 2288 αὐτῶν,
643 2241 735 2289 quam-

784 1530 1009 1594 Jnternuntr'orraa,
1034 1532 1080 1596 qui
1100 1531 1202 1581 Graece
1220 1545 1325 1596 quoque

785 1601 912 1650 dicuntur
937 1591 1138 1664 ἀγγελιαφόροι
1168 1617 1191 1651 s.
1223 1593 1253 1648 οἱ
1276 1593 1325 1657 τὰς

784 1661 913 1733 ἀγγελίας
930 1664 1118 1732 εἰσφέροντες,
1134 1685 1229 1719 munus
1246 1668 1325 1738 intel-

785 1739 880 1804 ligitur
898 1755 930 1788 εκ
948 1739 1034 1802 ipsius
1049 1739 1182 1789 Herodoti
1201 1739 1219 1790 l.
1236 1738 1255 1790 1.
1273 1741 1326 1788 Per

785 1809 834 1858 hos
858 1809 929 1858 enirn
957 1823 1087 1872 responsa
1114 1809 1216 1858 dabant
1248 1824 1325 1873 reges

786 1879 828 1940 iis,
848 1879 894 1944 qui
912 1879 985 1943 ipsos
1001 1878 1115 1927 adibant
1137 1886 1185 1928 aut
1208 1877 1272 1942 quid
1291 1879 1324 1928 ab

786 1949 852 2012 ipsis
879 1948 1019 2013 petebant.
1048 1947 1127 1997 Cous.
1157 1947 1326 1996 Brissonium

786 2019 818 2066 de
837 2033 892 2082 reg.
913 2019 988 2068 Pers.
1008 2016 1092 2080 princ.
1112 2017 1134 2079 1,
1153 2017 1204 2066 212
1222 2032 1279 2081 seq.

821 2080 862 2142 εἰς
885 2078 921 2150 δὴ
944 2078 1054 2135 τούτων
1078 2101 1104 2133 κ.
1129 2101 1153 2134 τ.
1174 2083 1209 2151 λ.]
1230 2085 1326 2136 Oratio

785 2155 938 2219 interrupta
955 2153 1059 2205 causali
1077 2156 1213 2205 sententia
1227 2147 1261 2204 ου’
1275 2147 1327 2219 γὰρ

785 2216 821 2288 δὴ
841 2215 956 2287 ἐποίησε
974 2240 999 2272 κ.
1018 2240 1041 2272 τ.
1060 2222 1083 2273 λ.
1100 2224 1248 2288 multisque
1264 2224 1326 2273 aliis

193 2310 274 2359 quam
301 2293 373 2356 libri,
401 2309 454 2344 uno
487 2298 614 2358 excepto,
645 2295 734 2343 fernnt
784 2294 874 2344 verbis
893 2293 1021 2353 adieetis3
1045 2297 1075 2342 tu
1093 2295 1129 2344 cl.
1150 2294 1186 2344 ad
1203 2296 1225 2356 l,
1247 2291 1271 2343 8.
1292 2295 1324 2342 21

193 2362 260 2412 τῶν
284 2360 316 2411 δέ
338 2378 400 2412 κου.
427 2364 516 2428 Atque
538 2364 592 2412 iam
610 2364 734 2428 Wytten-

193 2432 307 2482 bachius
331 2434 359 2482 in
384 2432 482 2484 Seleet.
507 2433 573 2483 hist.
597 2447 659 2496 pag.
685 2432 732 2482 351

193 2502 326 2551 maluerat
349 2493 414 2562 τὸν,
438 2503 484 2566 qui
508 2505 578 2553 idem
597 2502 681 2550 verba
699 2491 737 2556 ὡς

194 2563 300 2636 ἑκάστῳ
317 2564 401 2634 ἔργον
413 2565 601 2633 προστάσσων
613 2571 653 2620 sic
667 2571 737 2619 verti

194 2639 282 2688 iubet:
307 2655 369 2701 opus
392 2641 523 2704 arsissetque
543 2655 593 2701 pro
614 2656 659 2690 auo
683 2643 737 2702 ipse

193 2708 285 2758 iudicio
302 2707 436 2763 marrdaas,
461 2724 482 2758 s.
508 2724 571 2771 opus
592 2711 693 2772 cuique,
712 2716 739 2757 αἰ

194 2777 349 2838 οοιιυεκίττλ,
386 2777 508 2827 mandans
546 2777 592 2842 (ad
629 2779 736 2828 Platon.

195 2844 334 2895 Phaedon.
352 2861 379 2909 p.
399 2845 473 2904 215).
507 2849 549 2896 Tu
568 2848 738 2898 centenam

195 2914 217 2976 Ι,
237 2914 379 2980 statuique
397 2920 467 2966 nott.
494 2917 656 2981 Scripsimus
674 2933 739 2982 quo-

196 2999 248 3048 que
267 2981 396 3050 βασιλέος
414 3001 462 3050 pro
482 2983 629 3052 βασιλῆος,
649 2990 679 3036 ut
696 3002 739 3035 su-

194 3068 253 3118 pra,
273 3059 300 3102 et
320 3043 450 3115 ἐσφέρειν
468 3071 515 3119 pro
535 3053 646 3118 φέρειν,
666 3056 737 3118 quod

195 3121 323 3184 vulgatas
341 3121 472 3173 editiones
492 3124 554 3172 olirn
574 3124 736 3188 oecrrpabat.

195 3190 259 3240 Vid.
278 3189 332 3248 III,
351 3191 393 3238 77.
414 3191 456 3250 sl,
476 3192 523 3241 ubi
538 3191 632 3240 eodem
648 3193 675 3240 in
694 3209 738 3242 ne-

197 3259 273 3322 gotio
292 3248 471 3320 έσαγγελειῖς.
506 3261 570 3309 Fuit
587 3261 631 3310 hie
649 3261 740 3312 Medo-

198 3343 256 3376 rum
274 3341 368 3390 regum
386 3341 453 3390 mos,
472 3332 502 3378 ut
519 3345 597 3378 nemo
612 3329 647 3379 ad
666 3331 740 3395 ipsos

197 3395 350 3456 accederet,
368 3396 422 3444 uisi
434 3413 481 3461 per
495 3399 633 3450 ministros
650 3402 739 3465 regios

197 3470 280 3515 antea
309 3464 455 3528 indicatas,
485 3469 528 3517 cui
557 3468 609 3532 ipsi
637 3471 740 3520 aditum

197 3541 397 3586 concesserant.
430 3537 509 3598 Quod
536 3537 611 3598 dein,
640 3545 670 3588 ut
698 3544 740 3590 tot

197 3604 262 3667 alia,
280 3604 314 3654 ad
332 3605 475 3655 Persarum
494 3623 571 3671 reges
597 3609 739 3659 transiisse

197 3675 330 3724 neminem
349 3675 405 3724 fere
425 3675 504 3740 fugit.
537 3678 650 3726 Praeter
668 3679 740 3727 Bris-

198 3743 312 3802 sonium,
333 3745 408 3792 cuius
426 3743 515 3794 locum
534 3746 586 3795 iam
606 3762 687 3811 supra
706 3747 740 3796 ad

785 2367 856 2413 nott.
878 2363 935 2414 155.
963 2364 1022 2413 174.
1050 2363 1092 2412 Ad
1113 2354 1218 2411 ίκέλευε
1236 2367 1325 2411 mente

787 2431 939 2482 addendum
967 2447 1028 2482 esse
1055 2421 1193 2495 δΚῦρος,
1222 2431 1324 2479 monitu

786 2501 832 2550 vix
851 2517 928 2566 opus.
950 2531 985 2560 ι-
1010 2492 1204 2564 Ἀρτεμβάρεος
1224 2499 1267 2548 hic
1285 2515 1325 2548 re-

786 2570 853 2636 liqui
881 2571 1027 2632 intaetum,
1053 2585 1113 2618 cum
1140 2567 1186 2616 alii
1211 2575 1324 2617 receutt.

787 2641 847 2689 cdd.
861 2643 1012 2690 mutassent
1028 2627 1264 2702 1ιιἈρτεμβοίρεω.
1283 2638 1327 2687 Tu

788 2711 823 2761 cf.
836 2711 952 2760 Bredov.
974 2725 1000 2774 p.
1021 2709 1070 2759 232
1089 2712 1116 2756 et
1133 2705 1188 2756 rid.
1207 2722 1275 2772 quae
1293 2706 1327 2756 ad

788 2780 811 2840 Ι,
833 2780 880 2828 111
899 2777 964 2829 dixi.
997 2779 1072 2829 Idem
1090 2791 1187 2826 nomeu
1204 2777 1231 2826 in
1248 2777 1328 2827 Nico-

789 2848 825 2896 lai
839 2849 1003 2898 Damasceni
1016 2846 1157 2910 Excerptis
1175 2862 1201 2911 p.
1221 2847 1272 2898 3118
1285 2863 1328 2897 oc-

789 2917 875 2968 currit
897 2919 948 2966 viri
974 2916 1137 2967 nobilissimi
1165 2931 1197 2966 ac
1225 2917 1329 2982 pincer-

788 3003 884 3036 narum
903 2987 1034 3052 praelecti
1053 2987 1081 3035 in
1095 2987 1171 3052 regia
1189 2985 1266 3050 aula,
1285 2987 1330 3052 qui

789 3058 887 3121 Cyrum
912 3072 1023 3121 puerum
1050 3071 1194 3121 pauperem
1218 3063 1245 3106 et
1264 3057 1306 3106 inf
1322 3087 1331 3096 ·

788 3125 905 3176 rioribus
923 3126 1076 3176 muneribus
1097 3127 1186 3177 adhuc
1210 3127 1332 3177 functum

790 3195 824 3245 ad
843 3211 872 3244 se
889 3196 1018 3256 admittit,
1031 3211 1064 3244 ac
1077 3196 1174 3245 deinde
1191 3195 1275 3246 filium
1287 3197 1332 3246 ad-

790 3269 867 3329 optat
884 3270 912 3314 et
929 3267 957 3314 in
974 3267 1015 3314 sui
1036 3265 1122 3329 ipsius
1147 3266 1235 3316 locum
1260 3265 1333 3330 apud

790 3335 940 3398 Astyagem
969 3335 1124 3394 substituit,
1155 3335 1201 3399 qui
1225 3343 1332 3385 mortuo

790 3404 950 3453 Artemhare
967 3419 1059 3453 omnes
1085 3405 1143 3453 eius
1172 3419 1236 3466 opes
1265 3404 1332 3452 alia-

790 3488 842 3536 que
867 3472 938 3522 dona
964 3471 1049 3522 multa
1072 3473 1144 3537 Cyro
1173 3472 1269 3521 tribuit
1297 3471 1331 3520 ad

791 3557 922 3591 summam
940 3541 1101 3606 dignitatern
1119 3543 1172 3590 iam
1191 3545 1294 3589 evecto.

825 3601 931 3659 έκέλευε
961 3641 996 3650 -«
1022 3607 1213 3674 διαλαβεῖν]
1235 3606 1330 3656 διαλα-

791 3676 851 3744 βεῖν
870 3678 928 3744 (pro
947 3675 1118 3743 διαλαβὲειν)
1139 3694 1153 3727 e
1177 3677 1330 3726 melioribus

790 3747 868 3797 libris
891 3765 951 3798 cum
976 3746 1131 3799 Gaissorrlio
1155 3746 1329 3796 adscivimus.

198 3813 221 3868 1,
248 3811 297 3860 100
322 3813 475 3876 citavimus,
494 3816 566 3865 conf.
581 3816 697 3867 Heeren.
713 3818 740 3865 iu
790 3819 919 3867 Estvcro
936 3817 993 3867 bic:
1015 3817 1118 3866 mediam
1141 3817 1245 3880 aliquem
1267 3830 1332 3864 conr-

198 3879 281 3929 Ideen
309 3877 331 3937 Ῑι
364 3881 386 3929 l.
416 3896 478 3946 pag.
509 3885 570 3936 473.
609 3885 740 3935 Gesenius
787 3886 953 3949 pretendere,
974 3892 1004 3934 ut
1022 3886 1069 3948 IV,
1082 3885 1127 3936 94.
1141 3885 1184 3946 08,
1196 3884 1242 3934 ubi
1256 3885 1330 3936 conf.

197 3947 300 4026 rhoea
319 3961 462 4000 monumm.
483 3967 508 4014 p.
528 3953 589 4004 282.
613 3955 741 4005 Hammer
792 3955 953 4018 Wesseling.
973 3955 1171 4005 Grammaticus
1189 3954 1284 4005 Graec.
1304 3955 1332 4004 iu

200 4013 361 4092 Gescbrcbte
375 4016 422 4066 der
434 4019 571 4072 Osmaae‘n
591 4023 615 4073 1.
633 4041 659 4088 p.
682 4027 740 4076 157.
791 4023 908 4074 Beklseri
941 4023 1061 4074 Auecdd.
1093 4025 1116 4074 I.
1146 4041 1173 4088 p.
1202 4023 1236 4075 36
1267 4025 1332 4073 bina

198 4086 240 4134 De
264 4081 430 4146 οφθαλμοίς
454 4103 475 4136 s.
505 4094 596 4150 oeulis,
629 4109 741 4157 quorum
791 4093 873 4142 verbo
904 4088 1049 4158 διαλαβεῖν
1074 4093 1222 4158 significari
1250 4095 1333 4142 adno-

200 4157 258 4202 erat
278 4150 312 4200 ad
331 4167 419 4217 regem
437 4155 549 4219 deferre,
564 4161 695 4226 quidquid
714 4164 741 4212 in
792 4167 846 4222 tat,
865 4160 979 4212 alterum
1001 4154 1032 4211 τὸ
1054 4152 1231 4227 ἑκατέρωθέν
1256 4177 1333 4219 τινος

199 4225 257 4302 tqto
275 4235 359 4301 reguq
376 4229 509 4287 ageretur,
528 4226 644 4290 plurima
662 4231 742 4282 eolle—
792 4228 928 4291 λαβέσθαι
945 4232 1081 4297 (sequitur
1104 4232 1149 4282 hic
1173 4231 1274 4296 loeus);
1297 4231 1334 4280 al-

199 4295 239 4360 grt
256 4287 393 4342 Stasimus
408 4292 442 4343 ad
453 4295 579 4362 Aeschyl.
592 4300 668 4350 Pers.
679 4300 740 4352 1173.
792 4307 879 4352 terum
890 4305 931 4351 est
941 4301 1016 4364 illud,
1024 4301 1057 4352 de
1069 4317 1121 4369 quo
1132 4302 1189 4355 vid.
1200 4301 1235 4352 ad
1244 4301 1333 4366 I,lth.
