3064 4940
232 323 272 385 se
515 285 524 300 '
666 316 937 379 nunonem

183 511 222 574 39
231 497 370 590 γἰζομαι.
407 489 603 586 Ἀμείβεται
615 488 634 563 ὀ
647 501 782 584 νεηνίης
795 499 924 563 τοῖσδε·
952 489 1146 581 Συγγνώμη
1156 493 1234 582 μὲν,
1257 484 1283 562 oi
1300 492 1363 564 πά-

228 631 304 696 τερ,
324 603 391 686 τολ,
420 599 530 670 ίδόντί
548 626 585 688 γε
605 596 685 683 ὄψιν
704 599 878 687 τοιαύτην,
906 598 982 686 περὶ
1002 597 1058 686 ἐμὲ
1077 595 1234 687 φυλακὴν
1258 603 1362 686 ἔχειν·

228 705 266 777 τό
289 705 326 776 δέ
346 702 388 775 οὐ
408 703 609 794 μανθάνεις,
629 699 713 774 άλλὰ
733 704 858 791 λέληθέ
877 723 914 770 σε
933 699 970 771 τὸ
990 699 1139 792 ὄνειρον,
1161 703 1220 789 έμέ
1239 729 1289 770 τοι
1311 707 1363 772 δί-

229 809 325 882 καιόν
345 812 413 879 έοτι
434 806 581 898 φράζειν.
617 806 683 898 φῄς
704 835 754 876 τοι
773 805 810 876 τὸ
830 804 963 896 ὀνειρον
982 801 1048 874 ὑπὸ
1070 809 1187 894 αἰχμῆς
1208 810 1365 896 σιδηρέης

229 913 332 1006 φάναι
348 913 404 1002 ἐμὲ
424 911 651 1002 τελευτήσειν·
680 906 739 993 ὑὸς
760 911 797 980 δέ
811 925 899 979 κοῖαι
920 913 982 998 μέν
1003 916 1067 979 είσι
1083 899 1215 998 χεῖρες,
1231 917 1306 999 κοίη
1326 911 1363 980 δέ

228 1121 300 1192 εἶπε
323 1121 535 1210 τελευτήσειν
556 1147 613 1210 με,
644 1113 790 1208 ἢόλλου
812 1145 888 1200 τευ,
913 1115 931 1186 ὀ
956 1147 987 1187 τι
1014 1118 1121 1211 τοάτφ
1147 1123 1252 1204 ἔοικε,
1280 1125 1364 1208 χρῆν

227 1226 270 1316 δή
291 1247 328 1295 σε
349 1227 475 1294 ποιέειν
495 1223 535 1293 τά
555 1225 692 1303 ποιέεις·
716 1229 782 1294 νῦν
803 1222 840 1292 δὲ
861 1219 927 1291 ὑπὸ
948 1227 1075 1310 αίχμῆς.
1105 1224 1181 1290 ἐπεί
1197 1249 1232 1291 τε
1253 1213 1302 1293 eiv
1321 1220 1362 1292 οὐ

179 1339 220 1399 40
229 1327 311 1418 πρὸς
324 1326 450 1420 ἄνδρας
464 1324 544 1417 ἡμῖν
560 1335 687 1415 γίνεται
701 1323 721 1415 ἡ
736 1326 840 1416 μάχη,
863 1328 958 1415 μέτες
971 1354 1022 1414 με.
1056 1322 1242 1414 Ἀμείβεται
1256 1335 1360 1416 Κροί-

149 1493 152 1499 .
225 1454 298 1512 σος·
320 1424 361 1500 Ὦ
383 1447 460 1514 παῖ,
484 1437 554 1500 ἔστι
574 1437 615 1518 τῇ
633 1457 674 1517 με
695 1436 804 1514 νικᾶς,
831 1428 969 1517 γνωμην
989 1426 1189 1517 άποφαίνων
1211 1431 1287 1519 περὶ
1302 1436 1363 1499 τοῦ

226 1539 399 1604 ένυπνίου.
431 1529 475 1614 ὡς
490 1525 538 1616 ὧν
557 1535 773 1622 νενικημένος
794 1527 860 1602 ὑπὸ
874 1535 930 1603 σέο
951 1532 1206 1622 μεταγινώσκω,
1229 1541 1366 1624 μετίημί

225 1665 261 1706 τε
282 1659 319 1708 σε
340 1639 427 1707 ἰέναι
447 1639 501 1706 έπλ
520 1633 582 1726 τὴν
602 1633 719 1727 ἄγρην.

177 1754 215 1814 41
304 1749 412 1824 Είπας
448 1740 485 1810 δέ
519 1746 624 1811 ταῦτα
657 1737 675 1811 ὁ
703 1749 846 1830 Κροῖσος
879 1742 1124 1831 μεταπέμπεται
1158 1739 1217 1811 τδν
1244 1741 1362 1832 Φρύγα

218 1843 421 1938 Ἄδρηστον,
448 1842 640 1943 άπικομένφ
663 1849 702 1918 δέ
726 1849 761 1916 οί
780 1849 869 1934 λέγει
891 1845 988 1916 τάδε·
1021 1842 1203 1936 Ἄδρηστε,
1232 1847 1298 1934 έγοί
1324 1870 1362 1917 σε

390 2013 456 2065 Cn.
474 2015 601 2068 XXXIX.

257 2105 326 2162 άλλδι
343 2113 445 2179 λέληθέ
464 2130 493 2166 σε
517 2109 549 2166 τό
568 2107 693 2182 ὄνειρον]
720 2117 767 2166 of-

223 2183 310 2232 fendit
328 2185 426 2234 vocula
443 2177 474 2234 τὸ
493 2176 621 2250 ὄνειρον,
642 2187 766 2236 omnibus
820 2224 826 2235 .

221 2255 312 2300 tamen
337 2267 354 2300 a
379 2253 454 2302 libris
484 2259 598 2306 retenta.
640 2255 763 2320 Schugh.

222 2319 341 2384 explieat
355 2315 426 2370 κατά
441 2313 473 2370 τὸ
487 2313 608 2386 ὄνειρον,
623 2329 678 2386 arrt,
694 2325 766 2388 quod

221 2390 308 2454 magis
321 2390 373 2454 ipsi
392 2390 507 2453 arridet,
528 2387 575 2441 καλ
593 2385 664 2442 κατὰ
682 2389 713 2441 τὸ
735 2393 764 2459 (i.

219 2477 243 2510 e.
268 2456 339 2508 καθ’
359 2448 385 2526 li)
410 2454 515 2524 λέληθέ
533 2473 562 2508 σε
584 2454 616 2510 τὸ
640 2453 764 2528 ὄνειρον.

219 2529 298 2598 Illam
317 2533 408 2580 tamen
431 2527 565 2580 rationem
584 2531 613 2580 in
636 2531 765 2596 interpre-

218 2599 323 2650 tatione
341 2599 427 2650 latina
441 2605 551 2651 secutus
571 2616 630 2650 esse
647 2602 764 2664 videtur,

218 2669 265 2720 ubi
277 2669 324 2719 sie
341 2667 472 2734 legimus:
491 2671 608 2736 „quodve
625 2671 718 2722 oblitus
737 2687 765 2722 es

217 2739 263 2790 λοι·
281 2741 305 2788 io
319 2739 442 2792 somnio.“
466 2739 520 2791 Sed
534 2745 656 2804 praestat
674 2757 707 2792 ea
722 2757 764 2790 ra-

218 2809 271 2872 tio,
292 2824 355 2874 qua,
373 2809 488 2860 docente
506 2809 641 2860 Matthiae
659 2813 684 2874 ξ.
701 2811 763 2861 sse.

218 2895 244 2946 p.
265 2877 331 2944 891,
364 2879 480 2931 relativo
498 2879 651 2944 pronomini
675 2883 802 2944 ipsunt·
850 2903 863 2960 g
896 2901 902 2922 ι

218 2965 316 3000 nomen
334 2950 441 3001 adiecto
459 2949 588 3012 articulo,
616 2951 764 3015 appositio·
823 2972 831 2994 ν

217 3020 260 3070 nis
274 3022 353 3084 quasi
369 3021 439 3083 lece,
456 3019 584 3085 postponi
599 3024 762 3070 statuamus.

217 3089 250 3138 Id
269 3090 340 3154 quod
359 3094 503 3154 perspectu
523 3088 630 3138 facilius
649 3090 715 3150 erit,
740 3090 763 3138 si

216 3173 298 3208 voees
317 3151 349 3208 τὸ
369 3149 486 3222 ὄνειρον
505 3157 728 3208 distinctionibus
747 3175 764 3208 a

216 3227 328 3292 reliquis
347 3227 437 3277 verbis
455 3226 589 3290 secludes,
609 3235 640 3278 ut
657 3243 705 3278 eae
718 3244 764 3278 ex-

216 3296 337 3364 plicandi
365 3313 449 3348 causa
466 3297 606 3361 appositas
626 3313 684 3349 esse
709 3315 763 3348 ma-

217 3367 258 3434 gis
278 3371 419 3434 appareat.
447 3367 549 3417 Sensus
568 3372 621 3417 est:
641 3369 763 3434 „quodie

216 3441 292 3500 latet,
313 3441 429 3490 somnium
446 3438 541 3486 scilicet
557 3437 654 3488 istud.“
690 3437 763 3488 Hinc

217 3507 285 3558 nihil
302 3505 474 3557 tribuendum
487 3507 655 3572 quorundam
673 3509 762 3559 conie-
818 3531 831 3552 ι

217 3581 325 3628 sturae:
344 3575 396 3625 τοῦ
416 3567 538 3640 ὀνείρου.

249 3652 287 3727 ἣν
306 3653 340 3712 osi
360 3656 488 3728 φοβέεαι]
508 3664 562 3714 Pro
575 3651 612 3727 ἣν
630 3679 685 3714 rec.
698 3663 759 3716 edd.

214 3725 282 3798 τὴν,
300 3732 410 3782 iubente
429 3733 528 3784 Struve
547 3733 626 3798 Spec.
645 3735 758 3796 Quaest.

213 3803 279 3852 Her.
299 3803 321 3852 1.
335 3818 362 3866 p.
376 3802 419 3854 23.
446 3797 564 3868 φοβίεαι
582 3804 686 3854 monitu
696 3805 760 3854 Bre-

214 3871 288 3921 dovii
317 3887 344 3936 p.
377 3873 429 3924 325
458 3873 567 3936 reposui
598 3889 658 3923 eum
688 3889 758 3924 rece.

214 3940 275 3992 edd.
295 3956 344 4004 pro
362 3941 435 4007 vulg.
452 3936 564 4008 φοβέαι.
601 3941 644 3992 cf.
660 3942 757 4004 1,·206.

214 4011 268 4073 Qui
286 4011 357 4060 idem
375 4011 491 4062 Brodov.
510 4027 536 4075 p.
551 4010 600 4062 195
618 4027 666 4076 pro
685 4005 759 4060 ἔοικε

212 4079 320 4130 restitui
334 4073 480 4140 vulteius,
500 4081 599 4144 quippe
611 4097 690 4146 quam
705 4081 758 4130 ior·

212 4165 283 4198 mam
302 4165 383 4200 unam
403 4151 437 4200 ab
450 4150 590 4200 Herodoto
609 4150 758 4200 adhibitum

213 4234 274 4270 esse
292 4219 359 4270 vult.
392 4219 526 4286 Equidem
539 4219 621 4270 libros
641 4221 757 4286 scriptos

212 4304 321 4354 sequor.

246 4373 335 4444 γρῆυ
353 4366 391 4444 δή
415 4389 444 4427 σε
463 4369 583 4446 ποιέειν]
606 4377 648 4428 De
667 4375 757 4446 ellipsi

819 2015 970 2080 particulas
986 2003 1022 2063 riv
1045 2014 1140 2065 laudat
1157 2016 1203 2066 Gr.
1224 2016 1364 2068 Sclraeferi

820 2085 925 2136 Melett.
951 2086 1053 2135 critice.
1077 2101 1104 2150 p.
1130 2085 1179 2136 130
1203 2090 1231 2135 et
1253 2088 1361 2138 Disscn.

819 2155 957 2218 Disquiss.
968 2153 1044 2218 plrill.
1059 2170 1085 2218 p.
1099 2153 1141 2204 1¹2.
1160 2155 1304 2206 Rationem
1315 2157 1363 2208 ltu-

819 2239 861 2272 rus
874 2240 938 2274 risus
952 2224 1076 2287 exposuit
1086 2223 1242 2272 Bacumleiu
1254 2227 1360 2277 Griech.

819 2293 891 2342 Mod.
912 2293 1006 2358 p.144
1026 2293 1143 2354 itemque
1166 2292 1293 2342 Kuehner
1313 2297 1359 2346 Gr.

818 2361 864 2412 Gr.
883 2361 909 2422 ᾗ,
928 2361 988 2422 821,
1007 2360 1033 2410 3.
1051 2359 1101 2409 hoe
1118 2361 1176 2424 ipso
1192 2359 1251 2409 loco
1267 2363 1360 2425 allato,

818 2447 897 2496 quem
911 2431 1010 2480 Latine
1028 2429 1067 2478 sie
1080 2428 1209 2478 reddidit:
1230 2432 1362 2492 oportebat

818 2509 841 2550 le
863 2499 909 2550 λου
929 2502 1028 2563 facere.
1065 2499 1125 2548 Vim
1148 2497 1298 2562 particulae
1323 2492 1359 2564 δὴ

817 2571 844 2618 in
856 2570 907 2620 liae
926 2567 1061 2619 sententia
1074 2567 1224 2617 declaravit
1233 2569 1361 2638 Hartung

817 2637 898 2690 Lehr.
917 2638 949 2740 d..
964 2637 1068 2688 Partik.
1088 2639 1113 2690 1.
1130 2653 1157 2702 p.
1177 2635 1236 2688 258.

1008 2809 1074 2862 Car.
1093 2811 1168 2864 xLI.

862 2927 901 2993 γυ
932 2926 961 2962 σε
996 2912 1130 2979 συμφορῇ
1160 2912 1359 2982 πεπληγμένον

815 2997 914 3046 αγαρι,
933 2973 986 3046 τήν
1005 2997 1049 3032 τοι
1069 2975 1274 3047 senovastre,
1295 2978 1359 3037 luri-

815 3049 906 3117 δηρα]
931 3053 976 3103 Sic
995 3053 1128 3105 edidimus
1153 3072 1214 3107 eum
1231 3057 1358 3124 Sehwgh.

816 3126 843 3172 et
861 3123 949 3174 Geisi.
971 3123 1074 3189 Vulgo:
1092 3116 1233 3191 άχαρίτην
1250 3142 1294 3177 τοι
1306 3121 1359 3179 oris

814 3207 848 3271 ια,
860 3207 883 3241 τ.
903 3192 926 3242 λ.
945 3197 973 3244 et
990 3193 1019 3242 in
1037 3193 1151 3246 Aldina:
1168 3187 1257 3262 άχαρί
1271 3195 1301 3248 τί
1314 3214 1358 3248 τοι

815 3275 868 3310 ουκ
892 3253 1051 3326 ὀνειδίζων,
1082 3265 1154 3331 quod
1178 3268 1232 3317 iam
1253 3269 1359 3320 Wesse-

814 3331 881 3396 ling.
898 3339 1052 3384 mutaverat
1067 3335 1095 3385 in
1106 3327 1231 3402 άχάριτι,
1251 3331 1303 3401 τήν
1315 3353 1357 3387 τοι

814 3393 867 3450 erin
889 3393 1033 3468 ὀνειδίζω,
1057 3407 1236 3470 praecedente
1260 3407 1357 3457 Gaino-

814 3471 870 3534 aio,
905 3475 951 3540 qui
985 3479 1077 3524 tamen
1113 3477 1194 3526 scribi
1225 3475 1357 3524 maluerat

813 3557 930 3608 αγαρις
951 3545 1022 3610 quod
1035 3559 1069 3594 an
1082 3545 1175 3594 dativo
1191 3559 1255 3594 essu
1268 3543 1356 3607 accipi

813 3619 909 3678 queat,
928 3615 986 3664 iuro
1004 3615 1177 3664 dubitaverat
1191 3611 1353 3675 Wesseling.

811 3683 881 3732 Nam
899 3683 1069 3734 scribendum
1090 3689 1149 3732 erat
1168 3673 1263 3746 άγάρι,
1283 3681 1355 3745 quod

811 3753 898 3814 ipsum
922 3753 975 3800 duo
998 3751 1060 3799 libri
1086 3752 1229 3815 praebent,
1257 3749 1354 3815 reliqui

810 3817 902 3883 ἄχαρι.
939 3823 991 3870 Est
1007 3835 1071 3869 vero
1089 3812 1173 3884 ἀχάρι
1190 3819 1297 3870 dativus
1311 3822 1354 3871 io·

810 3903 872 3938 num
892 3904 924 3938 ex
942 3905 1028 3950 more,
1055 3889 1195 3940 Herodoto
1218 3889 1291 3940 haud
1315 3891 1354 3940 in·

811 3959 952 4022 frequens,
981 3960 1057 4008 euius
1084 3959 1159 4010 locos
1190 3959 1266 4009 dabit
1290 3961 1353 4014 Bre-

810 4029 872 4078 dov.
892 4043 919 4092 p.
933 4029 983 4080 206
996 4045 1086 4147 seqq„
1107 4031 1154 4094 qni
1167 4030 1226 4094 ipse
1238 4035 1278 4094 (p.
1290 4031 1352 4096 aas)

811 4098 924 4148 rescribi
947 4098 1006 4148 vult
1049 4095 1155 4164 χάριτι,
1186 4100 1257 4164 quod
1278 4099 1352 4150 dedit

809 4168 932 4220 Dietselr.
974 4167 1107 4234 Equidem
1136 4183 1197 4220 cum
1225 4169 1351 4221 Dinderl.

809 4239 908 4289 retinui
938 4229 1030 4303 άχάρι.
1079 4238 1277 4291 Valckenarius
1312 4241 1353 4290 sic

809 4311 939 4374 seriptum
961 4324 1021 4358 esse
1039 4308 1222 4360 iudicaverat:
1251 4300 1304 4375 έγαί
1322 4323 1351 4359 σε

809 4377 943 4446 συμφορῇ
961 4376 1158 4446 πεπληγμένον
1181 4371 1350 4448 άγαρίτφ,
