3086 4932
245 261 306 322 190

242 704 296 761 σὺν
318 707 389 777 θεῷ,
413 711 496 764 divino
523 717 640 767 instinctu
670 727 786 783 trulaque.

241 785 283 832 De
300 799 353 847 quo
372 797 422 830 usu
436 787 646 850 praepositionis
666 781 720 836 σύν
732 804 788 840 mo-

240 853 302 902 nuit
326 851 448 902 Fischer.
475 855 510 904 ad
536 856 646 908 Weller.
675 858 733 920 111,
759 859 784 909 b.

240 939 303 988 pag.
331 923 379 973 147
403 923 458 972 alia
481 924 595 976 laudans
619 927 785 979 Herodotea.

274 989 383 1058 μηδένα
406 985 479 1043 εἶναι
507 994 564 1044 τῶν
586 989 717 1056 ζωόντων
740 987 785 1048 όλ-

239 1059 314 1129 βιον]
340 1061 428 1128 Vulgo
447 1055 568 1130 ζοόντοτν,
593 1065 674 1130 idque
696 1069 784 1132 magis

237 1133 406 1187 ceommuni
431 1133 557 1186 dialecto.
582 1133 728 1200 ζωόντων,
753 1143 783 1186 ut

239 1203 327 1268 magis
345 1203 475 1266 Ionicum,
497 1205 556 1255 iure
573 1221 644 1258 nnnc
666 1223 681 1256 e
705 1207 782 1257 libris

240 1273 405 1323 restitutum.
424 1273 500 1324 Idem
518 1267 625 1335 ζωόντα
644 1277 717 1328 infra
731 1277 782 1327 hoc

234 1343 299 1406 ipso
317 1343 346 1390 in
364 1343 453 1407 capite
475 1343 611 1410 dedimus,
635 1347 682 1396 ubi
699 1347 782 1412 vulgo

237 1409 335 1470 ζῶντα.
354 1411 416 1462 Vid.
432 1415 549 1466 Bredor.
567 1431 594 1480 p.
616 1417 674 1467 170.
693 1447 728 1456 -
740 1417 782 1467 Ad

239 1481 402 1531 sententiam
415 1485 553 1535 commode
568 1485 682 1535 laudant
694 1488 782 1551 ipsum

239 1551 333 1601 Nostri
351 1551 440 1604 locum
458 1553 480 1618 1,
502 1553 534 1604 32
556 1560 583 1604 et
605 1555 688 1605 Plinii
706 1558 782 1606 testi-¹

239 1621 356 1672 monium
374 1623 410 1672 H.
429 1623 463 1674 N.
484 1625 613 1688 vl1,40:
632 1627 781 1689 „sinerum

239 1693 367 1742 iudicium
385 1693 477 1744 lacere
500 1694 623 1746 volumus
645 1711 678 1746 ac
702 1713 780 1762 repu-

239 1763 315 1812 diata
333 1764 405 1812 omni
423 1765 550 1816 fortunae
570 1766 718 1821 ambitione
735 1768 779 1818 de-

238 1849 357 1894 cernere,
367 1833 521 1885 mortalium
539 1851 617 1886 nemo
630 1843 672 1888 est
684 1839 778 1888 lelix.“

273 1895 311 1961 ὡς
329 1901 361 1957 δὲ
377 1895 432 1970 ἄρα
445 1921 494 1970 μιν
505 1905 664 1972 προστῆναι
682 1907 778 1973 τοῦτο]

237 1975 414 2042 παραστῆναι
436 1991 450 2026 a
469 1977 600 2041 Stephani
622 1979 780 2029 coniectura

238 2044 301 2093 olim
318 2045 346 2092 in
364 2051 468 2096 testum
492 2047 646 2111 irrepserat,
669 2065 728 2097 cum
748 2049 779 2096 li-

237 2115 278 2164 bri
303 2127 394 2164 omnes
421 2116 448 2164 in
478 2113 594 2166 lectione
619 2115 777 2182 προστῆναι

236 2184 401 2246 conspirent,
420 2185 497 2234 cuius
513 2185 598 2248 ipsius
619 2187 777 2251 interpreta-

679 267 953 330 HERODOTI

137 515 143 528 ,
241 445 314 536 θεῷ
338 441 528 531 εἰρημένον,
561 440 599 514 τό
621 447 749 532 μηδένα
775 443 861 514 εἶναι
888 449 957 514 τῶν
980 442 1134 529 ζωόντων
1164 442 1290 535 ὄλβιον.
1336 443 1381 529 ὡς

243 548 280 616 δὲ
299 542 363 632 ἄρα
388 571 447 632 μιν
472 551 655 636 προστῆναι
673 553 789 635 τοῦτο,
819 546 1083 639 ἀνενεικάμενόν
1104 577 1140 618 τε
1165 552 1220 620 καὶ
1238 547 1377 620 ἀναστε-

839 717 892 766 vix
911 722 1001 766 tamen
1021 717 1144 782 dubium,
1163 720 1228 784 quin
1243 719 1380 784 λειποψυ-

838 787 902 852 χίης
925 803 939 837 e
962 788 1125 853 glossemate
1147 789 1176 838 in
1194 793 1298 840 textum
1316 793 1380 840 irre-

837 857 937 922 pserit,
957 860 1015 908 sive
1033 874 1066 908 ex
1083 859 1324 924 interpretamento
1342 860 1380 910 le·

838 927 936 977 etionis
954 919 1093 992 όψοχίης,
1113 944 1193 994 quam
1214 946 1268 980 non
1287 931 1379 980 absur-

837 997 898 1046 dam
923 996 989 1046 dicit
1012 997 1223 1064 Valckenarius,
1245 1005 1277 1050 ut
1300 1001 1378 1050 Croe-

836 1081 883 1116 sus
912 1073 976 1118 ante
1003 1067 1087 1117 animi
1111 1069 1259 1135 deliquium
1281 1086 1378 1136 passus

835 1141 987 1199 censeatur,
1006 1153 1087 1202 quam
1107 1138 1214 1190 Solonis
1233 1140 1299 1189 dicti
1322 1156 1377 1190 mc-

834 1207 941 1258 minerit
970 1206 1091 1273 illudque
1124 1209 1247 1259 elocutus
1280 1209 1376 1270 luerit3

834 1277 891 1326 sive
912 1292 944 1326 ex
965 1277 1191 1342 interpretatione
1213 1279 1290 1329 verbi
1307 1271 1376 1328 όνα-

834 1345 982 1410 φέρεσθαι,
997 1348 1069 1412 qnod
1087 1347 1161 1398 valet
1178 1364 1233 1399 aeae
1251 1351 1375 1412 recipere,

834 1431 849 1466 e
867 1417 1071 1480 perturbatione
1093 1418 1199 1468 seilicet
1225 1419 1308 1468 animi
1330 1417 1374 1478 rel

833 1488 1068 1550 consternatione,
1087 1503 1157 1554 quae
1175 1493 1262 1538 toturn
1277 1503 1374 1553 corpus

832 1555 1004 1623 animumque
1020 1563 1145 1611 tenuerat
1159 1559 1303 1621 (nostrnmr
1317 1562 1374 1609 roie-

832 1628 880 1676 der
901 1643 932 1677 το
954 1628 1007 1679 airh
1029 1625 1150 1692 troarnen,
1174 1628 1226 1680 sict
1250 1628 1373 1693 erlolerr).

831 1697 893 1747 Vid.
913 1713 981 1762 quae
998 1697 1169 1748 laudavimus
1186 1698 1221 1748 ad
1234 1698 1372 1749 Plutarch.

830 1766 964 1818 Alcibiad.
984 1783 1010 1834 p.
1031 1769 1089 1820 115.
1116 1773 1173 1820 not.
1191 1785 1218 1834 p.
1245 1771 1295 1820 ¹257
1314 1784 1371 1834 seq.

830 1837 909 1887 Iliad.
928 1837 1001 1900 XIX,
1019 1838 1070 1888 314
1090 1839 1183 1906 ibique
1195 1839 1291 1890 Bothe.
1313 1839 1373 1901 Quo

830 1923 911 1957 sensu
930 1909 1028 1960 Graeci
1048 1910 1131 1959 etiam
1149 1910 1245 1959 dicunt
1266 1902 1372 1972 ἀναφέ-

830 1991 890 2040 ρειν
920 1980 948 2028 in
970 1980 1060 2029 activo
1093 1981 1276 2031 intransitive.
1318 1978 1371 2029 Sed
1453 1977 1458 1989 '

829 2047 899 2097 hanc
926 2048 1006 2098 huius
1040 2049 1117 2099 verbi
1146 2049 1371 2114 significationem

828 2118 946 2182 sequiori
967 2118 1073 2167 demum
1095 2121 1181 2170 aetati
1199 2120 1371 2170 tribuendam

828 2191 921 2235 censet
939 2187 1105 2252 Schweigh,
1126 2203 1186 2238 eum
1204 2189 1276 2252 apud
1298 2195 1371 2238 veta·

236 2257 356 2302 mentum
375 2255 425 2302 erit
442 2252 631 2319 παραστῆναι.
655 2257 777 2308 Pertinet
828 2271 870 2304 res
890 2261 917 2304 et
942 2255 1049 2306 Ionicos
1068 2258 1238 2320 potissimum
1258 2261 1371 2322 scripto·

237 2323 309 2370 enim
336 2321 495 2387 προστῆναι
522 2323 566 2374 bic
591 2326 632 2392 (et
660 2325 682 2388 1,
716 2325 775 2378 llll.
827 2340 870 2374 res
889 2324 956 2372 nihil
974 2325 1031 2374 lere
1048 2326 1124 2375 alind
1143 2328 1192 2388 sit,
1217 2327 1269 2376 nisi
1289 2343 1370 2376 τιοστοι

240 2391 298 2442 121).
318 2391 379 2442 coll.
394 2392 427 2454 V,
440 2392 494 2456 ol.)
506 2393 540 2444 ad
559 2395 670 2444 verbum
687 2408 775 2457 προσ·
826 2393 870 2443 vel
885 2396 997 2457 percitam
1019 2393 1065 2458 (ex
1087 2395 1141 2444 imo
1165 2396 1285 2459 pectore)
1307 2411 1370 2458 pro-

235 2453 360 2524 ιστόναι,
391 2462 419 2510 in
449 2463 525 2514 cuius
549 2465 650 2514 aoristo
680 2464 776 2515 scribi·
823 2464 905 2526 ferre,
926 2469 956 2512 ut
974 2463 996 2526 I,
1015 2463 1073 2514 116.
1108 2465 1165 2514 Nec
1187 2469 1277 2513 tamen
1295 2463 1369 2528 equi-

235 2547 294 2580 mus
312 2528 470 2595 προστῆναι
494 2530 553 2596 (pro
576 2530 774 2598 προσστῆναι,
826 2532 885 2582 dem
911 2532 1005 2594 video,
1034 2549 1082 2582 cur
1111 2550 1128 2583 a
1152 2533 1259 2598 vulgari
1286 2533 1367 2587 buius

234 2601 373 2665 geminata
388 2600 507 2667 literula)
528 2603 620 2654 eodem
638 2603 704 2665 iure,
722 2619 775 2670 quo
825 2603 901 2652 verbi
908 2603 1140 2667 interpretatione,
1151 2603 1184 2652 ad
1194 2603 1367 2667 quamipsam

234 2686 317 2734 snpra
334 2671 356 2732 I,
373 2671 564 2736 ascripsimus
587 2687 667 2741 προσ
672 2669 774 2739 χόντας
825 2673 868 2722 τοι
883 2672 974 2738 glossa
991 2672 1128 2737 adscripta
1140 2673 1175 2735 (ai
1187 2669 1368 2734 λειποταξίας

233 2756 281 2804 pro
293 2734 775 2805 προσσχόντας,ττ1)ἰτίι1.ττοιι.θεττ-
824 2741 969 2793 lectionem
993 2743 1119 2793 nimirum
1144 2743 1207 2793 inde
1227 2743 1303 2793 dicas
1325 2759 1367 2792 or·

233 2827 293 2861 sum
308 2813 397 2876 ipsum
413 2817 488 2861 recte
505 2815 638 2877 expressit
650 2814 774 2879 Schwgh.
823 2810 893 2876 tam)
913 2827 963 2862 nos
982 2812 1078 2864 ducere
1097 2818 1213 2879 poterat,
1232 2814 1365 2876 recedam,

231 2883 326 3018 aa
339 2883 775 3005 ltllttrtltuullu·
823 2875 1070 3018 ττιττιιτ.
1083 2883 1365 3019 uirentis

298 2991 303 3001 ι
764 2984 774 2994 '¹
1169 2992 1175 3016 q

231 3023 384 3087 pretatione
407 3023 532 3074 dubitare
553 3023 699 3088 Matthiae,
731 3025 774 3074 cui
824 3024 933 3088 optimis
953 3023 1103 3090 quibusque
1121 3023 1298 3089 scriptoribus
1319 3025 1366 3074 ad·

231 3089 392 3156 προστῆναι
414 3095 445 3159 (a
472 3095 554 3143 verbo
582 3086 774 3159 προϊστόναι)
822 3093 937 3143 bibitam
954 3095 1085 3144 videmus.
1112 3095 1210 3160 ltaque
1233 3094 1301 3145 haee
1319 3109 1366 3144 no-

232 3177 287 3211 non
303 3161 471 3212 incommode
494 3164 549 3213 dici
567 3179 647 3228 posse
665 3165 774 3214 ridetur
822 3163 865 3214 bis
891 3163 943 3214 erit
965 3163 1019 3214 loci
1049 3166 1199 3216 sententia:
1227 3167 1366 3230 „Croesum

231 3245 283 3292 res,
303 3247 373 3296 quae
392 3236 522 3298 tanquam
547 3235 650 3298 species
680 3234 773 3285 oblata
823 3243 902 3284 arente
928 3241 1031 3297 recepta
1053 3244 1079 3285 et
1100 3237 1167 3286 edito
1192 3239 1283 3300 perlita
1309 3243 1366 3299 poet

232 3301 322 3351 animo
330 3302 498 3364 obversatur.
509 3303 701 3355 Accusativnm
713 3321 772 3356 asse
822 3307 919 3354 nattam
936 3305 1057 3354 silentiam
1075 3304 1111 3368 (s.
1126 3306 1255 3371 quietern)
1272 3315 1312 3356 ter
1322 3319 1365 3354 uo·

231 3369 355 3424 additum
382 3372 453 3422 idem
482 3379 575 3438 putat,
594 3375 658 3440 quia
685 3389 772 3440 προ·
822 3377 929 3424 mr'nuaae
952 3372 1095 3424 Solonem.“
1117 3375 1234 3425 Locutio
1257 3368 1284 3432 ἐς
1302 3369 1364 3437 τρὶς

233 3440 360 3507 στῆναι
378 3443 469 3494 valeat
486 3443 571 3508 idem,
595 3445 668 3510 quod
686 3440 772 3495 alual-
822 3445 892 3495 redit
912 3443 984 3509 apud
1006 3444 1111 3495 Aelian.
1135 3445 1169 3495 V.
1192 3445 1229 3496 H.
1251 3444 1300 3505 ΙΧ,
1318 3443 1361 3492 41.

231 3510 313 3576 θεῖν,
337 3513 413 3564 cuins
446 3515 654 3565 constructionis
685 3514 772 3566 simile
822 3515 857 3566 N.
875 3516 908 3565 Δ.
927 3515 965 3576 Il,
986 3514 1011 3576 1,
1033 3514 1080 3564 uhi
1103 3513 1216 3566 Jacobs.
1235 3517 1262 3560 et
1283 3511 1362 3560 baius

232 3581 381 3647 exemplum
398 3581 492 3634 laudat
510 3601 543 3635 ex
566 3584 693 3650 Sophocl.
710 3585 772 3636 Ele·
820 3584 874 3635 loci
900 3583 1048 3634 Herodotei
1071 3587 1098 3633 et
1119 3580 1255 3660 Theocrit.
1280 3579 1307 3642 Ι,
1327 3579 1361 3628 25

230 3657 280 3703 etr.
301 3653 378 3704 1378.
821 3660 884 3719 apte
900 3651 1204 3704 meminit-Zolova
1221 3648 1283 3698 dedi
1300 3661 1361 3726 oum

263 3713 484 3786 ἀνενεικάμενόν
506 3737 534 3772 τε
551 3717 600 3772 καὶ
619 3714 772 3772 ἀναστενά-
821 3727 934 3774 recentt.
952 3723 1013 3774 edd.
1034 3737 1081 3788 pro
1099 3720 1162 3771 ollrn
1180 3718 1285 3784 vulgat.
1304 3715 1361 3766 Σο-

229 3785 316 3849 ξαντα
334 3781 363 3839 ἐκ
382 3790 487 3856 πολλῆς
505 3782 636 3858 ἡσυχίης]
651 3793 771 3844 Retinni·
820 3793 893 3854 λωνς
912 3791 966 3841 vid.
985 3791 1064 3841 modo
1082 3789 1198 3840 Bredov.
1218 3805 1244 3854 p.
1265 3788 1307 3838 26.
1327 3787 1358 3836 In

228 3873 287 3906 mna
304 3858 374 3908 hanc
397 3859 555 3924 lectionem,
574 3863 601 3910 in
621 3877 674 3927 qua
691 3863 770 3928 pleri·
820 3877 894 3927 seqq.
908 3861 998 3911 verbis
1012 3861 1111 3910 retinui
1127 3855 1203 3922 τέως,
1222 3859 1285 3908 licet
1303 3857 1360 3906 bini

229 3942 281 3990 qua
291 3926 354 3976 libri
365 3931 530 3994 conspirant,
539 3933 697 3996 praesertim
709 3947 770 3982 enm
820 3931 899 3982 codd.
918 3929 1046 3980 afferrent
1064 3925 1124 3990 ἕως,
1137 3929 1209 3993 quod
1226 3929 1314 3993 ipsum
1327 3943 1359 3977 er

227 3995 275 4044 illa
291 3996 430 4060 optimum,
448 4001 488 4048 uti
505 4001 622 4064 videtur,
639 4003 769 4067 praebeat
813 4001 846 4052 h.
865 4001 883 4050 l.
903 3999 981 4050 affert
1000 3999 1127 4050 Eustath.
1146 3999 1180 4048 ad
1197 3998 1241 4048 Ili.
1260 3997 1288 4060 1,
1309 3997 1360 4050 193

227 4079 344 4114 sensum.
372 4067 425 4116 Pro
449 4058 570 4133 ἡσυχίης
598 4072 668 4121 enim
695 4077 767 4135 sunt,
818 4085 866 4136 pro
878 4067 945 4126 τέως
956 4071 1084 4135 positum.
1104 4069 1272 4134 Quamquam
1288 4069 1359 4118 enim

227 4133 274 4198 qui
292 4133 437 4184 exhibeant
459 4135 660 4204 λειποψυχίητ,
685 4141 768 4192 idem·
819 4139 890 4206 apud
907 4140 1053 4189 Homerum
1078 4133 1130 4196 ἕως
1149 4139 1242 4204 utique
1259 4139 1358 4203 reperi-

226 4218 279 4268 que
293 4203 320 4252 in
339 4218 388 4252 ora
402 4203 501 4270 legitur
515 4207 770 4261 Schellersbemiani
818 4215 862 4260 tur
872 4207 923 4260 hoc
934 4225 1029 4259 sensu:
1041 4210 1201 4274 aliquamdiu,
1211 4223 1357 4271 parumper,

225 4269 302 4333 libri,
329 4286 390 4322 cum
420 4273 448 4324 ln
474 4279 551 4326 texta
580 4277 617 4328 sit
639 4269 768 4346 ἡσυχίης.
818 4278 986 4331 Herodotum
1000 4283 1092 4329 tamen
1110 4292 1215 4344 semper
1232 4273 1301 4335 τέως
1319 4277 1359 4327 di·
1428 4327 1436 4334 ,

225 4341 315 4406 At‘1¹¹0
334 4343 437 4407 ‘mpii
455 4341 552 4411 Noeris
570 4343 767 4414 λειποψυχίητ.
819 4350 891 4400 xiara
915 4349 998 4401 evicit
1018 4335 1135 4400 Bssdor.
1160 4364 1186 4414 p.
1210 4345 1357 4399 abenner
