3008 4924
525 311 771 372 EU'I'ERPE.
796 312 838 373 II.
861 322 920 376 156.
1226 311 1287 374 787

153 485 216 569 μέν
241 487 279 554 ἐν
302 490 403 574 λίμνῃ
425 485 535 573 βαθέῃ
558 485 614 554 καὶ
636 488 761 576 πλατέῃ
785 489 921 576 κειμένη
941 485 1031 580 παρὰ
1050 485 1088 557 τό
1108 491 1145 558 ἐν
1163 498 1287 560 Βουτοῖ

153 586 244 680 ἱρόν,
273 591 402 677 λέγεται
423 587 461 656 dt
481 582 540 656 ὑπ’
562 594 761 676 Αἰγυπτίων
782 589 868 660 εἶναι
892 587 977 681 αὕτη
1000 587 1137 682 ἡνῆσος
1161 593 1286 684 πλωτή.

153 690 253 772 αὐτὸς
266 691 329 782 μὲν
344 698 450 779 ἔγωγε
465 689 543 761 οὔτε
553 695 723 762 πλέουσαν
736 690 814 764 ούτε
827 706 1028 784 κινηθεῖσαν
1038 695 1141 782 εἶδον,
1154 700 1287 788 τέθηπα

153 797 191 865 δὲ
212 793 363 880 ἀκούων,
390 799 422 864 ελ
438 801 538 885 νῆσος
558 793 711 885 ἀληθέως
731 797 800 866 ἐστὶ
820 798 945 888 πλωτή.
989 801 1027 869 ἐν
1048 798 1089 889 δὴ
1112 791 1160 870 όν
1181 802 1286 892 ταύτῃ

152 897 231 988 νηός
245 927 281 970 τε
292 896 501 980 ’Λπόλλωνος
510 901 613 988 μέγας
628 905 689 985 dvc,
704 901 760 968 καὶ
774 903 882 992 βωμοὶ
896 902 1065 992 τριφάσιοι
1080 905 1285 992 ἐνιδρύαται.

153 1004 366 1092 ἐμπεφύκασι
385 1000 416 1072 δ’
434 1007 472 1072 ἐν
485 999 570 1095 αὐτῇ
585 1011 737 1092 φοίνικες
750 1007 878 1093 συχνοὶ,
891 1007 948 1074 καὶ
962 1003 1046 1076 ἄλλα
1062 1009 1215 1097 δένδρεα,
1231 1011 1286 1078 καὶ

153 1107 352 1197 καρποφόρα
371 1108 427 1175 καὶ
440 1103 568 1196 ἄφορα,
590 1106 706 1176 πολλά.
736 1107 838 1195 λόγον
856 1109 893 1178 δὲ
912 1109 1012 1179 τόνδε
1032 1112 1241 1198 ἐπιλέγοντες
1255 1116 1289 1182 οἱ

154 1210 334 1298 Αἰγύπτιοι
353 1211 436 1300 φασὶ
458 1209 545 1279 εἶναι
565 1207 672 1300 αὐτὴν
695 1209 849 1301 πλωτὴν,
871 1207 916 1293 ὦς
939 1215 976 1282 ἐν
996 1218 1037 1302 τῇ
1056 1212 1148 1307 νήσφ
1168 1214 1285 1304 ταύτῃ,

153 1311 215 1386 οὐκ
229 1313 330 1404 ἐούσῃ
344 1313 508 1404 πρότερον
524 1319 655 1404 πλωτῇ,
675 1313 792 1404 Λητώ,
806 1319 907 1385 ἐοῦσα
921 1321 990 1386 τόν
1003 1313 1090 1386 duret
1105 1322 1200 1387 θεῶν
1217 1323 1286 1388 τῶν

154 1517 186 1568 de
206 1515 331 1580 Osiride,
348 1516 436 1580 Iside,
455 1518 546 1580 Horo,
565 1517 594 1568 in
613 1518 695 1570 Grae·
745 1517 857 1584 Respici
873 1517 915 1568 his
927 1517 1016 1568 verbis
1031 1517 1066 1568 ab
1079 1517 1220 1569 Herodoto
1232 1519 1287 1570 He-

154 1587 223 1637 ciam
236 1586 407 1638 translatam.
434 1585 641 1638 Vid.Her0dot.
656 1587 694 1652 11,
746 1593 871 1640 cataeum
884 1586 1028 1651 Milesium,
1046 1589 1122 1638 cuius
1141 1587 1229 1638 iocum
1243 1604 1286 1640 su·

156 1658 205 1706 144
227 1657 291 1721 ibiq.
315 1661 373 1708 not.
397 1681 433 1693 --
456 1657 489 1706 In
514 1655 637 1708 clausula
662 1673 695 1707 ex
746 1673 795 1724 pra
813 1657 967 1720 attulimus,
986 1659 1083 1708 statuit
1099 1657 1230 1708 Klausen.
1252 1657 1287 1709 cd

153 1726 252 1776 Ritteri
278 1725 347 1776 libro
374 1725 532 1789 (Erdkuude
551 1727 573 1777 1.
592 1743 617 1791 p.
642 1727 693 1778 821
745 1727 879 1807 Ηεορεεεί
898 1727 1022 1792 fragmm.
1037 1743 1065 1792 p.
1081 1727 1140 1780 123.

154 1795 475 1916 ittittt‘tttttr
488 1796 695 1936 {sititet
745 1810 846 1917 ..2335
862 1787 1287 1918 :titttttittt.itttt

154 1934 399 2055 τερεριεορΙοέιιίρίτ
415 1936 615 2070 ρίτοβολθοτίλιοε.ἰ
649 2004 663 2053 2
747 1951 795 2055 ppo
802 1932 894 2056 1ξορρ,
913 1933 1139 2058 ονοέοίὲοἰεέοτΙᾶ.
1161 1936 1287 1998 dederat;

154 2017 380 2140 τέῃῖτὲόλῖτόοε
394 2019 648 2125 ’ἐλνύέοεατόέλόύαιό
658 2020 697 2125 lc:-
746 2021 924 2139 §presumerent
937 2021 1007 2126 pitini
1029 2035 1093 2126 limi
1118 2021 1287 2140 ἐμόιᾞύιόόιο,

155 2157 217 2206 cus,
240 2144 284 2193 cni
305 2159 376 2194 nunc
393 2159 491 2194 nomen
507 2144 616 2208 Brutos,
635 2160 695 2195 cnm
746 2144 819 2210 quod
835 2145 982 2195 Homerica
998 2143 1148 2196 locutione:
1173 2140 1238 2208 napi
1257 2141 1276 2194 d

154 2213 223 2263 mari
238 2213 398 2264 coniunctus
410 2213 493 2264 fluvio
512 2229 553 2277 eo,
572 2217 618 2279 qui
632 2214 696 2266 oiim
745 2211 871 2278 αἴγειρος
901 2206 1044 2279 πεφύασιν
1072 2213 1155 2281 (coni.
1186 2214 1286 2282 Odyss.

154 2289 212 2333 erat
223 2281 280 2334 Nili
292 2283 501 2349 Sebennyticua.
525 2283 695 2349 Amplnsiile
746 2284 799 2347 IV,
827 2285 888 2336 484.
922 2285 965 2334 Ili.
987 2285 1056 2348 VII,
1085 2284 1146 2350 128)
1172 2286 1288 2350 probare

154 2357 211 2416 est,
238 2357 269 2403 ut
292 2353 338 2418 qni
357 2353 413 2404 Nili
436 2367 567 2418 aquarum
590 2359 695 2419 partem
745 2353 864 2404 student.
901 2353 955 2406 Sed
970 2354 1084 2420 vulgata
1099 2354 1181 2406 lectio
1198 2353 1286 2406 firma-

151 2422 295 2488 piuresqne
321 2423 430 2474 canales
458 2424 605 2474 etiamnum
629 2424 696 2474 reci·
746 2423 1036 2487 ru11,193.11‚or.

152 2493 219 2557 piat,
236 2491 406 2559 longitndine
421 2493 563 2544 duodecim
580 2493 637 2545 fere
650 2494 696 2545 ho·
781 2485 873 2558 Λητὼ,
893 2483 979 2543 ἐοῦσα
996 2490 1052 2543 τόν
1071 2483 1144 2544 daret
1163 2491 1242 2543 θεῶν
1260 2510 1287 2546 ιι.

152 2577 256 2626 rarum,
278 2562 423 2614 latitudine
445 2563 562 2614 maxima
584 2580 632 2616 sex
649 2564 695 2616 ho·
745 2579 770 2615 τ.
789 2561 823 2630 A]
848 2563 972 2614 Habetur
991 2565 1098 2615 Latona
1120 2579 1174 2614 nox
1192 2565 1290 2629 princi-

152 2647 252 2683 rsrnm.
288 2632 372 2684 Plura
390 2634 487 2685 Ritter.
506 2633 524 2684 i.
543 2633 562 2684 l.
746 2632 829 2698 palis,
854 2631 927 2684 unde
944 2635 1056 2700 quaevis
1074 2633 1209 2698 oriuntur,
1227 2651 1288 2700 pro-

186 2695 292 2766 λέγεται
315 2698 347 2753 δὲ
368 2693 421 2753 ὑπ’
440 2700 602 2768 Αἰγυπτίων
621 2697 695 2754 εἶναι
745 2705 818 2754 xime
846 2707 936 2754 autern
965 2703 1035 2754 coeli
1063 2703 1183 2766 lumina,
1219 2719 1288 2768 quae

151 2760 225 2835 αὕτη
243 2762 260 2836 ἡ
275 2770 360 2836 νῆσος
374 2769 478 2839 πλωτή]
501 2774 597 2836 „Haec
612 2773 696 2824 histo·
746 2778 810 2823 sunt
826 2770 873 2823 Sol
890 2775 972 2838 atque
984 2773 1071 2824 Luna.
1107 2773 1175 2823 Inde
1192 2788 1289 2823 conve-

152 2841 209 2890 riae
227 2842 313 2905 patris
330 2843 414 2892 verba
432 2847 528 2907 poetae
543 2843 633 2894 verbis
650 2841 696 2893 ad·
746 2843 788 2892 nit
809 2858 870 2892 cnm
893 2841 945 2892 dea
963 2840 1058 2902 Αλλοτ,
1082 2857 1152 2905 qnae
1175 2846 1203 2891 et
1228 2843 1288 2906 ipsa

152 2909 298 2960 hibuerunt
306 2915 411 2962 veteres
419 2912 636 2976 recentioresque
646 2912 696 2963 cri-
747 2912 866 2962 omnium
890 2926 978 2961 rernm
1003 2910 1030 2960 in
1054 2925 1083 2960 se
1107 2911 1229 2960 continet
1248 2925 1289 2960 se·

153 2979 216 3037 tici;
235 2979 361 3030 nimirum
379 2979 421 3030 his
435 2980 477 3033 Od
498 2980 644 3045 saean,3
662 2981 695 3031 de
746 2981 820 3032 mina
838 2980 1009 3046 originesque
1030 2983 1057 3029 et
1075 2979 1160 3042 primo
1179 2979 1289 3028 deorum

152 3047 230 3098 Aeoli
242 3048 342 3098 insula:
359 3047 455 3115 πλωτῇ
468 2997 510 3098 At
522 3043 610 3117 νήσῳ,
632 3051 694 3101 Viti.
747 3049 834 3100 ordini
860 3049 1031 3109 adscribitur.
1068 3046 1130 3097 Vid.
1160 3053 1228 3099 nott.
1253 3047 1288 3098 ad

154 3117 283 3167 Eustath.
303 3117 336 3168 ad
354 3118 381 3168 h.
401 3117 419 3172 l.
439 3134 466 3183 p.
480 3119 530 3170 377
546 3119 631 3171 Basil.
651 3119 695 3169 Al·
746 3114 1287 3183 11‚41‚ohamp011i0:Pmrheonsgypr.

153 3187 223 3236 berti
240 3187 274 3236 ad
287 3187 408 3253 Hesych.
429 3188 469 3239 11.
487 3205 514 3253 p.
531 3187 582 3240 934
602 3195 629 3240 et
640 3188 696 3239 vil·
746 3188 788 3240 Pl.
807 3188 840 3239 23
858 3194 885 3238 et
899 3188 933 3240 23
945 3188 989 3248 A,
1001 3187 1117 3250 Lepsius
1136 3187 1177 3237 in:
1195 3188 1288 3238 Deuk-

153 3255 250 3307 loison.
267 3256 301 3306 ad
313 3255 438 3322 Apollon.
449 3259 516 3309 Lex.
532 3259 613 3309 Hem.
631 3274 694 3324 pag.
746 3257 854 3308 schrift.
868 3257 894 3309 d.
906 3256 1007 3308 Berlin.
1026 3255 1115 3308 Akad.
1127 3257 1203 3308 1851.
1225 3272 1286 3322 pag.

153 3327 204 3376 555
231 3325 273 3377 ed.
292 3326 382 3378 Toli.“
418 3328 543 3381 Creuzer.
573 3329 602 3378 in
619 3329 696 3379 Com·
747 3327 806 3390 176,
824 3328 870 3377 nbi
889 3326 959 3376 hauc
976 3325 1067 3389 deam,
1092 3342 1172 3392 qnam
1190 3327 1288 3378 Graeci

153 3400 247 3446 mentt.
272 3396 391 3448 Herodd.
424 3413 450 3462 p.
476 3397 526 3449 283
550 3404 607 3448 not.
633 3399 693 3449 258.
744 3398 879 3448 Latonam
896 3400 1004 3456 vocant,
1022 3396 1135 3446 formam
1153 3395 1288 3462 quandam

152 3465 325 3516 Aristarchus
344 3465 389 3518 ilio
406 3468 517 3518 Homeri
537 3467 597 3519 ioco
621 3468 695 3518 πλω-
745 3467 883 3517 existimat
907 3467 973 3517 deae
995 3465 1082 3516 Athor
1104 3467 1190 3516 inisse
1214 3467 1289 3516 inde-

152 3527 186 3600 τὴ
199 3541 372 3601 exposuerat:
386 3531 550 3602 κινονμένη,
562 3531 695 3601 πλέουσα,
745 3553 798 3602 que
822 3536 986 3601 adscriptam
1004 3536 1090 3600 primo
1113 3535 1223 3586 deorum
1247 3551 1287 3586 or-

152 3599 376 3670 περιφερομένη;
401 3621 470 3672 quac
486 3609 590 3672 posteri
608 3624 695 3675 gram·
745 3607 811 3657 dini.
841 3605 1144 3670 Wiikinson(Manners
1159 3609 1211 3656 etc.
1230 3620 1286 3655 sec.

152 3676 245 3726 matici
263 3677 440 3741 repetierunt.
745 3691 797 3727 ser.
817 3676 840 3726 I.
859 3692 922 3741 pag.
940 3673 1145 3738 attentare)
1162 3690 1192 3724 sc
1211 3675 1287 3740 igno-

186 3735 273 3804 αύτός
288 3741 339 3811 μὲν
355 3740 439 3811 ἐγωγε
464 3735 529 3796 orire
554 3742 694 3796 πλέονσαν
744 3761 805 3796 rare
834 3745 988 3811 profitetur,
1026 3759 1159 3809 quaenam
1187 3744 1289 3794 tuerint

152 3831 178 3865 κ.
198 3830 222 3865 τ.
240 3813 274 3881 t]
302 3817 374 3879 „Hic
399 3831 504 3884 quoque
526 3815 603 3867 locus
626 3817 695 3868 satis
746 3816 893 3879 attributa,
930 3829 1061 3880 quaenam
1093 3813 1180 3864 forma
1207 3813 1287 3864 huius

153 3885 249 3936 docere
268 3901 400 3953 quemque
417 3889 521 3952 potest,
544 3886 591 3951 qui
603 3901 695 3936 verum
746 3887 869 3936 Latonae
886 3884 1056 3950 Aegyptiae,
1075 3898 1157 3949 quam
1176 3882 1211 3933 sd
1228 3897 1288 3933 eam

152 3955 246 4006 videre
268 3955 348 4020 velit,
371 3956 502 4006 historiae
520 3960 624 4020 patrem
643 3971 696 4006 non
747 3955 838 4018 deam,
862 3969 932 4021 quae
951 3952 1057 4003 Athribi
1077 3951 1231 4011 colebatur,
1248 3967 1288 4002 re-

152 4039 347 4091 usquequaqne
371 4025 532 4092 pependisse
554 4025 590 4075 ab
609 4026 697 4091 Aegy·
748 4024 846 4087 ferret,
878 4024 930 4074 nisi
966 4021 1059 4072 eadem
1094 4023 1185 4086 potins
1217 4025 1290 4072 esset

152 4095 269 4158 pticrnm
286 4097 354 4146 mira
371 4095 550 4160 tradentium,
573 4095 697 4146 sacerdo·
748 4099 831 4159 atque
849 4093 925 4143 Mcat
947 4107 970 4142 s.
990 4090 1062 4154 Mat,
1088 4107 1158 4157 quae
1181 4090 1216 4141 ad
1237 4091 1290 4156 pri-

153 4169 210 4213 tnm
230 4167 391 4230 praecipue,
419 4180 478 4228 ore,
503 4169 534 4214 nt
558 4165 603 4230 qui
624 4164 698 4215 haud
748 4179 819 4214 mam
838 4163 948 4214 deorum
963 4161 1079 4212 classem
1096 4161 1191 4226 ntique
1208 4160 1291 4225 perti·

153 4247 214 4282 raro
245 4237 407 4286 sententiam
437 4249 513 4284 snam
543 4235 578 4284 ab
607 4249 698 4284 eorum
748 4238 821 4284 neat.
858 4232 948 4297 Atque
964 4230 1034 4281 hanc
1051 4231 1138 4296 ipsam
1155 4230 1200 4280 hic
1213 4229 1291 4280 intei-

119 4299 123 4308 '
154 4303 318 4353 anctoritate
336 4320 480 4371 segregare
497 4303 697 4370 intelligatur.“
748 4302 799 4368 ligi
810 4301 870 4352 vult
882 4303 992 4352 Bunsen
1005 4301 1134 4366 (Egypt's
1146 4301 1229 4351 Pisce
1247 4301 1289 4350 in:

155 4370 271 4423 Oreuzer
288 4373 423 4439 Frapmm.
443 4374 508 4425 hist.
532 4389 560 4438 p.
585 4375 620 4426 27
640 4377 697 4425 not.
750 4370 897 4424 Universai
922 4370 1037 4435 History
1056 4374 1108 4422 etc.
1133 4370 1156 4424 1.
1179 4385 1205 4435 p.
1224 4367 1289 4432 379)

1011 4451 1081 4516 50*
