3096 4930
235 324 297 384 110
668 321 937 382 HERODO'I'I

167 513 229 575 204
237 500 442 592 προβάτοισι.
490 496 537 566 Tri
556 498 618 586 pio
637 495 679 586 δὴ
701 493 782 585 πρὸς
808 497 953 585 ἑσπέρην
972 501 1030 586 τῆς
1049 495 1222 585 θαλίσσης
1244 496 1366 584 ταύτης

235 611 293 695 τῆς
307 611 458 691 Κασπίης
476 602 676 690 καλεομένης
690 595 708 671 ὁ
721 598 898 680 Καύκασος
918 595 1073 690 ἀπέργει,
1094 599 1134 669 τὰ
1154 600 1192 669 ii
1217 597 1299 690 πρὸς
1317 596 1367 688 ἠοῖ

236 737 271 780 τε
284 712 340 778 καὶ
353 705 449 797 ἥλιον
463 702 687 776 ἀνατέλλοντα
707 710 826 774 πεδίον
840 699 1021 790 ἐκδέκεται,
1036 709 1166 792 πλῆθος
1179 701 1320 794 ἄπειρον
1333 700 1367 786 ἐς

235 812 378 896 ἄποψιν·
407 815 468 880 τοῦ
483 801 532 879 ὦν
551 807 593 898 δὴ
610 814 730 878 πεδίον
742 813 804 877 τοῦ
817 807 965 896 μεγάλου
979 805 1041 878 οὐκ
1057 805 1233 897 ἐλαχίστην
1245 815 1367 898 μοίρην

235 920 409 1008 μετέχουσι
431 918 465 983 ol
483 915 718 1000 Μασσαγέται,
739 908 792 982 ἐπ’
816 908 875 992 οὓς
897 907 915 981 ὁ
939 916 1053 1002 Κῦρος
1072 917 1147 1000 ἔσχε
1170 919 1367 1002 προθυμίην

236 1123 319 1172 tiores
334 1124 427 1184 gentes
442 1117 495 1168 hac
509 1117 577 1167 iure
593 1121 776 1182 superent.·-
827 1131 896 1182 quaa
919 1115 1018 1166 dicitur
1042 1115 1164 1180 Kipaak,
1193 1115 1222 1164 iu
1243 1112 1367 1166 occidan-

236 1194 269 1242 In
292 1205 365 1254 seqq.
390 1188 576 1252 rescripsimus
598 1187 726 1237 librorum
743 1203 776 1236 ex
827 1185 876 1236 tali
888 1191 966 1250 parte
979 1189 1067 1235 tarrae
1078 1184 1234 1235 Turkestan
1248 1189 1276 1234 et
1290 1185 1318 1232 in
1331 1181 1365 1231 iis

235 1259 400 1312 arrctoritate
417 1255 496 1322 μίξιν
514 1253 532 1309 <i
542 1249 554 1306 ἒ
572 1273 620 1322 pro
638 1257 713 1321 vulg.
732 1254 776 1320 μί-
827 1256 943 1320 campis,
963 1257 1008 1320 qui
1022 1255 1129 1321 proprie
1145 1255 1288 1304 adterram
1298 1254 1366 1304 (iate

236 1329 282 1394 ξεν
299 1343 343 1379 τε.
473 1350 494 1384 0
825 1326 980 1392 pertineant
992 1323 1060 1389 („im
1075 1323 1255 1391 eigantlichen
1272 1323 1368 1374 Gabiet

825 1412 879 1445 von
897 1395 1006 1461 Gete“).
1043 1397 1085 1445 De
1098 1395 1263 1460 Massagetis
1282 1393 1367 1442 omni-

824 1467 876 1516 bus
889 1469 1010 1515 veterum
1031 1466 1192 1530 scriptorum
1208 1463 1275 1514 locis
1294 1461 1368 1512 edhi-

417 1517 482 1568 CM’·
500 1516 592 1567 CCIV·
825 1536 892 1586 bitis
903 1535 1054 1599 disputavit
1068 1535 1284 1600 quoqueUkert:
1297 1533 1366 1583 Geo-

826 1604 920 1670 graph.
941 1605 967 1654 d.
980 1605 1087 1656 Griecb
1108 1621 1134 1654 u.
1153 1605 1245 1654 licem.
1265 1603 1319 1664 111,
1340 1604 1366 1652 2.

826 1692 853 1740 p.
866 1675 914 1726 571
934 1691 1021 1740 εοηη.,
1038 1675 1066 1724 id
1084 1689 1166 1724 unum
1183 1673 1216 1724 de
1230 1675 1368 1736 Massage-

828 1746 864 1795 tis
893 1748 967 1794 certo
989 1744 1159 1810 pronuntiari
1185 1757 1265 1808 posse
1292 1747 1368 1793 ratus

828 1815 868 1880 (p.
886 1813 965 1878 575),
990 1815 1025 1864 ab
1045 1814 1148 1864 oriente
1170 1814 1252 1863 maris
1276 1812 1368 1876 Caspii

828 1899 920 1934 aarum
939 1883 1016 1934 sedas
1034 1885 1204 1949 quaerendas
1224 1897 1297 1944 esse,
1320 1897 1368 1932 ne·

272 1632 316 1689 Tei
329 1633 380 1704 μὲν
393 1630 428 1702 δὴ
443 1629 515 1700 πρὸς
527 1625 650 1698 ἕσπέρην
660 1630 709 1698 τῆς
722 1632 774 1682 θα-

234 1703 339 1774 λάσσης
358 1700 472 1772 ταύτης]
494 1705 626 1770 Intelligit
643 1705 775 1769 regiones,

237 1797 306 1848 qnae
319 1795 334 1828 a
345 1779 444 1844 Caspio
457 1777 524 1826 mari
537 1775 703 1827 occidentem
718 1790 776 1823 ver-

236 1867 282 1900 sus
298 1851 367 1899 sitae
380 1852 456 1908 sunt,
470 1851 501 1897 ut
519 1863 580 1896 mox
597 1836 630 1894 τὰ
647 1835 719 1908 πρὸς
735 1835 776 1908 ηὀἶ

236 1935 264 1969 τε
283 1915 331 1969 καλ
346 1907 428 1984 ἥλιον
445 1907 633 1967 ἀνατέλλοντα
652 1914 776 1980 regiones
1085 1955 1091 1966 .
1219 1954 1225 1966 .
1260 1953 1266 1964 .

237 1991 272 2040 ad
284 1989 412 2040 ommam
433 1985 463 2050 G·
474 2004 498 2037 e,
515 1988 542 2036 in
555 1985 677 2052 pambus
691 1985 777 2034 orien-
828 1969 880 2018 qne
893 1969 957 2004 vero
970 1959 1125 2004 accuratius
1138 1957 1268 2004 censuim
1277 1967 1367 2016 posse.

237 2059 349 2125 talibus)
368 2058 572 2119 siveorientem
588 2070 683 2104 versus
700 2053 777 2103 aCa-
827 2023 959 2088 F⁰¹big⁰¹
982 2022 1106 2088 (Hmdb'
1135 2025 1163 2075 d·
1192 2023 1241 2075 ⁸¹3·
1269 2022 1368 2086 &⁰3¹⁸

237 2131 295 2195 spic
314 2129 382 2178 mari
400 2128 477 2180 sitas.
509 2127 550 2177 ci.
570 2124 778 2188 Schweighaau-
829 2095 866 2145 Π·
885 2110 912 2158 p·
932 2093 983 2144 46⁷
1003 2093 1089 2158 ὀυ’
1109 2095 1156 2158 qni
1174 2097 1202 2143 et
1219 2094 1278 2158 ip⁸⁰
1296 2096 1368 2141 vet*

238 2215 290 2250 w,
309 2199 344 2248 ad
361 2195 447 2260 1302
466 2201 493 2246 e,
510 2201 579 2246 no„
598 2193 632 2244 ad
646 2193 693 2257 lv,
708 2195 751 2243 44,
828 2179 886 2214 rum
899 2163 973 2213 locos
992 2163 1111 2244 collegit,
1131 2164 1308 2246 Massagetas,
1321 2176 1368 2226 pro

829 2236 1026 2283 Tuscomanms
1049 2233 1143 2284 lnsben
1165 2233 1239 2294 vult,
1264 2245 1311 2296 qus
1333 2230 1369 2280 ad

273 2299 379 2380 πεδίοζ
393 2289 549 2360 ἐκδέκεταί,
568 2294 682 2361 stione
699 2285 778 2346 ἅπὲί·
828 2305 939 2354 fluvium
961 2303 1031 2352 Mias
1054 2302 1140 2367 (nude
1163 2303 1250 2368 ipsum
1272 2315 1370 2350 nomen

238 2385 291 2437 ρον
314 2361 342 2427 ἐς
360 2377 474 2428 ‘1²¹⁰th
491 2384 517 2417 ¹⁸·
536 2383 560 2416 τ·
580 2365 616 2432 b]
635 2368 696 2418 N⁰¹1
718 2381 778 2430 1108-
829 2372 965 2436 duxerint)
976 2371 1240 2423 habitaverintintra
1249 2374 1367 2420 montem

238 2459 296 2492 sum
316 2441 381 2505 quin
399 2439 566 2500 adscribam,
584 2452 654 2502 qnae
671 2436 779 2500 egregie
829 2443 897 2493 Ural
915 2447 942 2492 et
960 2441 1047 2492 lacurn
1064 2442 1128 2493 aral
1145 2442 1172 2490 in
1185 2440 1296 2504 regiona
1307 2439 1367 2488 anri

239 2514 272 2562 ds
288 2511 339 2560 hoc
355 2510 415 2560 loco
434 2513 632 2560 commentatus
650 2507 778 2556 est-Hee-
830 2512 1008 2573 israeissima.
1038 2513 1081 2561 lta
1096 2511 1218 2560 nimirum
1232 2511 1369 2559 statuerat

238 2597 286 2632 ren
306 2579 402 2648 (Ideen
425 2580 449 2639 Ι,
468 2581 493 2628 '2-
512 2593 576 2642 pag·
601 2572 680 2639 29⁸&
706 2575 778 2639 „Die
829 2581 968 2634 Eichwald
978 2580 1143 2646 (Gangraph.
1152 2579 1199 2629 dea
1209 2579 1370 2642 CaspMee·

238 2649 447 2702 unarmessliche
457 2647 549 2699 Ebene
567 2677 602 2686 -
621 2646 713 2697 deutet
731 2645 780 2694 aul
829 2669 873 2702 ren
888 2669 913 2717 p,
927 2650 1065 2716 maneo),
1080 2665 1159 2714 qoem
1171 2649 1293 2714 nequitur
1304 2648 1371 2698 For·
1394 2691 1400 2701 ,

238 2722 282 2771 die
298 2719 396 2770 weiien
410 2716 640 2783 Steppenllinder‚
665 2716 709 2766 die
732 2715 778 2766 be·
829 2723 915 2787 higen,
947 2718 1371 2784 1nterraKirgisorum,iuSon·

239 2791 305 2842 reits
319 2791 346 2838 in
360 2789 408 2839 der
421 2803 534 2854 grossen
548 2785 689 2850 Bncbarey
704 2785 779 2836 ihren
829 2793 906 2857 gneio
924 2789 1095 2841 meridionali
1117 2795 1199 2855 nique
1219 2787 1370 2839 Boehariae

152 2865 156 2872 '
238 2862 349 2925 Anfang
371 2858 484 2909 nahmen
503 2857 557 2908 und
582 2856 639 2907 sieh
662 2856 778 2906 alsdann
830 2861 1036 2927 septentrionali
1050 2865 1128 2924 pnite
1141 2861 1312 2924 Massagetas
1325 2872 1370 2920 po-

238 2932 268 2981 in
286 2931 333 2981 der
349 2945 463 2994 grosaen
480 2929 614 2992 Tartarey
636 2933 715 2976 unter
733 2925 780 2976 der
829 2932 870 2981 nit
894 2931 1020 2982 Gatterer
1047 2931 1074 2979 in
1097 2930 1246 2980 Comment.
1274 2927 1369 2977 societ.

238 3003 406 3064 Benennung
424 2999 471 3050 der
487 2998 619 3063 Sanperep
638 2997 691 3046 und
707 2995 779 3046 Mou-
829 3001 952 3064 Gotting.
982 3001 1015 3050 T.
1041 3000 1117 3050 xiv.
1146 3015 1209 3064 pag.
1234 2998 1261 3048 9.
1302 2996 1371 3046 con.

236 3074 311 3136 polep
332 3070 420 3119 neben
441 3068 501 3118 dem
519 3068 613 3119 Lande
631 3066 720 3132 Eoour
737 3066 779 3114 bis
828 3076 872 3122 ira
891 3067 1370 3134 Halling.(Wien.1ahrbb.LXllI.

239 3157 273 3190 au
295 3140 343 3190 der
360 3140 442 3188 Ketia
465 3139 513 3188 des
531 3136 606 3188 Altai
627 3135 724 3186 hinaul
739 3152 779 3184 er·
828 3157 854 3205 p.
882 3138 942 3204 131)
966 3139 1099 3189 Herodoti
1122 3140 1295 3203 Massagetas
1317 3151 1371 3186 non

239 3207 395 3260 strecken.¹‘
435 3208 537 3257 Aurum
568 3206 637 3256 enim
665 3205 777 3256 multum
829 3210 897 3260 alios
915 3223 976 3258 ease
993 3209 1053 3259 vult
1070 3215 1152 3276 atqua
1168 3207 1371 3271 Alanosposte·

240 3284 322 3343 sique
340 3291 396 3338 aas,
414 3293 466 3342 quo
489 3277 663 3340 Massagetae
681 3277 720 3326 ull
739 3275 778 3324 (11-
828 3296 874 3330 rae
905 3279 1019 3340 aetatis,
1048 3280 1189 3329 Ammiano
1212 3275 1370 3328 Marcellino

239 3353 337 3400 cuntur
356 3345 389 3410 (1,
408 3345 480 3412 215),
499 3361 553 3397 non
573 3345 652 3396 aliter
672 3347 725 3395 nisi
745 3361 777 3395 ex
828 3348 951 3414 inprimis
962 3349 1074 3399 auctora
1087 3349 1190 3411 XXIII,
1214 3347 1255 3398 14.
1269 3345 1370 3418 xm,

239 3423 330 3470 monte
338 3417 411 3468 Alteri
419 3416 543 3481 accipere
550 3420 684 3481 poterant.
700 3413 778 3466 Unde
829 3422 854 3482 2,
878 3419 924 3483 qui
944 3433 1015 3483 quaa
1033 3417 1066 3468 ds
1084 3418 1180 3469 Alanis
1198 3417 1317 3481 scripsit,
1338 3431 1371 3465 ea

239 3488 319 3540 simul
336 3489 413 3553 ipsae
429 3487 509 3536 huius
528 3487 617 3551 gentis
636 3484 713 3535 sedes
730 3483 779 3534 ali·
829 3504 895 3540 enne
910 3503 942 3538 ex
961 3485 1038 3552 perte
1055 3487 1163 3554 quidem
1180 3487 1214 3536 ab
1230 3485 1370 3536 Herodoto

240 3563 373 3625 quatenus
384 3555 488 3608 definiri
498 3559 633 3621 poterunt,
654 3571 721 3620 ques
736 3570 779 3604 su·
829 3559 912 3609 ducta
935 3557 1020 3607 videri
1043 3561 1170 3622 possunt,
1198 3557 1258 3621 ipso
1282 3555 1371 3606 iudice

240 3646 289 3694 pra
312 3629 346 3679 ad
373 3629 396 3690 Ι,
421 3627 469 3677 ’201
495 3625 645 3690 attigimus.
689 3625 779 3688 Atque
829 3627 967 3679 Ukertol.
986 3625 1004 3677 1.
1024 3643 1052 3692 p.
1071 3628 1123 3677 554
1140 3642 1213 3691 seq.,
1239 3627 1307 3676 bene
1325 3624 1371 3674 ad-

239 3702 293 3750 inm
320 3696 466 3749 Rennolius
493 3697 521 3745 iu
544 3694 696 3759 Geograph.
724 3695 779 3744 He·
829 3701 969 3757 monente,
988 3697 1037 3747 hos
1057 3697 1157 3746 Alanos
1175 3711 1205 3746 ro
1222 3711 1287 3745 vera
1307 3709 1372 3758 gen-

239 3768 327 3819 rodot.
345 3781 407 3832 pag.
418 3765 470 3817 473
490 3780 547 3828 seq.
567 3769 687 3814 veterum
704 3764 779 3814 locos
829 3769 896 3817 tium
915 3767 1098 3817 Asiatiearnm
1120 3764 1262 3816 colluviem
1287 3764 1372 3814 fuisse

239 3839 272 3888 de
295 3836 459 3900 Massagetis
478 3834 617 3896 (Strabon.
641 3835 691 3886 XI.
715 3848 777 3898 pag.
829 3837 1008 3901 undecunque
1018 3837 1168 3887 collectam.
1201 3836 1291 3900 Atque
1300 3835 1372 3883 Mas-

239 3907 286 3959 511
310 3921 367 3969 seq.
383 3905 497 3955 Diodor.
516 3903 599 3954 Sicul.
619 3903 658 3964 II,
677 3903 703 3954 3.
730 3903 778 3953 Ar·
829 3907 932 3970 segetis
944 3906 1045 3957 Alanos
1066 3921 1173 3972 quoque
1186 3904 1319 3955 contineri
1332 3904 1372 3953 iu·

238 3978 308 4027 rian.
320 3975 425 4039 Exped.
436 3973 512 4024 Alex.
529 3973 577 4034 IV,
590 3973 632 4024 17.
650 3971 777 4036 Ptolem.)
830 3977 905 4026 dieat
925 3975 1029 4026 Ritter:
1055 3973 1203 4026 Erdkunde
1222 3975 1286 4025 vll.
1306 3987 1371 4037 pag.

239 4043 363 4107 collegit,
388 4057 441 4106 quo
460 4043 494 4093 de
511 4043 584 4092 veris
605 4042 715 4094 sedibus
733 4059 778 4092 ac·
829 4045 890 4097 627.

240 4113 362 4165 curatius
380 4112 466 4162 stetui
487 4115 589 4176 posset.
626 4111 778 4176 Scriptores
865 4110 917 4162 rori
933 4099 974 4163 aiv
992 4104 1028 4176 δὴ
1042 4108 1144 4161 πεδίου
1169 4126 1195 4160 ιι.
1215 4125 1238 4159 τ.
1265 4107 1301 4174 λ.]
1319 4111 1372 4159 He-

239 4181 380 4234 Herodoto
390 4182 553 4246 posteriores
563 4179 658 4232 melius
669 4180 781 4232 edoctos
831 4182 933 4233 roldius
958 4182 1041 4232 scribi
1062 4180 1122 4230 vult
1145 4171 1247 4229 τούτου
1266 4165 1307 4227 ὦν
1335 4167 1373 4241 δὴ

241 4267 301 4303 esse
319 4251 471 4310 contendit3
491 4264 559 4315 quos
582 4251 606 4300 si
627 4265 781 4316 sequamur,
831 4250 884 4300 τοῦ
908 4248 1025 4312 πεδίον,
1056 4251 1226 4314 approbante
1249 4247 1372 4298 Dietseh.

241 4324 413 4385 blassagetas
439 4320 559 4370 tenuisse
586 4324 673 4370 terras
696 4335 782 4384 usque
834 4320 954 4382 (Iahrbb.
974 4321 993 4370 i.
1012 4319 1110 4370 Philol.
1125 4317 1373 4382 n.Paedag.LX1.

240 4391 391 4448 adlmeum
405 4387 547 4445 dicandum
570 4404 603 4444 aa
618 4389 646 4442 in
662 4389 781 4459 regione,
832 4406 897 4460 pag.
921 4388 993 4460 43²),
1018 4403 1106 4458 nsque
1126 4403 1191 4442 vero
1216 4387 1246 4440 in
1270 4389 1373 4438 textum
