3008 4924
523 297 771 358 EUTHRPE.
794 299 836 359 II.
860 306 920 360 149.

1228 303 1289 365 773

152 457 250 548 οὗτος
270 468 503 558 οἰκοδόμηται,
525 475 583 560 τῆς
604 468 641 542 cd
656 479 857 562 περίμετρον
872 477 930 562 τῆς
950 473 1112 564 περιόδου
1132 477 1196 545 εισι
1210 475 1289 546 στά-

153 671 244 734 lacus,
263 671 309 737 qui
328 669 416 722 adhuc
434 675 548 721 vocatur
566 673 659 725 Birlret
676 678 700 724 ei
748 689 895 740 verumque
916 675 1013 726 habuit
1034 677 1172 728 Latronne
1196 677 1291 744 (Frag-

154 741 275 801 Keroun,
301 742 330 791 in
354 740 535 791 remotissima
556 741 635 794 huius
658 733 706 794 ιο-Ι

154 812 207 860 tius
226 811 290 875 pagi
309 816 385 876 parte
404 809 473 860 situs
487 815 696 876 septentrionem

152 895 247 930 versus
264 881 298 930 ab
317 881 383 931 urbe
395 879 518 930 Medinat
537 880 562 930 el
574 883 697 948 Fayonm

152 949 373 1016 (Crocodilopoli)
392 948 642 1014 proficiscentibus,
668 953 696 1004 in

152 1021 212 1085 ipso
237 1020 342 1084 Libyae
377 1019 499 1069 deserto:
531 1023 576 1085 qui
604 1037 696 1087 quam-

153 1105 233 1156 quam
256 1094 354 1140 natura
374 1087 482 1154 quidem
506 1089 595 1140 lactus
623 1091 697 1142 vide-

153 1165 211 1221 tur,
238 1163 329 1209 tamen
354 1157 399 1222 (ut
416 1159 469 1208 viri
491 1158 564 1209 doeti
582 1160 623 1210 illi
641 1162 696 1211 exi-

154 1229 277 1290 stiment)
310 1235 368 1278 arte
398 1228 517 1278 humana
548 1232 696 1282 accedente

153 1303 247 1363 postea
259 1313 318 1348 eum
329 1299 356 1348 in
369 1298 498 1348 ambitum
512 1299 606 1362 crevit,
618 1317 695 1366 quem

152 1367 307 1419 Herodotus
327 1368 428 1434 aliique
445 1369 591 1432 scriptores
610 1372 696 1435 ei,as-

154 1439 277 1503 signant,
304 1453 376 1488 nunc
399 1453 463 1487 vero
482 1439 598 1504 speciem
617 1441 696 1492 valde

152 1513 284 1558 mutatam
316 1508 500 1572 ambitumque
529 1507 695 1560 deminutum

153 1578 274 1642 praebet.
312 1577 364 1640 Qui
389 1577 459 1627 eninr
478 1577 541 1628 olim
565 1579 696 1630 ambitum

152 1647 334 1711 quadraginta
368 1645 554 1697 milliariorum
580 1649 696 1700 Gallico·

153 1731 212 1766 rum
231 1715 332 1779 (lienes)
356 1715 485 1766 habuisse
503 1717 625 1780 videtur,
655 1719 696 1768 ita

153 1790 184 1834 ut
202 1785 290 1835 lacum
307 1787 456 1836 Lemanum
478 1786 534 1836 sere
557 1793 696 1852 aequaret,

152 1855 176 1904 is
196 1855 293 1920 viginti
311 1856 428 1921 quinque
446 1854 571 1906 milliaria
590 1856 696 1908 Gallica

153 1925 199 1974 vix
223 1925 325 1974 ambitu
351 1939 423 1975 nunc
447 1940 563 1990 aequare
587 1925 695 1991 dieitur,

57 2041 64 2050 ,
153 2009 315 2060 quamquam
332 1995 360 2044 in
383 1994 449 2058 ipsis
474 1995 554 2045 terris
571 1995 697 2047 adiacen-

153 2065 241 2123 tibus,
260 2079 329 2130 quae
347 2079 417 2114 nuuc
436 2063 555 2114 incultae
572 2071 648 2128 sunt,
670 2070 697 2115 et

153 2133 290 2184 meridiem
312 2139 339 2184 et
365 2133 573 2198 septentrionem
600 2151 695 2186 verens

153 2219 170 2253 a
193 2203 255 2253 lacu
278 2203 366 2253 adbuc
391 2209 549 2268 comparent
569 2206 695 2271 vestigia,

154 2288 223 2338 qnae
247 2273 316 2323 hanc
339 2277 438 2323 terram
463 2275 541 2337 aquis
566 2273 629 2324 olim
650 2275 695 2324 ob·

154 2348 254 2393 tectam
271 2343 356 2392 tuisse
374 2342 529 2393 ostendunt.
558 2343 636 2394 Conf.
652 2345 695 2394 Io-

153 2413 238 2464 mard.
255 2412 274 2462 l.
292 2412 309 2463 l.
325 2428 387 2478 pag.
402 2412 435 2462 84
452 2427 509 2477 seq.
541 2412 606 2464 Cium
625 2415 695 2465 enim

153 2483 215 2533 olim
234 2484 320 2534 maior
337 2498 467 2546 aquarum
482 2484 524 2532 vis
537 2499 552 2532 e
565 2483 627 2534 Nilo
648 2499 695 2548 per

152 2553 273 2603 canalem
301 2554 328 2603 in
357 2551 446 2603 lacum
476 2557 548 2604 esset
578 2553 695 2604 deducta

152 2621 216 2687 (quo
239 2623 298 2687 ipso
321 2627 480 2687 spectarunt
497 2623 639 2689 Aegyptii,
663 2629 695 2674 ut

153 2698 180 2742 et
206 2691 273 2742 alias
299 2694 424 2758 regiones
453 2692 537 2742 nimia
563 2709 693 2759 aquarum

151 2762 231 2826 copia
241 2761 398 2812 laborantes
412 2762 567 2824 liberarent,
585 2770 612 2813 et
625 2763 693 2814 alias

152 2847 282 2896 aquarum
311 2831 404 2896 inopia
433 2829 588 2881 laborantes
620 2833 695 2883 lerti-

151 2899 232 2949 lioree
250 2900 406 2959 redderent;
425 2901 461 2951 cf.
480 2901 578 2950 Ritter.
596 2900 614 2951 l.
636 2901 654 2952 1.
667 2917 692 2965 p.

151 2967 228 3032 807),
255 2975 285 3018 ut
309 2984 417 3032 campos
442 2969 598 3020 adiacentes
618 2971 695 3020 inun-

151 3036 229 3086 daret
252 3053 381 3102 aquarum
400 3039 493 3102 copia,
520 3053 592 3089 nunc
609 3039 694 3088 multo

150 3107 238 3156 minor
249 3122 379 3172 aquarum
392 3107 433 3156 vis
448 3122 496 3172 per
507 3107 630 3172 Iosephi,
650 3108 695 3174 qui

151 3175 265 3239 dicitnr,
293 3176 415 3226 canalem
444 3191 476 3226 ex
503 3175 566 3226 Nilo
592 3177 695 3227 intrare

153 3245 260 3307 dicitur,
273 3246 345 3296 uode
357 3245 503 3296 accedente
516 3263 621 3312 quoque
633 3263 696 3297 con·

152 3315 229 3364 tinus
242 3315 413 3366 exhalatione
430 3315 519 3366 lacum
538 3317 625 3381 magis
639 3333 695 3367 ma-

152 3385 248 3450 gisque
269 3385 381 3435 diminui
400 3385 529 3437 credibile
548 3385 607 3438 fiat.
639 3387 695 3436 Do-

152 3459 277 3504 cumento
293 3460 335 3504 est
352 3456 412 3519 ipsa
430 3455 507 3504 lacus
524 3471 596 3522 aqua
612 3455 694 3517 salsa,

153 3539 221 3590 quae
239 3525 390 3590 antiquitus
412 3524 486 3574 nulla
510 3525 588 3576 ineo
610 3525 696 3576 luisse

152 3593 272 3656 videtur,
292 3611 351 3645 cum
370 3592 468 3644 multos
481 3595 632 3646 crocodilos
650 3595 695 3646 ille

154 3664 252 3726 aleret,
273 3679 340 3728 quoe
360 3663 387 3713 iu
404 3679 477 3728 aqua
494 3664 568 3715 salsa
586 3666 695 3716 omnino

153 3749 207 3784 nou
228 3735 360 3784 invenias.
402 3734 503 3784 Confer
523 3736 695 3785 Manncrtnm

152 3803 172 3854 l.
196 3804 216 3854 l.
243 3820 307 3870 pag.
326 3802 378 3854 428
401 3819 457 3868 seq.
498 3804 551 3855 Sed
575 3805 695 3869 piscibus

153 3874 292 3924 abundare
318 3873 406 3923 lacum
435 3873 505 3923 dixit
529 3875 561 3924 L.
587 3875 620 3924 de
643 3875 695 3924 La-

152 3942 237 3993 borde
267 3945 295 3992 in
323 3945 416 3994 Revue
450 3943 585 4006 lranqaise
619 3943 693 3995 1820.

152 4013 231 4064 Ianv.
250 4029 312 4078 pag.
331 4013 374 4064 67.
411 4013 487 4063 Haec
505 4013 590 4079 igitur
607 4014 631 4064 ei
650 4030 696 4063 va-

152 4081 223 4144 lent,
248 4082 382 4134 inlocum
400 4081 491 4145 laeua,
515 4084 561 4148 qui
588 4083 696 4134 aMoe-

153 4150 211 4200 ride
228 4167 293 4218 rege
305 4153 394 4203 lactus
407 4153 464 4202 eius
481 4168 586 4218 quoque
598 4168 694 4203 nomen

153 4221 303 4285 antiquitus
321 4223 451 4284 obtinuit,
470 4238 541 4272 nunc
559 4223 642 4272 cessit
657 4222 695 4272 lu·

153 4303 214 4349 cns,
250 4291 293 4339 cui
328 4307 424 4341 nomen
459 4291 551 4342 Birlret
586 4294 609 4341 el
633 4275 695 4341 'ie-

153 4372 215 4408 roan
238 4373 261 4408 s.
280 4359 378 4424 Quorn,
398 4361 478 4426 idque
497 4363 536 4411 ita
552 4361 695 4426 probatum

749 751 836 794 ments
864 744 984 795 d‘Heron
1013 751 1065 796 etc.
1095 763 1123 812 p.
1154 745 1231 810 168),
1260 755 1291 798 ut

749 816 821 864 omni
839 813 920 864 dubio
939 821 1073 864 exemtum
1091 818 1289 880 pronuntiaret.

748 885 784 934 At
802 899 866 933 vero
883 885 944 948 ipsa
958 885 1091 934 Herodoti
1109 887 1193 936 verba
1210 902 1289 937 accu-

747 954 833 1004 ratius
850 954 1056 1016 inspicientibus
1072 955 1181 1006 disertis
1200 957 1290 1007 verbis

747 1023 884 1083 testantis,
896 1023 1025 1072 Moeridis
1033 1022 1122 1073 lacum
1134 1040 1216 1090 prope
1227 1025 1290 1076 Oro-

748 1092 911 1156 codilopolin
942 1091 1076 1155 (Medinat
1103 1091 1127 1142 el
1155 1094 1289 1160 Fayoum)

747 1163 876 1226 iuxtaque
894 1162 982 1226 ipsum
994 1161 1179 1226 labyrinthum
1195 1163 1288 1226 tuisse,

747 1233 793 1298 qui
813 1247 879 1280 sane
898 1231 1056 1296 longissimo
1074 1236 1206 1282 terrarum
1229 1248 1290 1297 spa-

746 1303 785 1351 tio
809 1301 887 1350 abest
910 1316 927 1350 a
950 1299 1013 1351 lacn
1030 1301 1124 1351 Birket
1144 1301 1168 1352 el
1187 1302 1288 1365 Quorn,

746 1369 880 1435 simulque
898 1370 1083 1434 cogitantibus
1101 1370 1172 1421 huno
1189 1369 1288 1434 lacum,

747 1441 818 1506 qood
844 1455 915 1490 nune
941 1440 1009 1490 satis
1036 1445 1157 1502 constat,
1191 1445 1290 1491 natura

747 1510 849 1560 editum
867 1524 936 1568 esse,
955 1525 1009 1559 non
1027 1511 1213 1572 antefactum,
1232 1509 1289 1560 lon-

747 1595 834 1644 geque
855 1579 1009 1628 inferiorem
1039 1594 1099 1629 esse
1122 1577 1177 1629 Nili
1199 1578 1287 1642 alveo,

747 1649 858 1699 dubium
876 1663 936 1698 esse
953 1649 1000 1698 vix
1011 1649 1127 1712 poterit,
1146 1647 1197 1697 boe
1215 1653 1288 1700 certe

746 1717 807 1769 loco
823 1717 992 1778 Herodoteo‚
1010 1717 1140 1768 Moeridis
1156 1717 1245 1767 lacurn
1264 1719 1288 1768 si

747 1803 918 1854 quaeramus,
934 1787 967 1837 de
977 1787 1040 1837 laon
1050 1786 1145 1838 Birket
1157 1785 1181 1837 el
1195 1787 1288 1850 anrn

747 1857 861 1923 cogitari
885 1857 1007 1922 prolecto
1030 1872 1084 1907 non
1108 1871 1197 1921 posse.
1233 1856 1288 1906 Ita·

748 1943 800 1992 que
810 1927 892 1978 Mich.
906 1925 1013 1977 Russell
1029 1924 1114 1988 (View
1133 1926 1163 1976 oi
1178 1926 1289 1976 ancient

748 1997 799 2046 and
820 1996 930 2046 modern
948 1997 1049 2061 Egypt.
1065 2011 1091 2060 p.
1112 1993 1172 2061 102)
1190 1996 1288 2045 Moeri-

748 2067 788 2116 dis
804 2065 866 2116 lacu
880 2065 939 2115 vult
951 2063 1139 2130 comprehendi
1155 2081 1187 2115 ea
1198 2065 1289 2115 omnia

746 2137 942 2201 Aegyptiorum
965 2140 1086 2184 veterum
1113 2150 1135 2185 s.
1159 2133 1287 2184 Moeridis

746 2206 818 2270 regis
837 2220 932 2270 opera,
958 2204 1055 2269 quibus
1074 2203 1164 2255 Nilum
1188 2202 1288 2254 canali-

746 2275 797 2326 bus
827 2274 916 2325 duotis
943 2274 1106 2338 coniungere
1137 2289 1195 2324 eum
1226 2273 1288 2325 lacu

746 2345 841 2395 Birket
864 2344 887 2394 el
907 2345 999 2407 Quom
1023 2342 1154 2408 simulque
1172 2342 1288 2394 fertilem

746 2413 857 2464 reddere
875 2419 963 2464 totum
976 2413 1050 2463 illum
1065 2418 1152 2463 terrae
1171 2417 1287 2464 tractum

746 2483 908 2534 studuerint.
951 2484 1045 2548 Neque
1072 2483 1151 2534 aliter
1172 2482 1288 2534 Wilkin-

745 2569 805 2604 son.
832 2555 947 2621 (Egypt.
971 2553 1024 2602 and
1049 2554 1155 2604 Thebes
1178 2568 1205 2617 p.
1225 2551 1285 2603 355.

745 2624 883 2674 Manners.
899 2628 952 2674 eto.
969 2623 992 2672 1.
1006 2639 1033 2688 p.
1048 2623 1080 2674 9¹2
1099 2637 1174 2688 seqq.
1193 2622 1245 2672 III.
1259 2639 1286 2686 p.

745 2693 779 2743 65
803 2709 859 2745 sec.
882 2709 935 2743 ser.
959 2693 998 2742 11.
1021 2708 1048 2756 p.
1075 2691 1136 2757 157)
1165 2691 1286 2741 canalem

745 2763 855 2813 ductum
874 2779 891 2812 a
903 2761 965 2812 Nilo
980 2762 1008 2810 in
1025 2777 1133 2826 pagani,
1152 2761 1199 2824 qui
1215 2776 1287 2810 nunc

744 2833 865 2895 Fayoum
884 2831 993 2892 dieitur,
1012 2831 1128 2894 indeque
1145 2829 1181 2878 ad
1197 2828 1287 2878 lacum

746 2900 855 2964 (Birket
873 2900 897 2950 el
913 2897 1020 2962 Quom)
1039 2900 1127 2963 ipsum
1144 2899 1285 2947 continua-

744 2976 815 3032 tum,
838 2971 874 3020 ab
892 2968 1032 3019 Herodoto
1057 2981 1116 3018 oum
1139 2965 1200 3029 ipso
1224 2966 1287 3016 lacu

745 3040 874 3090 contundi
887 3036 1069 3101 Moeridisque
1087 3036 1176 3086 lacum
1193 3036 1286 3086 vocari

746 3110 856 3158 statuit:
875 3111 1059 3172 provocatque
1077 3106 1119 3155 vir
1136 3103 1233 3154 doctus
1252 3104 1287 3154 ad

745 3178 861 3228 Plinium
879 3177 952 3227 Hist.
967 3176 1032 3226 Nat.
1046 3173 1170 3234 XXXVI,
1187 3173 1227 3237 12,
1243 3173 1286 3236 76,

746 3263 798 3312 quo
812 3252 883 3296 teste
899 3245 970 3309 „snit
981 3247 1058 3294 lacus
1072 3243 1217 3308 Moeridis,
1235 3243 1286 3294 boo

746 3321 788 3367 est
821 3317 898 3366 fossa
925 3314 1071 3380 grandis.“
1117 3315 1286 3379 Quamquam

746 3385 856 3437 difficile
874 3386 967 3450 utique
990 3389 1032 3434 est
1057 3384 1181 3446 credere,
1207 3399 1287 3433 cana-

744 3456 796 3507 lem
815 3455 975 3519 simplicem,
991 3451 1120 3504 Moeridis
1138 3468 1220 3517 opus,
1240 3469 1287 3518 ap·

744 3526 841 3592 pellari
857 3525 984 3575 Moeridis
1001 3522 1089 3572 lacum
1107 3526 1166 3572 arte
1184 3522 1286 3572 facturn

745 3597 780 3647 ab
798 3594 952 3657 Herodoto,
973 3593 1018 3659 qni
1035 3593 1094 3656 ipse
1111 3591 1182 3641 hanc
1200 3591 1287 3655 regio·

746 3681 806 3717 nem
835 3665 931 3714 invisit
960 3663 1069 3727 suisque
1096 3665 1169 3712 certe
1199 3660 1286 3710 oeulis

747 3735 888 3800 conspexit
906 3733 1007 3793 laeum,
1027 3731 1073 3796 qui
1092 3729 1286 3794 labyrinthum,

746 3821 824 3870 quem
841 3804 954 3853 intravit
971 3799 1104 3866 (11‚1ee),
1123 3798 1286 3863 attingebat.

746 3876 843 3940 Itaque
859 3873 910 3923 hoo
930 3873 990 3922 loco
1014 3886 1068 3920 non
1087 3867 1209 3920 canalem
1227 3871 1287 3917 tan-

746 3949 815 4004 tum,
840 3958 933 3993 verum
950 3941 1038 3990 maius
1056 3937 1191 4004 quoddam
1209 3953 1286 4002 opus,

746 4013 818 4079 quod
836 4011 912 4062 lacus
930 4011 1046 4075 speciem
1062 4007 1216 4072 praebuerit
1231 4011 1258 4057 et
1270 4023 1287 4057 a

745 4099 822 4148 rege,
842 4083 888 4146 qui
908 4080 1073 4146 perfecerat,
1096 4091 1193 4126 nornen
1212 4091 1288 4127 acce·

745 4153 816 4218 perit
834 4151 977 4212 Moeridis,
997 4148 1058 4198 olim
1076 4146 1214 4196 exstitisse
1232 4161 1287 4196 cre·

746 4223 854 4282 damus,
889 4220 991 4270 tactum
1019 4215 1087 4266 illud
1117 4215 1224 4281 quidem
1252 4217 1287 4266 ad

746 4305 876 4357 aquarum
896 4305 910 4338 e
928 4289 990 4338 Nilo
1009 4287 1060 4338 huc
1078 4285 1218 4336 ductarum
1241 4286 1288 4335 ab·

746 4359 904 4410 undantium
925 4360 951 4407 in
970 4373 1000 4408 se
1017 4355 1198 4420 recipiendam
1216 4371 1287 4406 eam·
