3058 4928
546 309 796 371 EUTERPE.
820 311 862 370 11.
885 318 929 374 91.
1245 311 1307 400 627

171 489 299 572 γνῶναι
317 479 396 563 τούς
412 485 596 571 συγγενέας
611 482 757 563 πάντας·
789 482 1043 574 ἐκμεμαθηκότα
1059 489 1099 556 δέ
1113 513 1173 574 μιν
1188 480 1304 555 derud-

172 599 253 657 σθαι
278 589 310 666 ές
323 597 499 674 ΑΙννιιτον
521 584 559 655 τὸ
576 591 633 676 τῆς
650 589 796 675 Χέμμιος
814 583 959 676 οὕνομα,
985 591 1201 678 πεπυσμένον
1216 585 1307 678 παρὰ

171 697 229 780 τῆς
245 689 384 780 μητρός·
413 688 529 778 ἀγῶνα
545 693 585 761 δέ
601 695 635 759 οἱ
652 687 836 778 γυμνικὸν,
854 686 960 760 αὐτοῦ
978 691 1213 777 κελεύσαντος,
1231 694 1304 760 ἐστι·
1401 693 1410 712 ’

171 796 308 864 τελέειν.

249 901 360 968 Ταῦτα
383 894 445 984 μὲν
463 895 572 965 ιιιὲντα
590 899 624 964 οἱ
638 893 831 982 κατύπερθε
849 899 917 963 τῶν
934 895 1037 965 ἑλέων
1059 898 1226 976 οἰκέοντες
1243 901 1351 969 Ai-au

113 1063 119 1072 ,
170 1000 305 1090 νύττιοι
324 1006 506 1088 νομίζουσι.
538 1003 573 1069 οἱ
592 997 630 1068 di
649 995 691 1086 δὴ
708 1000 746 1067 έν
763 1013 848 1067 τοῖσι
867 1000 956 1068 ἕλεσι
970 1002 1203 1089 κατοικημένοι
1218 1015 1303 1069 τοῖσι

171 1105 234 1194 μὲν
255 1100 385 1174 αὐτοῖσι
403 1102 534 1191 νόμοισι
561 1104 740 1190 χρέωνται,
767 1117 852 1170 τοῖσι
871 1103 927 1170 καὶ
945 1107 980 1171 οἱ
1000 1099 1094 1172 ἄλλοι
1114 1102 1304 1190 Αἰγύπτιοι,

172 1209 228 1278 καὶ
257 1197 377 1292 τᾶλλα,
399 1207 455 1274 καὶ
471 1205 609 1293 γυναικὶ
630 1209 689 1296 μιῇ
708 1199 845 1285 ἕκαστος
861 1201 975 1274 αὐτῶν
992 1207 1176 1293 συνοικέει,
1202 1206 1302 1276 κατά-

207 1363 239 1420 τό
255 1367 306 1436 τῆς
322 1368 448 1436 Χέμμιος
464 1361 585 1438 οὕνομα]
603 1371 713 1437 Recepi·
764 1371 816 1423 biti
848 1387 898 1422 nec
928 1371 982 1438 ipsi
1012 1373 1128 1424 forsitan
1154 1372 1306 1438 Aegyptiae

173 1455 231 1492 mus
248 1442 493 1506 interpunctionem
508 1441 638 1492 minorem
650 1445 714 1506 post
765 1441 872 1506 stirpis,
904 1441 952 1492 sed
982 1443 1116 1494 Arabicae
1141 1443 1305 1507 Libycaeve,

172 1512 271 1562 haecce
289 1510 386 1573 verba,
411 1525 465 1576 quo
487 1510 656 1576 intelligatur
680 1526 713 1560 ea
765 1511 851 1561 vitam
869 1526 902 1561 ex
919 1515 997 1577 parte
1014 1512 1158 1564 nomadum
1172 1513 1306 1564 adinstar

172 1581 306 1646 pertinere
325 1580 359 1630 ad
374 1579 538 1631 antecedens
554 1571 713 1645 ένμεμαθη-
766 1585 905 1646 gerentea,
928 1581 1046 1647 indeque
1067 1583 1148 1632 etiem
1166 1583 1242 1634 exosi
1264 1597 1306 1632 re-

172 1643 254 1714 ιιόια,
278 1665 440 1716 quamquam
463 1655 553 1700 mente
578 1655 657 1700 erunt
673 1665 714 1702 re·
765 1651 847 1716 liqnis
858 1651 1002 1716 Aegyptiis
1014 1651 1155 1718 agricolis,
1176 1651 1306 1716 aquibus

172 1718 290 1785 petenda
303 1719 338 1769 ed
355 1717 588 1784 πεπυσμένον-
602 1719 644 1770 Ad
654 1711 713 1769 έπι-
765 1720 817 1770 1ιοα
843 1735 951 1784 quoque
975 1721 1036 1772 loco
1059 1727 1188 1772 accurate
1210 1721 1306 1771 distin-

173 1780 278 1838 τελέειν
296 1789 368 1838 conl.
387 1789 425 1852 11,
438 1789 481 1842 63.
766 1788 866 1855 guendi
883 1795 956 1840 eunt.
985 1791 1022 1840 Hi
1041 1793 1112 1841 enim
1130 1796 1193 1840 sunt
1212 1784 1241 1848 οἱ
1256 1804 1307 1840 κα-

208 1857 287 1920 Quod
300 1857 416 1924 denique
430 1859 465 1909 ad
477 1859 592 1908 donnum
604 1862 632 1908 et
644 1859 714 1922 Lyn·
765 1850 892 1922 τοίιερθε
909 1857 966 1908 τῶν
982 1848 1066 1910 ἑλέων
1084 1852 1242 1924 οἰκέοντες,
1264 1857 1306 1909 iti-

173 1943 241 1978 ιιαιιι
264 1927 376 1992 attinet,
401 1928 567 1992 Persemque
593 1927 714 1992 eLibya
766 1928 879 1993 demque
905 1922 934 1977 οἳ
957 1924 1022 1991 περὶ
1043 1922 1097 1994 τὴν
1117 1922 1307 1993 σπειρομένην

174 1998 310 2063 Gorgonis
342 2002 425 2064 caput
454 1997 613 2060 allaturum,
647 1997 714 2047 baec
765 1994 910 2061 Αἴγυπτον
937 1989 1063 2047 οἰκέουσι
1092 1999 1148 2064 (ΙΙ,
1177 1999 1226 2061 17,
1259 1997 1306 2047 ubi

174 2068 385 2133 quoquepsneis
395 2067 526 2118 monitum
537 2065 661 2116 velimad
673 2082 715 2116 ra·
765 2065 933 2132 conduct),
954 2067 999 2133 qui
1016 2083 1062 2131 ea,
1081 2083 1151 2136 quae
1166 2072 1249 2118 antea
1266 2082 1306 2118 re·

173 2137 262 2188 tiones
279 2136 399 2189 sidereae
411 2151 444 2188 ac
456 2136 583 2203 physicae
602 2151 662 2188 esse
674 2152 714 2186 re·
766 2140 909 2188 censuerat
929 2137 1069 2200 instituta,
1097 2137 1185 2203 leges,
1209 2149 1306 2199 mores,

173 2206 306 2270 vocanda,
325 2221 357 2258 ac
375 2207 409 2258 de
427 2207 484 2257 role
501 2207 628 2270 omnium,
647 2221 716 2272 quae
766 2207 921 2256 observant.
940 2207 1003 2258 Vid.
1019 2208 1136 2259 Haeren.
1154 2205 1239 2257 ldeen
1252 2211 1305 2257 etc.

70 2279 75 2292 ⁸
173 2277 226 2343 ipsi
238 2276 358 2342 obstant,
376 2278 488 2340 victore,
507 2291 605 2342 pravos
625 2275 716 2326 burno-
766 2277 803 2338 11,
821 2277 846 2326 2.
866 2291 929 2342 pag.
950 2275 1009 2327 150.
1023 2303 1055 2312 —
1073 2269 1211 2342 χρέωνται
1228 2291 1262 2326 ex
1276 2275 1307 2325 li-

174 2361 226 2409 res,
240 2347 383 2413 adremque
395 2346 553 2398 nebulonum
567 2349 649 2411 atque
661 2345 716 2395 bie·
765 2345 874 2395 brorum
892 2359 1026 2398 consensu
1042 2346 1158 2408 retinni;
1176 2362 1231 2398 rec.
1242 2345 1306 2397 edd.

174 2415 270 2467 malem
289 2416 462 2482 deprimente,
480 2432 533 2482 quo
547 2431 655 2466 cursum
670 2430 716 2465 sn·
765 2406 905 2480 χρέονται.

173 2501 255 2538 nuum
281 2487 333 2537 rite
358 2486 498 2550 conficiat,
527 2484 714 2551 intelligenda.
800 2479 847 2534 καλ
870 2479 983 2548 ηοναικλ
1006 2482 1057 2550 μιῇ
1076 2478 1193 2542 ἕκαστος
1213 2475 1308 2534 αὐτόν

173 2557 256 2608 Plura
268 2557 389 2608 discendi
403 2557 495 2622 cupidi
508 2555 608 2606 adeant
618 2555 714 2606 Crenn.
767 2549 918 2618 συνοικέει]
936 2585 938 2590 =
953 2543 1048 2602 adroic
1079 2571 1139 2605 cum
1170 2553 1307 2606 (laisiord.

174 2626 294 2690 Symbol.
313 2627 336 2678 1.
360 2641 386 2692 p.
407 2625 458 2678 794
476 2642 532 2692 seq.
554 2625 592 2678 11.
616 2641 644 2690 p.
662 2625 714 2676 082
764 2623 862 2688 scripsi
889 2637 938 2688 pro
963 2622 1037 2688 rnlg.
1064 2615 1183 2674 αὐτέων.
1212 2636 1307 2674 uovor-

174 2711 250 2761 seqq.
270 2695 318 2747 1v.
339 2713 365 2761 p.
380 2699 412 2747 47
431 2713 507 2762 seqq.
765 2695 827 2742 κεῖν
844 2693 878 2742 de
895 2695 1047 2744 mutrinronr'o
1065 2692 1137 2743 haud
1154 2707 1216 2743 raro
1234 2689 1307 2756 apud

764 2763 908 2822 Nostrum,
929 2762 1000 2812 coni.
1015 2761 1038 2824 I,
1058 2761 1101 2812 31.
1120 2761 1163 2812 91.
1183 2761 1226 2812 93.
1248 2760 1306 2811 108.

765 2831 826 2883 196.
852 2832 902 2882 113
923 2836 975 2882 etc.
1016 2830 1130 2880 Videtur
1158 2834 1247 2880 autem
1275 2841 1308 2878 ex

202 2952 211 2967 ,
764 2900 806 2950 bis
820 2899 911 2965 colligi
925 2915 1018 2966 posse,
1032 2899 1182 2963 Aegyptios
1195 2898 1308 2962 plerum-

211 2960 241 3015 οἶ
257 2961 288 3016 dl
305 2959 342 3030 δὴ
359 2959 389 3016 έν
406 2970 479 3017 τοῖσι
498 2963 569 3017 ἕλεσι
583 2981 714 3030 κατοικη-
764 2984 818 3034 que
831 2970 911 3019 unlus
925 2970 1041 3019 feminae
1057 2967 1227 3017 matrimonio
1242 2979 1307 3016 usos

175 3033 268 3101 μένοι]
293 3037 434 3101 Aegyptus
461 3039 491 3086 ut
517 3037 624 3086 omnino
651 3037 715 3086 olim
766 3053 839 3088 esee:
862 3053 943 3103 quam
960 3036 1147 3102 monogamiae
1164 3035 1251 3100 legem
1268 3035 1308 3082 in-

175 3108 235 3154 tota
251 3105 363 3155 inferior
381 3105 458 3169 palus
476 3104 529 3153 suit
553 3103 601 3168 (σῖ.
621 3105 659 3167 ΙΙ,
678 3105 716 3169 4),
766 3108 890 3157 stituisse
919 3107 1005 3157 fertur
1030 3104 1168 3156 Vulcanus
1195 3097 1309 3168 (Ἥφαι-

176 3175 230 3235 ita,
248 3179 392 3238 postquam
410 3173 485 3222 fluvii
500 3173 592 3224 limum
609 3176 716 3239 agentis
767 3176 846 3236 στος)
864 3175 936 3241 apud
948 3174 1059 3226 Suidam
1076 3190 1098 3225 ε.
1112 3189 1140 3226 v.
1151 3163 1309 3238 “Hoerner

175 3241 305 3292 beneficio
316 3248 458 3308 aggestum
468 3243 626 3305 init,totum
635 3243 719 3294 Delta
769 3245 831 3296 coll.
851 3245 962 3296 Cramer
979 3243 1101 3296 Auecdd.
1114 3244 1225 3296 Graece.
1246 3241 1309 3307 (Pa-

175 3311 319 3377 paludibus
350 3312 521 3374 abundabat,
558 3315 718 3377 praesertim
768 3314 842 3380 ries.)
856 3315 894 3366 Il.
907 3331 934 3380 p.
947 3315 1008 3366 387.
1039 3315 1134 3378 Neque
1152 3330 1216 3365 vero
1234 3311 1309 3378 poly-

176 3379 239 3433 Nilc
250 3381 364 3448 singulis
376 3383 457 3460 ιιιιιιίιιΙ
465 3381 627 3433 exundante.
647 3385 718 3502 (zua-
768 3385 885 3450 gamiam
903 3399 1014 3450 prorsus
1027 3383 1199 3434 interdictam
1213 3383 1308 3441 fuisse,

176 3467 205 3501 re
218 3449 274 3502 Nili
285 3449 397 3517 paludes
416 3453 463 3514 (τα
473 3449 525 3502 τοῦ
537 3449 645 3501 Νείλου

176 3521 234 3571 sive
252 3521 370 3588 Aegypti
387 3519 500 3587 paludes
511 3511 717 3587 (ιᾶΑέηαπτια-
769 3524 816 3574 8οι
851 3521 955 3587 αμοῦσι
973 3515 1005 3572 δὲ
1017 3514 1088 3585 παρ’
1099 3517 1266 3586 Αἰγυπτίοις
1282 3513 1312 3569 οἶ

175 3583 213 3640 ιὰ
223 3583 445 3657 ἓλη)1ιεηιιοιιιει
459 3595 649 3641 memorantur.
667 3592 719 3642 Ve·
767 3586 819 3655 pto
831 3539 916 3656 deputo
928 3590 1005 3656 μίαν,
1022 3589 1079 3640 τῶν
1096 3582 1124 3639 d’
1139 3581 1232 3640 ἄλλον
1242 3581 1311 3646 ὅσας

175 3675 235 3711 rum
246 3665 386 3726 praeterea
398 3655 430 3709 τὸ
440 3647 523 3717 Ἕλος
541 3660 658 3726 Aegypti
679 3663 718 3711 in·
766 3651 804 3711 dv
815 3656 931 3718 ἕκαστος
939 3657 1119 3724 προαιρῆται,
1131 3673 1217 3725 eoque
1229 3659 1311 3709 etiam

176 3731 283 3782 ferioris
299 3745 363 3797 pers
379 3730 430 3781 boc
447 3731 556 3796 proprio
574 3731 717 3796 designata
768 3729 1185 3796 relerae,quodinGenes.X11,
1198 3729 1230 3778 lu
1243 3727 1311 3778 Sara

176 3801 297 3863 nomine,
321 3800 458 3851 Bolbitino
484 3805 511 3850 et
535 3800 717 3865 Sebennytico
769 3799 912 3852 abducitur
930 3801 958 3849 in
977 3799 1083 3848 domum
1101 3813 1125 3849 e.
1144 3811 1310 3864 gynaeceum

177 3869 255 3919 ostiis
272 3869 391 3932 inclusa;
410 3875 571 3936 qnaeterra
588 3871 670 3920 etiam
688 3869 715 3920 h.
769 3870 844 3936 (nos:
872 3867 976 3933 Herem)
1003 3867 1169 3918 Pharaouiar
1196 3881 1250 3931 quo
1277 3865 1310 3914 de
1350 3867 1358 3876 “

177 3937 195 3988 l.
214 3938 400 4005 intelligenda.
427 3939 474 3990 Sic
483 3939 717 3992 Hemsterbua.ad
768 3941 829 3989 loco
855 3938 918 3988 vide
945 3937 982 3986 ris
1007 3936 1232 4002 Hengetenberg:
1257 3935 1310 3986 Die

176 4007 313 4074 Arlstoph.
334 4007 407 4060 Plut.
433 4023 496 4074 pag.
520 4011 554 4060 55
572 4020 645 4074 seq,
671 4009 718 4059 ubi
768 4007 876 4060 Biicher
887 4007 973 4058 Mesia
986 4009 1039 4056 etc.
1051 4021 1078 4070 p.
1092 4007 1143 4057 210
1155 4021 1229 4070 seqq.
1248 4003 1310 4054 coll.

176 4076 233 4125 vid.
251 4077 341 4142 plura,
368 4084 396 4129 et
418 4077 474 4128 vid.
498 4077 569 4128 inira
593 4079 637 4141 ΙΙ,
658 4079 715 4131 131.
768 4075 933 4128 Willriuscn.
947 4075 1074 4126 Mannere
1094 4081 1145 4125 etc.
1164 4074 1204 4124 ΙΙ.
1224 4089 1251 4138 p.
1265 4073 1309 4124 62.

179 4145 237 4196 140.
261 4147 396 4199 151151.
437 4148 526 4213 Atque
544 4149 652 4198 omnino
675 4147 719 4198 bic
770 4147 889 4199 Graecos
908 4145 977 4196 sutis
999 4148 1108 4194 constat
1134 4157 1239 4207 semper
1256 4159 1311 4192 nna

177 4213 347 4279 intelligendi
364 4221 442 4266 erunt
454 4217 592 4282 Aegyptii,
611 4215 657 4282 qni
675 4231 720 4281 ge-
770 4217 872 4266 lemine
899 4213 1023 4280 legitima
1052 4213 1138 4264 inisse
1169 4217 1311 4263 contentos

177 4285 236 4333 neri
247 4285 423 4336 bubulcorum
435 4292 573 4350 pastorum
587 4285 719 4352 adscripti
770 4300 885 4350 eumque
902 4299 1003 4334 morem
1018 4282 1179 4344 instituisse,
1197 4286 1228 4332 ut
1243 4281 1311 4332 iere-

178 4356 269 4415 erant,
286 4353 485 4404 interioreleco
502 4351 543 4404 lili
556 4353 720 4419 quidemba·
770 4355 852 4418 bant,
879 4353 1028 4417 Cecropem
1058 4367 1091 4402 ex
1111 4351 1236 4417 Aegypto
1263 4350 1312 4400 du·

1032 4433 1101 4498 40*

357 2866 422 2918 Car.
441 2867 528 2919 XCII.

671 3452 716 3516 λη)
769 3453 882 3518 colligas
906 3453 970 3504 licet
990 3469 1022 3502 ex
1045 3443 1155 3505 Diodor'.
1182 3451 1266 3504 sicul.
1285 3451 1308 3508 1,
