3058 4928
539 315 808 375 -uuuultru
833 315 875 375 11.
898 323 941 378 60.
1258 315 1320 380 563

183 495 279 578 τρίτα
302 484 335 557 d’
357 490 391 567 ἐς
412 485 499 556 Σάϊν
519 485 618 557 πόλιν
637 492 678 578 τῇ
696 484 859 577 Ἀθηναίῃ
877 441 1157 578 πανηβυρίζονσι,
1181 490 1321 580 τέταρτα

185 592 221 661 δὲ
237 595 270 672 ἐς
292 587 408 662 Ἡλίου
422 589 521 662 πόλιν
539 596 586 684 τῷ
608 586 727 683 Ἡλίῳ,
756 595 886 679 πέμπτα
899 590 935 660 δὲ
956 595 990 672 ἐς
1003 597 1156 662 Βουτοῦν
1169 593 1267 666 πόλιν
1279 600 1321 685 τῇ

183 704 305 783 Λητοῖ,
331 697 411 764 ἕκτα
433 695 470 763 di
493 697 527 774 ἐς
548 693 733 785 Πάπρημιν
755 695 854 764 πόλιν
881 699 928 787 τῷ
947 691 1049 786 ΙἈρεῖ.
1088 692 1138 778 'Ee
1165 701 1228 786 μίν
1253 727 1319 770 ννν
1327 705 1367 768 60

183 796 372 887 Βούβαστιν
386 797 486 870 πόλιν
501 797 603 868 ἐπεάν
620 805 836 907 κομίζωνται,
856 803 986 868 ποιεῦσι
1000 795 1124 869 τοιάδε.
1179 803 1323 874 πλέουσί

183 929 219 971 τε
240 901 304 992 γάρ
325 901 367 993 δὴ
388 899 456 993 άμα
478 899 600 992 ἄνδρες
619 903 769 990 γυναιξὶ,
792 903 849 971 καὶ
866 900 991 971 πολλόν
1008 929 1039 971 τι
1058 908 1188 992 πλῆθος
1204 908 1316 976 ἕκατί-

183 1033 254 1094 ρων
265 1010 303 1076 ἐν
317 1006 436 1096 ἑκάστη
450 1005 540 1096 βάρι.
571 1010 609 1076 αἱ
618 1009 681 1096 μέν
693 1033 783 1086 τινες
796 1010 865 1076 τῶν
877 1010 1051 1092 γυναικῶν
1062 1007 1207 1096 κρόταλα
1221 1015 1316 1096 ἔχον-

183 1177 223 1222 tet
241 1171 318 1236 inde,
337 1173 502 1224 Graecorum
515 1173 725 1225 Cereremhaud
777 1171 948 1224 1.1²har.11.
967 1189 995 1238 p.
1014 1172 1048 1224 65
1067 1189 1143 1240 seqq.
1173 1176 1263 1240 Atque
1280 1177 1321 1227 ita

182 1243 594 1308 convenireposseeumlside,
613 1243 661 1295 sed
677 1259 726 1310 po·
776 1243 851 1293 urbis
875 1258 973 1293 nomen
1002 1243 1131 1308 seriptum
1158 1247 1269 1310 reperiri
1292 1247 1320 1296 in

181 1313 237 1363 tius
248 1327 308 1362 eum
319 1312 370 1363 bae
381 1315 442 1379 ipea
451 1314 511 1377 dea,
524 1329 593 1380 quae
607 1314 725 1364 omnium
777 1313 898 1378 Coptieis
922 1313 998 1364 libris
1024 1314 1152 1364 observat
1175 1314 1321 1368 Russelliui

182 1397 279 1447 parens
304 1398 336 1433 ae
359 1388 449 1434 terrae
471 1384 623 1450 Aegyptiae
647 1384 726 1450 qnasi
777 1383 899 1433 Menum.
918 1383 1010 1435 sterie.
1030 1383 1070 1434 11.
1088 1399 1114 1449 p.
1131 1385 1166 1436 67
1185 1401 1241 1450 seq.
1276 1385 1321 1436 Iu-

181 1453 273 1502 nutrix
309 1453 479 1518 habebatur,
515 1453 726 1518 Ilien-Nepte·
777 1453 848 1503 iuria
866 1457 957 1504 autern
973 1454 1007 1503 R.
1022 1453 1046 1503 1.
1057 1453 1142 1504 Fruin
1160 1453 1216 1520 (De
1229 1455 1322 1506 Mane·

181 1521 301 1586 Oleame,
325 1539 395 1589 quae
417 1523 551 1575 Osiridem
575 1529 603 1575 et
625 1523 726 1574 Isidem
777 1522 853 1573 thou.
873 1522 1021 1586 Sebennyt.
1039 1538 1103 1588 pag.
1123 1524 1168 1591 63)
1185 1525 1220 1574 ab
1235 1525 1322 1576 Here·

181 1593 314 1658 perperit,
343 1593 567 1659 quemadmodum
589 1595 672 1644 Liber
698 1597 726 1644 et
777 1592 842 1642 doto
855 1593 995 1643 contendit
1006 1593 1081 1643 urbis
1092 1609 1190 1646 nomeu
1203 1600 1231 1644 et
1243 1594 1321 1646 deam

182 1663 282 1728 Libera
300 1665 357 1713 uati
377 1664 504 1715 dicuntur
517 1680 533 1714 a
545 1663 643 1716 Cerere
655 1667 725 1714 teste
776 1662 847 1713 male
865 1663 1008 1726 eoniundi,
1028 1678 1088 1713 eum
1106 1665 1175 1715 Bast
1194 1665 1320 1731 (Βαιώιι

182 1733 312 1782 Cicerone
343 1733 377 1783 de
404 1739 463 1786 nat.
494 1735 577 1785 Deer.
608 1734 652 1796 11,
680 1735 724 1784 21.
777 1731 931 1796 ei.ad11,
953 1733 1002 1785 137
1027 1731 1113 1798 nott.)
1134 1750 1233 1786 nomeu
1251 1736 1321 1785 divi-

182 1801 265 1852 Plura
291 1804 417 1868 exposuit
445 1803 543 1854 Boeth.
570 1804 669 1855 Geseh.
698 1803 724 1854 d.
776 1817 840 1852 nutn
860 1803 910 1864 sit,
933 1802 1005 1853 unde
1023 1803 1154 1854 formetur
1168 1820 1321 1856 nomenar-

182 1869 376 1938 Philos.1.p.
398 1873 447 1924 129
464 1879 534 1924 nott.
552 1889 579 1939 p.
599 1875 649 1925 150
667 1887 725 1939 seq.
776 1873 819 1922 bis
839 1871 941 1922 Βαὸαιι
969 1872 999 1934 (i.
1027 1887 1052 1924 e.
1077 1864 1095 1938 ἡ
1118 1871 1168 1938 τῆς
1190 1876 1258 1926 lieet
1280 1891 1319 1926 se.

182 1940 244 1991 noll.
263 1957 290 2007 p.
307 1942 356 1994 168
374 1957 450 2008 seqq.
469 1943 726 1995 Wilkineon.Man-
776 1941 848 2008 urbs)
875 1940 919 1991 vel
943 1941 1071 2007 Βοιιὸαιι,
1103 1936 1319 2010 Βούβαστοςι

183 2027 245 2061 uera
262 2016 314 2062 ete.
334 2013 444 2062 second.
458 2028 509 2063 ser.
524 2014 548 2064 1.
560 2029 587 2078 p.
601 2013 651 2064 312
667 2028 724 2079 seq.

183 2081 245 2131 eoll.
262 2081 314 2132 366
338 2097 395 2147 seq.
416 2087 443 2132 et
461 2083 513 2134 111.
529 2083 586 2134 tab.
608 2083 654 2146 32,
677 2083 725 2133 nbi

183 2152 273 2216 imago
290 2151 370 2202 huius
394 2151 462 2202 deae
479 2153 568 2220 Nepte
592 2168 614 2202 s.
637 2153 725 2218 Netpe

183 2220 338 2284 exhibetur,
360 2222 480 2288 Parthey
498 2223 533 2272 ad
544 2223 684 2274 Plutarch.
696 2239 724 2288 p.

184 2290 243 2341 190.
280 2291 403 2342 Cererem
427 2293 510 2354 igitur
533 2293 605 2360 quod
625 2293 725 2345 Noster

183 2375 243 2410 enm
264 2361 337 2412 Iside
354 2361 478 2426 eontulit,
496 2377 584 2428 neque
598 2379 658 2414 euru
671 2363 725 2414 Ne·

181 2435 228 2494 pte
247 2431 313 2492 dea,
341 2431 369 2481 id
388 2433 484 2498 opinor
505 2433 569 2483 inde
586 2433 725 2500 explieau·

181 2499 244 2550 dnm
275 2500 397 2567 adeoque
425 2502 622 2565 exeusantlum,
660 2503 725 2568 quia

181 2570 279 2621 (iraeei
298 2571 335 2621 ad
349 2571 466 2636 Isidem,
491 2587 571 2640 qnam
588 2589 644 2624 nna
664 2587 724 2624 eum

182 2639 290 2692 Osiride
306 2643 452 2708 praecipue
464 2641 564 2692 cultam
577 2659 625 2707 per
637 2643 725 2708 Aegy-

181 2714 257 2774 ptum
271 2711 406 2774 viderant,
416 2711 531 2762 aliarum
544 2713 655 2764 dearum
668 2713 724 2764 iere

182 2781 300 2831 omnium
323 2782 379 2832 rim
403 2789 430 2832 et
453 2787 616 2847 potestatem
635 2787 724 2834 trans-

182 2850 253 2900 ierre
266 2849 382 2916 indeque
395 2853 476 2902 etiam
495 2867 555 2902 enm
569 2851 666 2903 Cerere
680 2851 725 2902 a'e-

182 2933 265 2984 quare
283 2918 415 2970 solebant.
438 2921 481 2971 Ci.
493 2921 658 2973 wilkinson.
674 2921 692 2972 l.
704 2921 724 2973 1.

182 2988 206 3038 1.
227 3005 253 3053 p.
270 2988 330 3041 379.
350 2989 388 3040 11.
407 3005 434 3054 p.
454 2987 505 3042 305
521 3007 578 3058 seq.

217 3056 298 3120 τρίτα
316 3049 346 3106 δ’
362 3051 390 3115 ἐς
406 3051 481 3109 Σάϊν
494 3075 520 3110 ιι.
535 3077 559 3112 τ,
578 3059 615 3127 7.]
640 3061 725 3113 ΡΙιιιιι

183 3125 216 3177 de
235 3126 277 3176 his
296 3127 352 3179 vid.
371 3129 409 3192 11,
429 3127 471 3180 62.
491 3129 609 3197 631515.
630 3137 700 3184 nott.

383 3301 449 3352 Car.
468 3303 527 3355 Lx.

219 3397 267 3461 Ἐς
296 3401 348 3468 μέν
377 3420 430 3454 ννν
454 3397 613 3474 Βούβαστιν
641 3399 726 3456 πόλιν

182 3463 268 3523 ἐπεάν
296 3471 479 3540 κομίζωνται]
511 3473 724 3541 κομίζεσθαι

181 3543 250 3594 bene
262 3543 379 3594 reddunt
390 3545 567 3611 interpretes:
585 3562 649 3598 ιιανι
662 3547 724 3606 veli,

183 3614 292 3678 deferri.
333 3614 396 3664 vid.
421 3615 450 3678 1,
471 3615 519 3668 185
540 3616 633 3682 ibique
655 3621 724 3667 nott.

183 3683 215 3733 In
234 3699 308 3750 seqq.
330 3683 426 3750 reliqui
444 3681 561 3735 πλέουσι
581 3691 608 3736 et
625 3685 726 3736 πλέον·

182 3765 239 3810 τιςι
270 3755 298 3804 in
320 3769 374 3820 que
400 3753 462 3804 libri
491 3755 584 3820 scripti
614 3771 726 3806 eeneeu-

183 3821 266 3884 tiunt3
278 3829 393 3874 reeentt.
405 3824 466 3874 edd.
480 3816 606 3873 πίύοοτι
616 3831 643 3876 et
653 3817 727 3875 nini-

184 3905 272 3949 οντις.
310 3893 446 3956 Bubastis,
476 3893 540 3943 urbs
565 3899 596 3944 ut
618 3895 726 3946 videtur

183 3960 370 4026 celeberrime,
394 3963 494 4028 templo
512 3962 631 4026 Dianae,
656 3979 725 4030 quae

181 4031 325 4097 Aegyptiis
338 4037 453 4083 vocatur
463 4031 585 4084 Bubastis
600 4033 723 4100 (11,137.

183 4099 262 4163 138),
288 4102 404 4167 insignis
426 4107 454 4152 et
478 4107 562 4166 eaput
580 4105 653 4154 nemi
671 4105 725 4155 Βα-

181 4169 297 4232 baatiei,
325 4172 417 4222 Sacris
446 4171 474 4221 iu
500 4171 576 4222 libris
609 4173 723 4240 (Eaeeh.

181 4237 224 4300 30,
242 4238 286 4301 17)
306 4241 458 4306 appelletur
472 4241 581 4296 Piberet.
600 4257 659 4293 eum
673 4243 725 4292 Ae-

181 4309 304 4372 gyptium
323 4325 419 4360 nomen
438 4311 520 4362 luerit
537 4311 658 4376 Pubastt,
685 4311 725 4361 uti

181 4376 289 4427 videtur
308 4378 504 4444 Champellieni
521 4378 642 4446 l’Egypt.
661 4395 725 4432 sous

776 2011 945 2062 Herodotum
961 2013 970 2061 i
993 2014 1046 2062 'tur
1062 2011 1121 2062 vult
1139 2017 1170 2062 ut
1186 2015 1261 2065 urbia
1281 2015 1320 2064 sie

777 2082 860 2132 etiam
877 2081 944 2131 deae
962 2028 1114 2146 ξύωνύμον
1135 2098 1233 2135 nomeu
1256 2085 1321 2134 arti-

776 2151 838 2202 eulo
856 2150 975 2216 praefixo
994 2151 1111 2202 auxisse.
1137 2153 1203 2218 Ipsa
1215 2155 1320 2206 Graeca

776 2222 851 2271 urbis
871 2221 958 2271 iorma
974 2215 1138 2288 Βούβαστις
1156 2225 1230 2288 apnd
1246 2224 1320 2276 Stra·

776 2291 841 2342 bon.
860 2291 950 2342 xvn.
969 2307 996 2355 p.
1009 2291 1061 2342 805
1074 2295 1101 2342 et
1119 2291 1232 2346 Diodes.
1245 2294 1320 2357 xvl,

776 2361 807 2411 51
822 2365 902 2410 sonat
912 2352 1095 2428 Βούβαστοςι
1109 2367 1252 2430 utramque
1267 2365 1321 2414 ior·
1389 2369 1392 2376 '

776 2445 846 2480 marn
865 2429 959 2480 attulit
977 2429 1132 2496 Stephanus
1149 2433 1320 2499 Byzantinus

776 2515 798 2550 e.
822 2515 850 2551 v.
892 2500 924 2550 In
941 2499 1023 2550 Delta
1048 2501 1102 2550 sita
1122 2502 1176 2552 init
1197 2504 1262 2555 urbs
1285 2503 1321 2555 ad

775 2569 933 2620 orientalem
956 2569 1093 2621 Pelusiaci
1118 2572 1196 2622 fluvii
1223 2576 1319 2639 ripam,

775 2656 792 2690 a
810 2655 863 2705 quo
881 2655 936 2690 non
953 2639 1046 2704 proeni
1065 2640 1173 2706 abipsa
1192 2645 1259 2694 urbe
1276 2659 1321 2694 ea·

774 2710 844 2760 nelis
864 2709 1002 2760 derivatus
1020 2709 1053 2759 ad
1071 2711 1159 2760 sinum
1172 2713 1318 2764 Arabicum

775 2795 861 2846 usque
873 2779 1004 2844 pertinuit
1014 2778 1063 2843 (11,
1077 2779 1148 2844 158).
1183 2782 1236 2844 Qui
1248 2798 1320 2833 nune

776 2849 929 2915 appellatur
951 2849 1027 2898 loeus
1047 2848 1224 2901 reu-Bauer
1246 2852 1276 2914 (i.
1294 2867 1318 2902 e.

775 2921 847 2970 vetite
864 2915 1007 2980 Bubastis),
1026 2933 1048 2968 s.
1067 2918 1112 2967 ret
1128 2919 1220 2984 Βαιιιι,
1240 2921 1268 2970 in
1287 2936 1319 2971 eo

776 2987 945 3054 amplissima
960 3003 1055 3037 recens
1068 2987 1177 3037 deteeta
1194 2993 1258 3039 snut
1275 3005 1319 3040 ae·

775 3057 926 3108 diliciarum
944 3057 1017 3106 illins
1040 3056 1114 3108 urbis
1133 3057 1244 3121 rudera,
1272 3059 1320 3110 mi·

775 3143 834 3178 ram
852 3127 881 3176 in
898 3127 1007 3176 modum
1026 3131 1173 3191 congesta,
1192 3134 1223 3178 nt
1241 3130 1320 3181 rnire·

775 3199 829 3262 ris,
853 3197 899 3262 qui
921 3201 1001 3246 tauta
1017 3194 1101 3246 moles
1123 3197 1227 3249 destrui
1245 3205 1271 3250 et
1289 3201 1318 3250 in

775 3268 848 3318 hune
865 3271 966 3318 statum
984 3267 1072 3332 redigi
1089 3269 1218 3332 potuerit.
1248 3271 1319 3321 Con·

776 3341 852 3388 stant
882 3336 930 3386 illa
960 3336 1004 3387 vel
1038 3335 1174 3401 lapidibus
1204 3340 1318 3405 syenitis

776 3407 897 3473 (Granit)
915 3406 959 3456 rel
977 3405 1109 3456 lateribus
1127 3409 1227 3472 coetis,
1253 3424 1319 3475 qna·

775 3478 816 3528 les
833 3493 850 3527 a
862 3476 971 3528 Iudaeis
991 3475 1145 3526 elaboratos
1159 3479 1244 3528 inisse
1262 3493 1319 3529 ere-

777 3546 861 3598 dibile
884 3546 915 3598 iit
935 3544 1033 3610 (Exod.
1053 3545 1081 3608 I,
1102 3546 1155 3612 15).
1196 3547 1237 3598 Ad
1254 3548 1319 3598 Dia-

776 3633 828 3668 nae
849 3621 940 3668 autem
967 3613 1096 3680 templum
1126 3631 1159 3666 ea
1183 3618 1319 3681 pertinere

776 3687 904 3750 eredunt,
926 3700 996 3751 quae
1014 3685 1042 3734 in
1065 3685 1161 3735 mediis
1179 3685 1220 3736 his
1241 3686 1319 3737 rude-

777 3758 851 3808 ribus
870 3756 1074 3820 eeuspieiuutur
1096 3755 1214 3806 aedilicii
1231 3755 1320 3820 apien-

776 3826 910 3878 didissimi
928 3824 1068 3890 reliquiae.
1104 3824 1229 3876 Pluribus
1251 3825 1318 3875 haee

775 3895 1019 4030 505155·
1034 3893 1317 4030 tutelstete:

776 4035 808 4085 de
822 4034 894 4100 l'Eg.
905 4035 950 4084 ut.
965 4032 1084 4084 medem.
1097 4031 1158 4083 lirr.
1170 4035 1223 4085 111.
1236 4031 1316 4085 ιιιιίιιι.

776 4121 804 4170 p.
823 4104 873 4154 307
893 4117 967 4168 seqq.
1009 4101 1052 4152 ct.
1078 4104 1160 4154 etiam
1185 4103 1317 4155 Sehlieht-

776 4175 862 4224 horst.
885 4171 904 4223 l.
928 4171 947 4223 l.
966 4187 1029 4238 pag.
1049 4171 1083 4223 70
1100 4187 1158 4240 seq.
1180 4174 1316 4225 Mannert.

776 4243 795 4294 l.
815 4241 834 4292 1.
853 4257 916 4309 pag.
936 4241 987 4292 588
1006 4256 1064 4308 seq.

816 4305 848 4361 αί
872 4307 924 4376 μέν
956 4325 1030 4369 τινες
1053 4341 1088 4353 -
1111 4309 1315 4377 κροταλίζουσι)

776 4382 852 4434 Haec
881 4381 943 4447 ipsa
968 4385 996 4430 et
1021 4395 1091 4446 quas
1118 4381 1246 4432 continno
1277 4395 1318 4431 se·

1034 4463 1103 4528 36*
