3058 4928
535 303 784 366 EUTERPE.
807 304 850 362 II.
873 311 916 367 66.
1227 300 1288 360 575

150 473 347 564 αἰελούρους
360 471 484 542 τοιάδε.
510 469 630 544 Ἐπεὰν
642 477 761 544 τέκωσι
780 479 819 544 αί
831 473 969 564 θήλεαι,
990 469 1103 544 οὐκέτι
1116 477 1289 563 φοιτέουσι

117 571 120 576 ’
151 576 241 669 παρὰ
264 575 341 658 τούς
368 583 519 667 ἔρσενας·
548 581 583 646 οί
607 576 643 646 δὲ
674 577 841 666 διζήμενοι
865 585 1044 667 μίσγεσθαι
1077 576 1196 671 αὐτῇσι
1226 576 1288 648 οὐκ

151 689 274 769 ἔχουσι.
311 678 392 770 πρὸς
409 670 458 749 τόν
473 685 576 750 ταῦτα
593 688 783 768 σοφίζονται
797 680 893 752 τάδε·
917 678 1118 771 ἁρπάζοντες
1136 681 1202 753 ἀπὸ
1217 689 1288 752 τῶν

149 789 288 873 θηλέων
301 786 357 853 καὶ
371 779 609 874 ὑπαιρεόμενοι
623 782 778 855 τὰτέκνα
793 793 971 856 κτείνουσι.
1000 793 1192 868 κτείναντες
1205 789 1285 876 μέν·

150 917 200 958 τοι
217 886 258 958 οὐ
278 891 467 958 πατέονται.
509 893 546 956 ac
558 887 594 956 δὲ
609 887 861 978 στερισκόμεναι
877 893 945 958 τῶν
958 893 1102 976 τέκνων,
1122 888 1234 962 ἄλλων
1249 892 1286 960 δὲ

151 995 413 1082 ἐπιθυμέουσαι,
436 987 525 1061 οὕτω
551 989 593 1080 δὴ
609 990 825 1062 ἀπικνέονται
843 989 932 1082 παρόι
948 990 1025 1073 τοὺς
1044 1000 1196 1082 ἔρσενας·
1228 1023 1284 1082 φι-

150 1096 309 1168 λότεκνον
336 1096 373 1164 δὲ
396 1093 434 1165 τό
455 1101 590 1184 θηρίον.
634 1101 800 1186 πυρκαϊῆς
820 1097 857 1166 δὲ
884 1099 1067 1185 γενομένης
1093 1109 1173 1168 θεῖα
1200 1098 1285 1188 πρή-

66 1249 68 1252 -
151 1226 259 1290 ρματα
277 1198 526 1288 καταλαμβάνει
536 1195 622 1279 ,τούς
638 1199 846 1290 αίείούρους.
891 1201 1003 1289 οἱμὲν
1023 1200 1087 1292 γὰρ
1106 1199 1286 1289 Αἰγύπτιοι

150 1369 281 1420 sufficiet.
317 1371 369 1420 Est
388 1367 460 1418 enim
475 1363 609 1426 decideres
627 1369 695 1417 acei-
744 1367 795 1419 beo
807 1367 841 1424 de
854 1383 884 1420 re
901 1368 1025 1420 eonsului
1036 1369 1231 1432 Leuolrertnm,
1248 1369 1288 1419 vi-

151 1441 213 1490 dere
236 1447 264 1490 et
285 1437 456 1506 gravioribus
479 1437 509 1486 in
524 1437 605 1487 rebus
625 1437 694 1488 oesi-
744 1453 803 1488 rum
821 1438 1022 1502 doctissimum,
1045 1441 1068 1489 is
1092 1439 1159 1490 mibi
1176 1439 1288 1504 scripsit

151 1507 491 1574 busvepreeeipnelooum
500 1507 593 1557 hebet.
612 1505 692 1556 eous.
743 1509 938 1574 Aegyptiorum
956 1509 1035 1560 felem
1044 1510 1224 1562 domesticum
1236 1511 1288 1558 ori-

151 1579 190 1642 ΙΙ,
218 1580 275 1630 152.
296 1579 348 1642 111,
372 1577 415 1630 33.
434 1580 468 1628 42
480 1571 579 1642 'ibique
597 1575 692 1638 silete,
744 1579 942 1643 ginsmdueore
955 1580 1196 1643 eselimauioulm03
1207 1595 1287 1645 quom

153 1651 202 1711 IX,
220 1649 254 1700 66
275 1654 340 1711 ete,
361 1646 554 1714 Wytteuboeb.
573 1647 602 1696 in
621 1645 692 1696 Bibl.
744 1647 825 1698 t'elem
846 1647 937 1698 adhue
948 1649 1115 1714 incognitum
1136 1665 1153 1700 u
1169 1649 1288 1715 Ruppel-

153 1719 240 1770 oritis.
260 1719 291 1783 P,
310 1719 343 1769 X.
366 1733 430 1783 pag.
448 1718 491 1769 46.
528 1716 571 1766 Ad
590 1717 693 1766 Pausa·
743 1717 794 1780 lio,
817 1717 991 1769 celeberrimo
1015 1720 1232 1786 peregrinaturo,
1259 1721 1287 1769 in

153 1788 241 1850 niem,
265 1789 311 1853 qni
328 1789 514 1838 Herodoteem
530 1785 695 1836 locutionem
746 1788 838 1840 Nubis
855 1794 990 1853 repertum
1008 1805 1068 1840 esse
1085 1790 1120 1842 ed
1132 1790 1288 1844 occidente-

152 1858 275 1908 imitotus
285 1863 337 1917 est,
350 1857 458 1908 notavit
470 1855 604 1917 Siebelis.,
615 1870 695 1920 quem
745 1857 798 1908 lem
821 1858 879 1909 Nili
904 1859 992 1923 ripum
1016 1859 1045 1910 in
1072 1859 1141 1912 loeis
1167 1859 1286 1921 saxosis;

153 1927 208 1978 vid.
227 1927 263 1978 ed
280 1928 303 1990 1,
323 1930 348 1977 7.
368 1926 393 1988 5.
412 1927 437 1978 3.
474 1928 517 1976 De
533 1923 633 1976 felibus
647 1941 695 1990 per
745 1929 874 1978 minorem
904 1927 978 1978 illem
1002 1929 1109 1994 quidem
1139 1945 1200 1981 esse
1224 1935 1287 1980 osto

153 1999 308 2062 Aegyptum
319 1996 400 2048 uultis
410 1996 525 2062 plurimo
539 1995 618 2044 effert
630 1994 695 2044 Wil·
745 1998 816 2061 iero,
838 1998 886 2048 sed
900 1999 988 2048 eoude
999 1998 1116 2065 longiori
1126 1999 1287 2065 preeditem.

131 2085 133 2090 ’
153 2067 397 2117 kinson.b1euners
411 2072 466 2118 eto.
480 2081 534 2116 seo.
548 2080 600 2115 ser.
613 2065 652 2115 ll.
664 2081 692 2130 p.
743 2068 786 2118 Ab
804 2072 947 2122 ementem
971 2068 1018 2118 feli
1039 2070 1084 2120 vol
1107 2079 1220 2122 nostrae
1239 2070 1287 2120 do-

155 2136 203 2188 ldl
216 2151 302 2202 seqq„
321 2137 355 2186 de
367 2135 466 2186 felibus
479 2134 622 2185 medicatis
641 2135 693 2184 fre-
743 2137 874 2188 meetioee
897 2137 958 2188 ielis
983 2141 1115 2203 quasdem
1137 2141 1287 2192 varietates

153 2207 330 2270 quentissime
348 2205 437 2256 odbuo
454 2204 568 2269 repertis
586 2204 653 2254 ibid.
666 2207 693 2269 p.
745 2207 863 2258 deriveri
893 2208 1038 2259 verisimile
1061 2209 1169 2261 videtur
1198 2209 1287 2260 eidem

156 2275 215 2326 167.
250 2275 382 2340 Nuspism
406 2290 469 2326 vero
491 2274 565 2339 epod
587 2279 693 2325 veteres
744 2277 915 2340 Lenokerto‚
940 2279 987 2343 qni
1006 2279 1040 2330 de
1057 2279 1106 2330 feli
1121 2280 1288 2330 menieuiote

54 2392 56 2394 .
153 2361 213 2396 eum
235 2351 415 2396 memorentur
432 2343 501 2395 ieles
519 2345 693 2407 domesticae,
745 2349 896 2411 oompemri
914 2348 1002 2398 iubet:
1021 2348 1100 2400 Atles
1119 2351 1192 2402 sud.
1206 2351 1288 2402 Reise

152 2429 221 2480 quos
233 2415 321 2466 medio
337 2415 444 2466 demum
457 2429 525 2466 nevo
545 2429 593 2479 per
608 2415 694 2464 Euro·
743 2416 781 2466 im
799 2416 887 2468 ηδτ-61.
905 2417 1000 2468 Afrioe
1020 2435 1075 2469 von
1090 2419 1143 2472 Ed.
1160 2420 1287 2486 Ruppell.

152 2499 215 2550 pom
235 2485 369 2550 Asiaeque
395 2489 499 2550 portem
526 2489 693 2550 propagatus
744 2486 812 2536 Heit
829 2487 852 2537 1.
879 2488 1039 2539 Freukinrt.
1066 2489 1132 2541 1826
1157 2490 1216 2553 fol„
1239 2491 1286 2540 ubi

152 2555 336 2618 emovemus,
355 2554 538 2622 quaerendum
549 2553 693 2604 videbatur
743 2556 937 2608 Kretnsebmer
953 2573 1017 2624 pag.
1030 2559 1056 2612 3.
1070 2561 1096 2610 4.
1116 2560 1149 2610 de
1167 2561 1220 2612 beo
1238 2560 1286 2610 feli

152 2625 251 2675 Linkio
269 2626 384 2688 (Urwoit
397 2629 450 2679 eto.
471 2641 499 2689 p.
513 2624 586 2688 ²00),
603 2628 694 2674 utrum
745 2627 926 2689 menioulote‚
946 2643 960 2678 e
979 2644 1033 2693 quo
1045 2629 1222 2682 domesticam
1235 2631 1286 2680 Ae-

152 2696 345 2761 Aegyptiorum
377 2695 444 2746 seles
473 2695 509 2744 ed
531 2693 624 2744 solium
649 2709 696 2744 uo·
744 2697 988 2761 gyptiorumielem
1002 2699 1286 2764 deduetsmesssipss

152 2769 269 2815 utrorum
280 2781 365 2830 genus
376 2764 564 2830 pertinuerint,
577 2763 696 2814 eueliud
745 2781 806 2816 oum
824 2765 885 2816 eliis
903 2768 1016 2829 statuit,
1033 2768 1172 2833 disputet,
1191 2770 1287 2820 eddim

153 2835 189 2884 ed
207 2849 306 2899 genus,
332 2835 404 2900 quod
420 2835 449 2884 in
467 2834 542 2885 bisoe
559 2833 696 2887 calidiori·
746 2836 872 2902 imagine.
908 2838 949 2887 De
970 2838 1181 2901 primitivefelis
1199 2840 1288 2903 putria

152 2903 203 2954 bus
215 2903 371 2967 regionibus
384 2904 471 2954 solnm
483 2904 646 2966 invenietur,
656 2919 696 2954 re·
746 2905 876 2956 disseruit
886 2921 994 2972 quoque
1002 2909 1114 2958 Dureau
1123 2907 1156 2959 de
1167 2908 1194 2958 le
1205 2906 1288 2958 Molle

154 2969 219 3022 ferri
246 2972 372 3024 debeant.
413 2975 504 3038 Atque
528 2974 581 3024 boo
606 2974 696 3038 ipsum
747 2976 775 3024 in
795 2976 903 3027 Annell.
933 2977 980 3028 des
1009 2977 1131 3028 seienoes
1159 2975 1286 3028 uotureli.

153 3041 320 3106 probabilius
331 3043 440 3092 videtur
456 3043 515 3093 viro
527 3043 696 3094 doctissimo.
748 3043 823 3096 1829.
843 3061 870 3110 p.
892 3045 942 3097 165
960 3060 1044 3112 seqq.,
1069 3047 1202 3098 Herodoti
1218 3047 1288 3096 bene

154 3110 285 3161 Cnvierus
303 3115 331 3162 et
349 3109 475 3176 Gdod'roy
498 3111 564 3162 nibil
588 3113 696 3179 quidem
747 3129 857 3177 memor,
867 3117 915 3180 qui
925 3121 981 3166 tem
996 3121 1124 3168 eoourete
1136 3117 1170 3168 de
1182 3115 1235 3166 fele
1246 3131 1287 3166 re-

154 3180 326 3245 distinguunt
343 3182 413 3232 inter
431 3197 491 3233 eum
510 3181 602 3245 felem,
626 3197 696 3248 queo
744 3183 848 3236 tulerit.

154 3249 233 3300 bodie
249 3251 277 3299 in
290 3251 414 3317 Aegypto
431 3253 562 3316 euomuit,
582 3258 610 3303 et
627 3268 696 3315 eom,
781 3253 942 3313 κτείναντες
965 3253 1068 3320 μέντοι,
1087 3245 1122 3306 or}
1146 3251 1288 3306 πατέον·

154 3334 225 3384 queo
244 3319 446 3372 domestieeest
461 3323 585 3389 adeoque
603 3323 632 3372 in
650 3321 696 3373 sil·
745 3321 812 3390 ται]
837 3326 890 3376 Pro
916 3321 1083 3386 πατέονται,
1105 3327 1177 3392 quod
1200 3326 1288 3377 rarius

153 3389 196 3440 vis
219 3390 346 3454 Europes
368 3392 498 3444 montosis
530 3394 618 3458 degit3
645 3407 696 3444 neo
746 3395 1149 3459 estvorbumedendinotioue,
1164 3396 1288 3448 nonnulii

153 3461 268 3510 mumius
292 3459 383 3511 felium
411 3477 482 3512 nune
513 3468 635 3528 repertos
660 3463 695 3514 ob
745 3455 904 3514 δατέονται.
941 3463 995 3515 Sed
1018 3465 1074 3516 vid.
1099 3467 1137 3528 11,
1162 3467 1195 3519 37
1218 3465 1286 3530 ibiq.

153 3529 207 3580 illis
234 3529 340 3581 differre
364 3537 483 3583 monent.
519 3532 573 3584 Sed
595 3533 695 3584 Linkio
747 3539 804 3584 not.
826 3539 853 3585 et
864 3535 901 3596 11,
916 3535 1153 3588 ⁴7.-1nverbis
1167 3535 1288 3600 proxime

153 3604 216 3664 post
239 3600 383 3666 suffragati
414 3607 478 3652 sunt
500 3602 644 3654 Sebubert.
669 3607 696 3652 et
746 3605 971 3655 antecedentibus
983 3605 1066 3655 verbe
1078 3595 1250 3670 ἁρπάζοντες
1261 3610 1289 3656 et

153 3669 300 3721 Olivierus.
336 3671 507 3734 Rsiubsrdt.,
527 3673 573 3737 qui
587 3687 697 3723 secure-
745 3664 950 3738 ὑπαιρεόμενοι
967 3673 1168 3739 significetioue
1186 3675 1226 3724 ite
1237 3673 1289 3724 dif-

153 3739 286 3790 tissimem
304 3740 515 3807 disputetionem
533 3742 653 3792 instituit
668 3743 696 3791 in
748 3745 819 3794 ferre
845 3748 986 3809 putemus,
1013 3749 1045 3794 ut
1069 3735 1242 3809 ἁρπάζοντες
1268 3745 1288 3794 11

154 3807 219 3860 diss.
236 3809 310 3861 lund.
330 3827 358 3876 p.
382 3811 485 3864 39-63
505 3811 565 3862 coil.
591 3813 632 3863 17.
655 3813 696 3873 18,
748 3813 887 3876 dicentur,
910 3814 956 3878 qui
973 3815 998 3862 oi
1014 3815 1136 3878 rapiunt,
1154 3803 1289 3876 ὑπαιρεό-

155 3877 222 3929 uibil
241 3880 311 3930 oerti
329 3881 363 3931 de
382 3882 424 3932 his
435 3881 543 3946 quidem
560 3882 619 3946 ipse
636 3897 697 3946 pro·
747 3897 838 3946 μενοι,
857 3883 904 3947 qui
927 3882 996 3932 elem
1016 3887 1043 3934 et
1061 3888 1134 3934 teoto
1152 3885 1288 3948 auferunt,

154 3949 274 4010 nuntiem
291 3951 372 4001 exiis
389 3967 468 4014 vero,
494 3965 563 4016 quse
583 3951 697 4018 diligen·
747 3967 796 4018 per
813 3951 904 4002 dolum
921 3956 1045 4018 egentes.

155 4017 260 4069 tissime
284 4020 442 4085 inquisivit,
463 4020 514 4070 boo
533 4025 623 4086 petet:
642 4037 696 4071 me·
781 4012 1290 4090 θεῖαπρήγματακαταίαμβοίνειτούς

155 4085 261 4138 dientes
280 4089 478 4155 Aegyptiorum
501 4089 569 4140 seles
590 4106 642 4141 neo
660 4089 696 4140 od
746 4083 925 4156 αἰελούρους]
943 4091 1033 4142 Vertit
1052 4091 1289 4159 Schweighaeuse-

154 4155 268 4208 iormem
286 4173 336 4209 neo
355 4159 390 4209 ed
408 4160 530 4210 cronium
547 4159 627 4210 valde
646 4159 697 4210 dii·
747 4175 807 4210 rus:
839 4163 921 4221 „nubo
939 4176 982 4211 ree
1000 4163 1093 4213 occidit
1107 4163 1235 4227 felibus“,
1260 4163 1288 4212 in

154 4223 224 4276 ferre
242 4241 259 4276 e
273 4227 494 4291 feli-domestice,
515 4228 549 4278 od
563 4230 696 4294 picturum
748 4233 814 4279 noto
832 4228 978 4294 ediieiene,
998 4231 1077 4281 cour.
1089 4232 1236 4284 Gesnerum
1249 4234 1289 4282 sio

154 4293 234 4344 modo
252 4298 450 4348 etvsrietetem
465 4297 562 4348 coloris
574 4298 620 4348 feli
633 4303 695 4348 osto
746 4297 835 4348 locum
845 4313 905 4349 esse
921 4301 1141 4365 interpretatum:
1161 4303 1245 4368 ..seles
1263 4305 1289 4354 iu

154 4361 213 4412 iero
236 4364 338 4416 similes
359 4366 456 4418 rideri.
491 4369 578 4430 Quem
600 4371 696 4432 postes
744 4369 858 4431 timorem
876 4375 1012 4435 aquomst
1047 4373 1084 4422 Et
1105 4377 1202 4424 notent
1219 4370 1289 4423 θεῖα
