3086 4952
237 295 298 360 268
668 294 934 362 HERODO'PI

237 474 340 563 πάρεξ
362 467 383 561 ἢ
403 468 483 542 ὅσον
502 476 536 541 οἱ
554 472 691 541 Σκύθαι
710 461 824 558 ἦρχον.
859 465 1000 564 ’Ῥστέρῳ
1019 472 1133 560 μέντοι
1149 471 1257 564 χρόνῳ
1272 500 1367 561 μετε-

236 577 361 666 μέλησέ
377 579 415 646 τέ
431 596 492 664 σφι
514 580 618 644 ταῦτα
640 573 812 664 ποιήσασι,
833 576 889 643 καὶ
909 573 1099 664 ἀπέστησαν
1119 571 1185 645 ἀπὸ
1208 583 1368 668 Δαρείου,

236 677 440 760 ἀποστάντες
461 679 498 749 dl
513 675 620 749 ὀπίσω
634 677 925 768 κατεστρᾶφησαν,
944 679 1031 769 μάχῃ
1052 682 1259 768 νικηθέντες.
1294 679 1367 750 τότε

273 874 361 946 πάρεξ
377 869 397 946 ἢ
416 869 486 930 ὅσον
505 875 535 931 οἱ
546 872 662 932 Σκύθαι
676 867 776 946 ἦρχον]
828 881 985 948 Paedagog.
999 881 1013 932 I
1029 880 1130 947 (1824).
1140 899 1166 946 p.
1178 883 1229 936 223
1239 898 1297 948 seq.
1310 888 1367 934 not.

238 953 314 1003 Haec
335 967 396 1002 eum
414 951 611 1014 Valckenarie,
635 951 681 1034 qui
706 951 778 1030 qiud
829 957 856 1002 et
879 953 921 1002 in:
951 952 1196 1018 Untersnchuugen
1225 953 1292 1003 iiber
1320 953 1368 1004 das

238 1021 277 1072 les
302 1021 454 1072 locutiones
483 1021 561 1072 affert
591 1020 681 1087 (πλην
708 1035 778 1070 οσον
828 1023 921 1072 Lebeu
939 1021 987 1072 des
1007 1022 1180 1088 Thucydides
1198 1038 1224 1086 p.
1241 1023 1274 1074 26
1292 1038 1367 1088 seqq.

239 1091 332 1154 11‚3s.
353 1079 469 1156 χωρὶςῆ
479 1081 575 1141 ὁκόσοι
590 1091 629 1153 ΙΙ,
642 1092 686 1148 Ji.
703 1081 778 1154 πλὴν
829 1092 1025 1157 Epictitischer
1044 1093 1184 1152 Nachtrau
1201 1098 1253 1142 etc.
1277 1109 1304 1157 p.
1324 1092 1367 1144 30.

238 1149 508 1240 ἢΙΙ,111.χωρ1ςῆ
525 1149 570 1209 ὅτι
581 1161 629 1223 IV,
642 1161 685 1212 82.
704 1155 778 1225 πλὴν
830 1161 880 1212 Cui
898 1163 944 1211 vix
968 1162 1107 1226 probabile
1131 1161 1252 1224 videtur,
1277 1163 1369 1213 Medo-

243 1225 263 1296 ἦ
276 1243 341 1281 οσοι
354 1230 406 1292 VI,
420 1231 457 1293 5),
476 1231 516 1280 ita
532 1230 692 1295 accipienda
705 1236 777 1292 sunt,
829 1247 888 1281 rum
905 1231 1093 1295 delectionem,
1109 1247 1180 1298 quac
1195 1237 1369 1298 centumquin·

238 1307 269 1352 ut
287 1306 409 1364 tempus,
434 1299 507 1364 quod
524 1316 572 1364 per
589 1301 661 1351 hanc
679 1301 778 1351 formu·
829 1303 948 1367 ρνορὶοιο
965 1307 1027 1365 post
1046 1304 1124 1352 anrris
1147 1301 1197 1352 sub
1217 1302 1298 1353 Durio
1318 1303 1368 1353 No-

238 1373 292 1422 lam
311 1369 478 1431 declaratur,
505 1370 539 1420 de
557 1386 689 1421 annorum
708 1386 778 1420 sum·
828 1371 869 1422 uo
893 1371 1007 1434 accidit,
1033 1373 1067 1421 ab
1088 1371 1230 1422 Herodoto
1253 1371 1368 1423 indicari

239 1457 284 1492 ma
312 1441 340 1489 in
369 1440 593 1490 antecedentibus
623 1439 778 1504 significata
829 1441 946 1506 simplici
973 1441 1100 1492 formula:
1130 1431 1238 1508 desdorp
1265 1434 1367 1508 χρόνῳ,

239 1509 405 1564 detrahatur.
429 1511 486 1560 Nec
497 1510 576 1560 aliter
590 1510 705 1574 intelligi
718 1510 778 1560 vult
829 1511 876 1577 qni
900 1527 949 1575 pro
968 1527 1041 1561 more
1066 1527 1115 1562 suo
1139 1511 1229 1562 dicere
1252 1511 1369 1563 debebat

238 1583 319 1645 Muys
351 1581 464 1642 Quaest.
493 1579 565 1630 Otos.
600 1579 776 1645 chronologg.
828 1571 922 1646 χρόνῳ
933 1578 1028 1646 πολλῷ
1040 1597 1062 1632 s.
1072 1580 1200 1630 πολλοῖσι
1209 1575 1280 1630 ἔτεσι
1289 1571 1368 1631 ὅστε-

239 1651 321 1716 p.20.
349 1649 391 1699 Ad
405 1663 498 1700 vocem
511 1641 599 1714 πάρεξ
618 1650 691 1699 coni.
706 1655 777 1702 nott.
829 1665 881 1714 ρον
901 1655 949 1701 aut
973 1649 1025 1700 ulio
1050 1667 1103 1716 quo
1122 1650 1201 1701 modo
1220 1653 1369 1702 accuratio-

238 1721 274 1770 ad
283 1721 305 1782 1,
315 1717 358 1770 93.
380 1719 478 1784 Itaque
487 1735 630 1770 exsumma
638 1719 780 1772 cxxvm
830 1735 887 1770 rem
916 1721 1043 1786 temporis
1068 1721 1236 1772 notationem
1260 1723 1369 1772 subiun-

238 1805 370 1841 uunornm
390 1789 549 1840 detrahendi
568 1793 646 1840 erunt
657 1790 779 1840 XXVIII
831 1806 904 1856 gere.
941 1792 1017 1854 Quae
1043 1807 1102 1842 cnm
1126 1792 1166 1840 ita
1183 1791 1255 1850 sint,
1281 1807 1313 1842 eo
1331 1791 1369 1841 in-

239 1859 316 1922 auui,
334 1875 382 1925 per
397 1875 475 1925 quos,
493 1864 524 1909 ut
539 1875 620 1925 supra
635 1861 657 1922 I,
676 1859 725 1911 100
742 1859 779 1910 le·
830 1861 915 1910 clinat
932 1861 966 1912 V.
980 1861 1028 1922 D.,
1047 1865 1078 1910 ut
1094 1861 1127 1910 de
1139 1861 1221 1910 llario
1233 1861 1371 1928 Hystaspis

239 1931 341 1996 gimus,
361 1929 509 1980 dominatio
525 1930 687 1995 Scytharum
700 1929 778 1980 dura·
829 1929 900 1981 hunc
923 1929 1011 1981 locum
1032 1931 1186 1994 intelligere
1204 1931 1295 1994 malit,
1319 1933 1370 1981 nisi

238 2002 288 2051 vit.
322 1999 363 2051 hd
380 2000 430 2050 hes
449 1999 611 2065 Scytharum
630 1999 778 2064 expeditio·
830 2001 939 2050 omniuo
963 2000 1031 2050 haee
1053 2001 1146 2050 Nostri
1169 2001 1252 2050 verba
1270 2001 1371 2052 seriore

239 2087 287 2121 nes
316 2069 452 2134 Asiaeque
487 2070 697 2120 dominationem
731 2085 779 2134 per
830 2073 922 2120 aetate
939 2069 973 2120 ab
992 2069 1046 2120 alio
1066 2069 1174 2120 adiecta
1192 2070 1305 2121 fuerim.
1329 2073 1370 2122 De

240 2139 443 2204 duodetriginta
465 2155 551 2190 anuos
570 2139 683 2202 similia,
706 2155 779 2204 quae
830 2142 912 2190 Durio
941 2141 1082 2206 Hystaspis
1114 2141 1169 2190 iam
1202 2140 1371 2206 cogitaverat

239 2208 780 2260 iuPersieocarmiueSchahnumehnar-
830 2209 1029 2274 Wesseliugius
1058 2210 1139 2276 idque
1164 2226 1234 2260 nrruc
1263 2211 1371 2275 egregie

239 2285 347 2340 rantur,
365 2279 449 2329 refert
467 2279 606 2330 Hammer.
624 2279 653 2327 in
670 2279 780 2328 Wiener
830 2279 982 2330 confirmari
998 2279 1120 2330 videmus
1138 2281 1313 2344 inscriptione
1326 2282 1371 2330 Bi-

239 2348 461 2401 Jahrbiieh.1x.
487 2365 514 2413 p.
540 2347 581 2400 13.
626 2347 686 2398 Illic
709 2349 779 2398 cniru
831 2353 944 2412 antuus,
961 2349 1056 2415 inqua
1075 2354 1297 2401 commemoratur
1316 2351 1370 2398 hle-

240 2413 388 2470 Keikauus
397 2433 444 2468 rex
457 2415 548 2482 (quem
561 2419 710 2483 Cyaxarem
722 2433 781 2468 esse
831 2419 925 2469 dorum
936 2419 1052 2470 deiectio
1065 2421 1239 2471 antchaeuon
1249 2419 1368 2483 cognita.

240 2488 314 2553 vult)
346 2503 394 2552 per
430 2487 543 2538 totidem
578 2503 662 2538 anuos
697 2485 782 2538 iuclu-
831 2489 898 2539 Cum
918 2490 989 2539 enim
1005 2491 1106 2540 Darius
1123 2490 1156 2538 ad
1175 2502 1286 2552 regnum
1307 2503 1369 2537 eve·

240 2574 286 2609 sus
306 2562 414 2608 tenetur
433 2573 450 2607 a
466 2558 594 2609 Turraniis
612 2559 640 2608 in
655 2573 782 2608 saxorum
832 2563 892 2609 ctus
916 2563 1002 2620 esset,
1027 2560 1055 2608 in
1073 2559 1163 2609 Media
1180 2559 1289 2607 exortus
1309 2572 1368 2607 esse

240 2644 311 2680 aree.
833 2628 932 2678 dicitnr
949 2629 992 2678 vir
1014 2630 1121 2679 nomine
1141 2625 1302 2688 Phraortes,
1324 2630 1372 2691 qui

275 2693 323 2747 aul
336 2686 782 2762 ἅπέστηοονᾶπόΔοιρείον]Μο·
832 2713 861 2748 se
883 2698 1032 2762 Cyaxarem
1056 2713 1117 2749 esse
1138 2697 1243 2748 ferebat
1265 2695 1372 2746 Medos-

241 2766 379 2820 morabilis
395 2765 486 2827 locus,
506 2767 605 2831 quippe
618 2782 651 2816 ex
661 2781 713 2832 quo
729 2765 782 2816 col·
832 2768 928 2834 quoad
940 2766 1372 2828 defectionemsollicitabat,mox

240 2838 290 2905 ligi
305 2851 386 2902 posse
399 2841 543 2901 putarunt,
562 2851 615 2901 quo
629 2851 715 2901 usque
727 2837 782 2886 Hc·
831 2853 895 2888 vero
914 2838 948 2888 ab
964 2837 1110 2902 Hydarne,
1132 2837 1178 2902 qui
1193 2837 1270 2886 Darii
1286 2837 1371 2901 copiis

240 2909 352 2961 rodotus
365 2907 477 2968 vixerit,
498 2911 564 2971 quot
580 2921 666 2956 anuos
681 2905 781 2957 habue—
831 2907 965 2973 praefuit,
983 2911 1065 2970 atque
1081 2907 1178 2957 deinde
1195 2907 1230 2956 ab
1241 2907 1301 2970 ipso
1317 2907 1371 2956 Da-

240 2979 427 3042 rithaeeipsa
442 2976 625 3027 conscribens.
644 2976 782 3027 Deiectio·
832 2979 886 3040 rio,
912 2977 958 3042 qui
977 2977 1109 3040 accessit,
1133 2977 1224 3026 victus
1247 2979 1275 3026 et
1292 2976 1371 3026 νὶνοο

241 3065 296 3100 rem
322 3047 392 3098 enirn
417 3047 571 3107 Medorum,
602 3046 635 3096 de
659 3061 713 3111 qua
736 3046 780 3096 hio
832 3051 928 3112 captus
952 3050 994 3096 eat
1019 3045 1136 3111 indeque
1162 3045 1235 3095 cruci
1262 3045 1370 3095 affixus.

242 3117 336 3168 scribit
349 3120 456 3178 auctor,
470 3115 604 3182 accidisse
617 3120 715 3180 putant
727 3117 781 3165 Da-

241 3189 282 3238 rio
300 3185 391 3236 Notho
410 3189 556 3250 regnante,
579 3199 596 3234 a
613 3201 666 3250 quo
684 3186 781 3234 iterum

241 3255 315 3307 Medi
333 3254 441 3305 subacti
458 3258 522 3302 suut
538 3269 609 3303 auno
626 3253 689 3304 belli
704 3253 782 3304 Pelo-

241 3323 399 3391 ponnesiaci
423 3323 555 3386 vigesimo
581 3329 693 3386 quarto,
717 3324 735 3373 i.
756 3339 780 3374 e.

242 3392 396 3460 Olympiad.
422 3391 529 3454 XCIII,
556 3391 568 3442 l
596 3393 653 3442 sive
676 3392 727 3444 408
754 3408 780 3444 a.

242 3466 291 3517 Ch.
305 3477 332 3514 n.
362 3463 406 3513 Ita
425 3466 498 3512 certe
510 3461 659 3526 Xenophon
671 3459 780 3511 Hellen.

242 3537 265 3598 I,
284 3533 361 3586 rfln.
397 3530 476 3582 Unde
494 3529 640 3595 colligunt,
659 3530 781 3580 Herodo-

241 3609 298 3655 tum
318 3602 353 3652 ad
371 3601 564 3666 octogesimum
582 3600 667 3650 ferme
682 3615 781 3650 antrum

241 3675 327 3724 vitam
337 3687 414 3722 suam
424 3671 542 3732 duxbse,
562 3685 622 3720 cum
633 3669 684 3720 hoc
694 3669 781 3733 ipsum

242 3747 407 3808 postremum
418 3741 454 3790 sit
468 3740 584 3802 factum,
600 3740 678 3790 euius
688 3739 716 3787 in
727 3739 782 3789 He·

242 3811 333 3861 rodoti
355 3811 442 3860 Marsis
460 3809 509 3858 flat
526 3810 642 3871 mentio,
666 3808 782 3858 forsitan

242 3879 328 3930 multo
350 3883 413 3942 post
433 3893 501 3942 opus
519 3879 572 3928 iam
593 3877 747 3928 absolutum
766 3892 782 3926 a

244 3948 376 4010 scriptore
391 3962 455 3996 sene
467 3947 606 3998 insertum.
625 3945 688 3996 Vid.
701 3945 783 3996 Dahl-

243 4015 444 4067 maumlderod.
456 4031 482 4080 p.
491 4017 534 4065 47.
551 4017 644 4080 Heyse
658 4015 783 4076 Quaestt.

243 4084 365 4138 Hcrodd.
384 4085 407 4134 Ι.
427 4101 454 4148 p.
473 4087 517 4136 42.
536 4083 580 4135 70.
616 4083 720 4146 Quibus
738 4084 783 4135 Gr.

246 4155 322 4206 addit
335 4151 476 4203 Maaccchi
488 4153 650 4203 Commentt.
660 4153 783 4204 inTabb.

246 4222 366 4275 Heracli.
383 4237 411 4286 p.
432 4221 491 4272 loa.
515 4221 569 4271 Sed
587 4222 785 4272 dubitationem

246 4292 364 4343 menese
386 4290 466 4341 video
490 4290 520 4342 C.
545 4291 577 4342 G.
602 4291 733 4358 Krueger.
757 4292 785 4340 in

831 3115 900 3167 Vide
911 3131 981 3180 quae
991 3115 1072 3166 retuli
1081 3116 1108 3165 in
1120 3115 1234 3166 Jahrbb.
1246 3115 1371 3166 f.Philol.

832 3202 859 3237 u.
879 3185 1000 3247 Paedag.
1025 3185 1087 3235 Vol.
1106 3186 1139 3235 L.
1156 3201 1183 3248 p.
1197 3185 1248 3236 405
1266 3201 1322 3250 seq.
1344 3188 1372 3234 et

831 3256 904 3306 LVI.
923 3271 949 3320 p.
967 3255 1008 3306 10.
1046 3254 1115 3305 Δὰἁ.
1134 3254 1241 3304 Rubiuo
1259 3255 1287 3304 iu
1301 3269 1373 3304 com-

831 3329 943 3375 mentat.
969 3324 1002 3374 de
1025 3324 1121 3376 mortis
1146 3323 1279 3374 Herodot.
1306 3329 1372 3374 tem-

832 3409 896 3459 pore
919 3410 946 3458 p.
964 3393 981 3444 0
1000 3409 1056 3456 seq.
1081 3398 1109 3444 et
1131 3392 1237 3456 Oppert
1257 3392 1373 3444 Journal

832 3463 974 3528 Asiatique
991 3463 1081 3513 XVII.
1098 3478 1125 3526 p.
1139 3461 1199 3512 538.
1234 3462 1296 3512 Non
1314 3477 1373 3527 per·

831 3532 921 3596 spexit
949 3531 1027 3582 thre
1053 3531 1160 3597 history
1184 3535 1237 3582 etc.
1266 3531 1315 3582 VI.
1343 3547 1371 3595 p.

832 3602 883 3654 534
902 3615 978 3666 seqq.

870 3661 1046 3725 ἀποστάντες
1076 3661 1108 3719 dl
1143 3659 1234 3718 ὀπίσω
1273 3681 1372 3718 κατε-

831 3731 1056 3859 hlodl'flwffb]
1092 3730 1340 3858 augearpdgqnaqi
1358 3753 1373 3788 e

833 3823 1119 3942 ..tutatuta
1141 3823 1374 3941 323{0..².⁰3..⁰:

835 3938 1035 4010 οτράφθησοιν,
1054 3945 1126 4010 quod
1137 3948 1224 4011 tpsum
1234 3960 1288 3995 non
1299 3951 1375 3996 caret

834 4013 913 4066 codd.
942 4015 1120 4076 anctoritate,
1153 4019 1303 4066 commotus
1329 4016 1374 4078 iis,

834 4099 904 4148 qnae
922 4084 1048 4148 exposuit
1057 4084 1173 4135 Bredov.
1184 4100 1212 4149 p.
1226 4083 1374 4148 3484150,

835 4154 931 4203 aoristi
958 4153 1071 4204 secundi
1095 4153 1196 4204 formas
1221 4155 1249 4204 in
1272 4153 1374 4204 talibus

836 4222 907 4286 apud
924 4221 1092 4273 Herodotum
1108 4222 1300 4304 praeferendas
1315 4237 1375 4274 esse

836 4290 945 4342 docens.
983 4293 1068 4354 Quem
1093 4293 1205 4344 eundem
1228 4296 1309 4342 etiam
1335 4293 1373 4355 II,

248 4360 370 4415 Seebode
393 4359 505 4412 Archiv.
529 4358 550 4412 i.
572 4359 707 4426 Philolog.
730 4360 787 4412 und
836 4360 867 4413 81
886 4364 995 4412 secutus
1015 4376 1087 4422 sum,
1105 4361 1152 4412 ubi
1169 4361 1225 4412 sid.
1241 4364 1311 4412 nott.
1360 4402 1364 4412 ,
