3064 4940
632 335 759 398 0L10.
783 339 809 397 I.
832 347 877 402 65.
1268 331 1327 393 143

187 531 265 596 στα,
307 511 486 598 μετέστησε
520 505 560 576 τὰ
586 508 710 598 νόμιμα
747 509 855 588 πάντα
888 510 944 578 καὶ
975 508 1119 600 ἐφύλαξε
1148 511 1254 578 ταῦτα
1281 505 1327 597 μὴ

190 619 425 702 παραβαίνειν.
459 609 597 698 persidi
623 610 663 682 τά
684 616 718 694 ἐς
737 614 884 703 πόλεμον
904 620 1037 701 ἔχοντα,
1067 615 1248 702 ἐνωμοτίας
1270 613 1325 680 καὶ

191 782 372 829 commoratus
379 777 548 829 Cretensium
563 779 690 830 instituta
704 778 732 845 (i.

193 865 217 898 e.
237 853 330 898 vetera
346 849 449 898 Dorum
472 849 598 900 instituta
624 865 657 900 ac
681 851 734 914 pri-

192 919 297 982 mitiva,
316 919 441 982 quesibi
458 920 545 984 magis
563 935 630 985 pura
649 923 677 970 ct
695 921 735 968 in-

191 993 270 1054 tegra
295 988 404 1037 inerant
431 989 603 1055 conservate)
635 989 665 1038 in
689 1003 736 1054 pe-

189 1059 270 1108 triam
289 1057 462 1108 transtulerit
480 1063 561 1124 atque
585 1059 635 1110 hcc
654 1059 734 1108 modo

188 1129 328 1178 Laconum
345 1141 401 1177 reru
419 1127 556 1193 publicam
574 1129 608 1180 ad
624 1129 734 1180 Creten-

187 1199 258 1248 sium
276 1198 406 1248 instituta
418 1199 604 1249 conformarit.
623 1200 665 1249 De
679 1213 734 1264 qua

186 1284 216 1318 re
247 1267 302 1319 vid.
327 1267 359 1318 G.
388 1269 421 1319 F.
446 1269 595 1320 Hermann.
624 1267 732 1320 Griech.

186 1335 392 1389 Stsatsalterth.
412 1341 438 1400 5.
459 1339 503 1390 21.

221 1404 370 1490 μετέστησε
394 1401 428 1456 τά
453 1400 571 1473 νόμιμα]
589 1409 650 1458 Duo
668 1406 732 1457 libri

186 1492 305 1542 νομια,
331 1476 403 1542 quod
426 1477 449 1527 si
473 1478 502 1526 in
524 1471 627 1542 νόμαια
645 1483 732 1528 muta-

186 1553 273 1609 retur,
291 1546 365 1597 haud
390 1546 517 1612 displicet
538 1546 729 1613 Wesselingio.

187 1617 240 1668 Sed
257 1616 324 1666 nihil
342 1616 501 1667 mutandum
518 1631 579 1668 esse
596 1617 640 1667 vel
658 1617 731 1668 Thu-

188 1687 293 1752 cydidis
322 1686 399 1737 locus
422 1687 475 1750 Vi,
506 1691 535 1737 4:
566 1677 671 1751 νόμιμα
699 1679 731 1736 δὲ

188 1749 304 1820 Δωρικὰ
320 1747 406 1820 ἐτέθη
424 1747 524 1814 αὐτοῖς
541 1757 670 1808 ostendit.
689 1756 732 1806 sd

188 1829 376 1892 argumentum
400 1826 468 1876 lacit
491 1827 618 1892 Dionysii
638 1841 731 1876 nerra-

188 1898 227 1946 tio
251 1895 374 1962 (Antiqq.
397 1893 504 1948 Romni.
527 1896 569 1958 II,
594 1895 660 1962 sa),
685 1911 732 1948 eos

189 1967 353 2032 Spartanos,
372 1967 419 2031 qui
435 1967 517 2016 nimis
541 1967 623 2016 duras
646 1971 674 2017 et
691 1981 733 2016 se·

189 2051 269 2086 veras
285 2037 404 2102 Lycurgi
423 2036 498 2102 leges
522 2037 592 2086 ferre
614 2051 669 2086 non
686 2051 733 2102 po-

191 2106 318 2168 tuissent,
330 2106 358 2155 in
369 2106 476 2156 Italiam
492 2105 650 2158 stabinos
663 2121 733 2156 com-

193 2176 338 2239 migrasse;
357 2175 426 2226 unde
445 2176 480 2226 ad
499 2178 637 2227 Romanos
656 2177 733 2226 insti-

193 2249 255 2294 tuta
265 2244 393 2308 quaedam
401 2247 537 2297 Laconica
549 2247 732 2312 pervenerint.

194 2315 281 2376 Quam
304 2315 330 2364 in
357 2331 412 2366 rem
440 2317 482 2367 Or.
512 2317 629 2368 conferri
656 2317 733 2367 iubet

193 2385 314 2435 Cicerae.
333 2385 366 2436 de
383 2385 454 2452 legg.
468 2385 520 2448 111,
535 2387 560 2436 7.
574 2391 599 2450 ξ.
619 2389 652 2438 16
664 2387 731 2450 ibiq.

190 2459 261 2505 nott.
280 2459 307 2505 st
319 2455 449 2508 Heinecc.
462 2457 603 2522 Syntagm.
618 2457 730 2522 Antiqq.

189 2527 322 2577 Romanu.
341 2541 405 2591 pag.
422 2527 439 2575 4
454 2541 511 2592 seq.
532 2527 574 2576 ed.
593 2526 731 2577 Haubold.

224 2585 380 2659 ἐνωμοτίας
389 2591 437 2644 καὶ
443 2589 598 2659 τριηκάδας
605 2593 653 2645 καὶ
667 2607 733 2645 σσσ-

190 2662 276 2730 σίτια]
307 2665 433 2716 Proxime
464 2664 517 2716 huc
546 2670 654 2732 spectat
681 2667 733 2716 Po·

189 2735 280 2800 lyseni
297 2733 373 2785 locus
391 2735 419 2784 in
435 2734 573 2802 Strategg.
593 2736 630 2798 11,
645 2735 671 2798 3,
688 2735 732 2786 11:

784 795 848 845 pag.
867 781 926 832 720.
945 782 1005 832 722.
1030 780 1216 846 Thucydidem
1232 781 1270 842 V,
1292 777 1326 829 68

785 850 809 898 si
833 849 941 914 audias,
966 853 1118 902 enomotiae
1145 857 1262 915 quatuor
1291 846 1326 898 ad

785 923 963 984 pentecostyn
979 921 1160 985 pertinebant,
1178 934 1249 986 quae
1266 919 1327 984 ipss

785 989 982 1053 quinquaginta
992 995 1051 1039 erat
1060 989 1206 1052 hominnm,
1219 993 1246 1038 et
1256 1003 1326 1053 quae

785 1063 881 1122 quater
888 1065 970 1107 aucte
980 1059 1141 1108 conficiebat
1150 1059 1258 1108 lechum
1269 1059 1326 1107 sive

787 1127 964 1178 ducentorum
999 1127 1136 1177 hominum
1180 1127 1327 1178 cohortem.

785 1195 848 1247 Alia
864 1196 1015 1261 Xenophon
1036 1196 1069 1247 de
1100 1198 1167 1260 Rep.
1191 1195 1329 1247 Lacedae-

784 1280 858 1317 mon.
882 1267 932 1318 XI.
957 1269 982 1330 5.
1008 1271 1051 1327 4.,
1077 1266 1123 1330 qui
1147 1279 1249 1314 moram
1267 1279 1330 1314 eon·

784 1337 890 1386 stitisse
915 1337 983 1386 dicit
1004 1342 1121 1403 quatuor
1143 1334 1244 1398 lochis,
1268 1339 1330 1382 octo

782 1407 997 1472 pentecostyhus
1022 1410 1049 1456 et
1079 1406 1197 1456 sedecim
1223 1419 1330 1454 enemo-

782 1477 842 1538 tiis3
862 1476 935 1527 unda
953 1477 1117 1528 enomotiam
1141 1476 1230 1541 ipsam
1254 1474 1330 1538 quin-

782 1547 915 1613 quaginta
933 1547 1071 1596 hominurn
1091 1547 1177 1596 inisse
1200 1543 1329 1594 credibile

782 1623 839 1679 est,
864 1631 925 1667 cnm
946 1631 1023 1666 mora
1045 1618 1264 1682 octingentorum
1287 1629 1328 1664 es-

783 1693 834 1736 set.
854 1687 922 1737 Cum
934 1702 998 1737 vero
1014 1702 1106 1738 morae
1117 1701 1245 1736 numerus
1254 1683 1327 1734 haud

783 1757 851 1806 satis
866 1757 918 1806 sibi
937 1771 1042 1822 semper
1060 1757 1218 1807 constitisse
1235 1755 1328 1804 videa·

784 1831 837 1888 tur,
857 1841 907 1876 nec
926 1827 1079 1876 enomotiae
1102 1840 1229 1876 numerus
1254 1829 1327 1874 certo
1374 1832 1377 1838 ’

785 1895 892 1954 definiri
911 1897 1022 1960 poterit.
1049 1897 1120 1946 llam
1139 1893 1328 1959 Xenophontis

784 1971 885 2028 aetate,
895 1967 942 2015 ubi
951 1966 1088 2016 sexcentis
1099 1964 1253 2015 homiuibus
1267 1977 1329 2013 con·

785 2035 878 2086 stabat
896 2051 980 2100 mora,
993 2041 1036 2086 ter
1051 2035 1193 2086 duodecim
1211 2034 1268 2084 sive
1283 2034 1329 2082 tri-

784 2107 862 2172 ginta
880 2121 928 2155 sex
951 2105 1088 2156 hominum
1113 2105 1198 2155 inisse
1222 2119 1329 2154 enemo·

784 2177 851 2226 tiam
868 2175 939 2226 idem
951 2176 1102 2241 Xenophon
1116 2175 1195 2226 testis
1208 2179 1251 2226 est
1263 2173 1327 2224 Hel·
1396 2235 1399 2242 Ι

783 2246 837 2296 len.
857 2247 905 2309 VI,
924 2248 949 2310 4,
970 2246 1011 2297 12.
1029 2245 1092 2296 coll.
1110 2247 1159 2309 IV,
1178 2246 1202 2308 5,
1223 2246 1264 2296 ll.
1286 2245 1326 2294 lt.

783 2317 855 2367 Utut
873 2321 924 2379 est,
943 2317 995 2366 hoc
1012 2321 1115 2366 certum
1129 2315 1245 2378 videtur,
1264 2329 1327 2364 euo-

783 2387 893 2436 motiam
905 2387 1019 2452 primam
1031 2401 1143 2452 eamque
1159 2385 1327 2450 simplicissi-

783 2471 854 2506 mam
863 2457 993 2507 Laconici
1010 2457 1144 2508 exercitus
1160 2460 1243 2521 atque
1257 2455 1327 2504 aciei

783 2527 1225 2592 luissedivisionemordinemque.
1243 2525 1327 2575 Plura

783 2596 943 2647 Muellerus:
957 2597 1044 2647 Dorer
1055 2599 1093 2648 11.
1107 2613 1171 2663 pag.
1184 2595 1235 2647 284
1248 2610 1324 2659 seqq.

784 2666 814 2718 C.
842 2667 874 2717 F.
905 2667 1054 2719 Hermann.
1082 2667 1189 2720 Grieoh.
1219 2665 1326 2716 Staats-

784 2736 892 2787 alterth.
914 2739 939 2800 g.
959 2737 1002 2789 29.

103 2850 106 2856 .
189 2797 411 2869 Λακεδαιμόνιοι
428 2797 482 2868 μὲν
497 2801 533 2870 δὴ
547 2797 733 2870 ιιατάλόχους
776 2803 780 2812 ’
819 2806 965 2857 Triacedae
975 2806 1069 2872 quales
1082 2806 1243 2869 luerint,vix
1251 2809 1326 2855 certo

189 2870 356 2939 ιιαὶμοίρας,
369 2865 567 2938 ἐνωμοτίας
583 2871 641 2924 καὶ
656 2885 732 2924 συσ-
784 2876 894 2928 dixeris.
930 2877 987 2928 Nec
1013 2875 1153 2942 proficitur
1179 2875 1327 2941 quidquam

191 2943 286 2994 σίτια
313 2936 598 3010 στρατοπεδεύοντες,
619 2939 733 3010 ἔμαθον
783 2947 831 3009 iis,
860 2961 930 3012 quae
961 2946 1034 3012 apud
1061 2946 1174 3010 Gregor.
1202 2945 1265 2994 Cor.
1293 2943 1327 2992 de

189 3029 215 3064 ιι.
234 3029 258 3063 τ.
281 3013 305 3063 l.
332 3013 451 3065 Belrlser.
474 3013 595 3066 Auecdd.
620 3031 647 3080 p.
668 3013 731 3065 303:
783 3015 894 3068 dialect.
907 3017 967 3066 Ion.
979 3017 1003 3079 ᾖ.
1015 3015 1058 3068 93.
1070 3031 1133 3080 pag.
1149 3015 1201 3066 502
1216 3013 1326 3066 Schaei.

190 3081 334 3134 συσσίτια·
357 3081 461 3134 δεῖπνα
482 3073 501 3133 ἃ
524 3080 608 3147 κοινῇ
632 3081 733 3135 ποιοῦ·
781 3085 918 3154 leguntur.
936 3085 1146 3138 Videnturillae
1163 3083 1327 3150 pertinuisse

190 3165 236 3202 Μ
259 3145 289 3201 οἵ
309 3145 545 3230 Λᾱκέδᾱψρνιθῑ,
575 3145 614 3212 uic
641 3143 678 3204 ἂν
704 3145 734 3202 οἶ
783 3157 817 3207 ad
835 3157 950 3222 triginta
969 3157 1164 3222 Spartanorum
1183 3155 1249 3206 obas
1268 3154 1326 3204 sive

190 3216 407 3287 στρατευόμενοι
432 3236 558 3272 σοοσιτοι
577 3223 730 3288 γίγνοιντο.
782 3227 932 3292 phratrias,
957 3227 1031 3292 ipsas
1058 3226 1146 3277 denuo
1170 3226 1272 3276 divisas
1298 3225 1327 3274 in

190 3295 269 3356 Quae
286 3293 330 3343 hic
348 3293 501 3344 instituisse
514 3293 613 3344 dicitur
630 3295 733 3360 Lycur·
782 3297 931 3359 triacadas,
950 3298 1009 3346 sive
1028 3297 1079 3346 hae
1097 3311 1193 3361 reapse
1212 3296 1328 3360 triginta

190 3377 242 3429 gns
265 3362 301 3412 sd
324 3363 389 3414 belli
412 3377 490 3413 usum
515 3365 680 3429 spectantia,
701 3379 734 3414 ea
783 3367 884 3416 inerint
908 3367 1007 3416 civium
1036 3367 1094 3415 aive
1118 3367 1207 3415 minus
1234 3365 1276 3429 (ut
1298 3366 1328 3412 in

189 3431 226 3482 ad
244 3447 326 3483 unum
343 3432 444 3483 bellum
467 3433 513 3482 vix
537 3434 733 3500 restringenda,
783 3437 966 3486 Romanorum
1001 3435 1130 3485 centuriis
1157 3435 1228 3484 idem
1257 3433 1328 3483 anci-

189 3517 284 3552 verum
307 3517 394 3568 aeque
417 3504 498 3554 etiam
527 3504 562 3554 ad
589 3503 735 3569 rempubli-
784 3505 858 3555 disse
889 3503 1037 3569 videmus),
1069 3505 1169 3569 quippe
1205 3517 1265 3553 cum
1299 3502 1328 3550 in

189 3587 249 3623 cam
282 3573 424 3624 referenda
448 3578 541 3634 erunt,
577 3575 601 3624 si
625 3574 733 3640 quidem
784 3573 856 3625 bello
885 3589 938 3624 non
966 3573 1124 3636 seiunctim,
1148 3571 1196 3622 sed
1224 3571 1326 3622 iunctis

189 3643 278 3692 omnis
292 3637 488 3708 Spartanorum
506 3645 564 3693 vita
583 3643 618 3695 ad
636 3643 735 3693 milita·
784 3646 855 3694 inter
873 3659 903 3693 se
920 3643 1034 3708 singulis
1048 3641 1175 3708 gentibus
1193 3657 1225 3692 ac
1241 3641 1327 3691 tribn-

189 3728 247 3763 rem
264 3728 343 3764 usum
362 3714 499 3779 descripta
516 3714 577 3776 luit,
596 3721 670 3764 recte
688 3729 734 3762 an·
783 3715 835 3764 bns
854 3713 990 3778 stipendia
1009 3713 1139 3763 iacerent.
1163 3711 1226 3764 vid.
1240 3711 1328 3762 Muel-

190 3787 304 3834 notaute
328 3783 359 3836 O.
384 3783 416 3833 F.
443 3785 592 3834 Hermann.
621 3783 733 3849 Antiqq.
782 3783 833 3836 ler.
858 3784 945 3834 Dorer
970 3783 1007 3833 11.
1036 3799 1063 3848 p.
1088 3783 1122 3834 82
1146 3797 1204 3848 seq.
1247 3779 1326 3844 Quod

189 3853 314 3904 Lacona.
333 3867 359 3918 p.
379 3855 422 3903 46.
446 3854 488 3904 De
506 3853 639 3904 Euomotia
657 3853 735 3904 varia
784 3853 906 3918 Koechly
920 3853 1039 3914 (Griech.
1056 3853 1221 3919 Kriegswes.
1232 3851 1324 3920 pet.)

188 3921 370 3992 trutinatum
385 3923 534 3975 veteribus.
557 3924 735 3987 Timaeus,a
784 3921 922 3974 triacatlas
949 3923 1062 3990 vulgare
1089 3924 1201 3974 charum
1227 3939 1325 3975 nomen

191 3991 235 4042 Or.
254 3991 392 4057 laudatus,
411 3994 438 4042 in
458 3993 559 4044 Lexico
577 3992 686 4044 Platon.
705 4007 732 4058 p.
784 3994 870 4044 fuisse
886 3994 972 4059 ponit,
989 3999 1062 4044 recte
1079 3995 1104 4044 ei
1121 3993 1264 4046 oblocutus
1283 4000 1325 4045 est

193 4061 244 4112 106
270 4055 361 4128 τάγμα
386 4053 472 4138 πεζρν
493 4063 560 4112 dicit
582 4077 734 4130 nomenque
785 4065 816 4115 G.
842 4063 876 4115 F.
910 4065 1058 4114 Hermann.
1088 4065 1194 4117 Grisch.
1219 4066 1324 4116 Stante-

191 4130 268 4181 tlncit
284 4124 342 4182 άπὸ
361 4131 412 4182 τοῦ
429 4124 552 4196 ομνάναι
571 4124 677 4189 αὐτοὺς
694 4125 735 4196 μή
784 4133 893 4184 alterth.
911 4133 937 4196 ἦ.
955 4133 998 4186 29.
1018 4139 1074 4185 not.
1093 4135 1119 4186 8.
1143 4135 1205 4186 coll.
1226 4135 1325 4186 Schoe-

190 4199 301 4262 λείψειν
317 4193 370 4267 τὴν
385 4193 476 4265 τάξιν,
493 4202 539 4252 ubi
557 4203 630 4253 coni.
643 4202 735 4254 Ruhn·
784 4204 995 4271 mannAntiqq.
1013 4221 1039 4271 p.
1057 4206 1076 4256 i.
1088 4205 1201 4257 Graeco.
1214 4221 1241 4270 p.
1255 4207 1324 4267 115..

191 4269 254 4322 hen.
276 4271 356 4336 Apud
374 4271 495 4336 Hesych.
519 4287 542 4332 s.
567 4288 594 4322 v.
617 4272 734 4338 explica·
784 4274 830 4338 qui
849 4273 987 4325 triscadas
1011 4276 1097 4325 fuisse
1115 4281 1211 4341 gentes
1234 4274 1324 4340 (γένη)

190 4345 237 4390 tur
253 4333 333 4402 τάξις
349 4357 393 4398 τις
410 4334 460 4390 διὰ
481 4340 611 4406 σφαγίων
629 4334 734 4406 ivriac-
784 4343 944 4408 arbitratur,
976 4345 1069 4411 quales
1100 4347 1183 4396 etism
1212 4344 1325 4395 Athenis

190 4423 252 4471 τος;
272 4426 387 4476 quocum
406 4411 479 4463 coni.
498 4413 621 4462 Zonaras
638 4412 732 4463 Lexic.
783 4411 834 4464 hoc
848 4415 956 4466 nomine
971 4415 1126 4481 appellatas
1141 4413 1326 4474 inveniantur,
