3032 4916
541 217 788 278 ermenus.
811 217 853 277 τι.
875 187 934 280 rin.
1247 213 1308 276 σοι

177 399 294 481 έχοντα
316 388 424 480 αὐτὴν
446 385 511 460 ὑπὸ
533 397 579 483 τῷ
604 395 738 482 ίματίῳ·
768 388 951 460 ἐσελθόντα
972 389 1008 459 δὲ
1025 383 1069 470 ώς
1082 396 1142 458 τοῦ
1155 391 1309 477 βασιλέος

138 512 183 566 162
189 493 251 584 τὴν
264 497 448 584 θυγατέρα,
462 495 518 564 καί
534 494 766 584 εἰρωτώμενον
778 493 883 582 τάπερ
900 497 1004 564 καλοί
1014 491 1118 576 άλλοι,
1135 490 1307 582 άπηγήσα-

176 611 274 684 σθαι,
295 595 340 680 ὡς
361 597 588 668 ἀνοσιώτατον
609 598 671 687 μέν
686 607 737 685 είη
753 599 970 686 ἐργασμένος,
995 596 1050 667 ὅτε
1063 602 1123 666 τού
1139 594 1309 685 ἀδελφεοῦ

176 707 214 775 έν
232 709 279 796 τῷ
292 707 458 796 θησαυρῷ
470 708 530 772 τού
543 705 697 791 βασιλέος
710 696 777 770 dni
796 702 904 788 πάγης
917 697 1055 782 ἁλόντος
1069 698 1232 789 ἀποτάμοι
1247 699 1310 789 τὴν

176 804 344 895 κεφαλὴν,
367 805 563 895 σοφώτατον
578 807 632 892 δέ,
653 801 703 873 ὅτι
719 801 796 885 τούς
811 805 984 894 φυλάκους
997 805 1233 893 καταμεθύσας
1248 831 1307 874 κα-

176 909 329 980 ταλύσειε
354 916 414 980 τοῦ
437 907 607 999 άὸελφεού
626 907 836 998 κρεμάμενον
854 906 914 978 τὸν
936 911 1051 978 νέκυν.
1092 907 1154 998 τὴν
1181 909 1237 994 di,
1265 903 1310 989 ώς

177 1013 318 1104 ἤκουσε,
338 1011 505 1084 ἅπτεσθαι
525 1010 640 1083 αὐτοῦ.
671 1009 731 1081 τόν
752 1011 789 1081 δέ
812 1017 910 1102 φώρα
926 1014 963 1081 έν
984 1018 1032 1105 τῷ
1048 1012 1162 1081 σκότει·
1174 1029 1306 1099 προτεί-

176 1147 232 1188 ναι
245 1114 330 1206 αὐτῇ
345 1124 405 1188 τοῦ
415 1123 538 1206 νεκροῦ
551 1115 613 1206 τὴν
625 1131 735 1204 χεῖρα·
753 1112 814 1204 τὴν
828 1116 865 1185 δέ
879 1118 1124 1205 ἐπιλαβομένην
1135 1122 1234 1203 ἐχειν,
1250 1144 1307 1185 νο-

176 1227 336 1310 μίζουσαν
356 1219 461 1291 αύτού
478 1225 609 1291 ἐκείνου
624 1226 681 1309 τῆς
695 1217 804 1306 χειρός
825 1216 1042 1308 ἀντέχεσθαι·
1076 1217 1137 1288 τόν
1158 1219 1194 1288 δέ
1209 1224 1308 1306 φόροι

176 1329 362 1415 προέμενον
382 1323 468 1414 αὐτῇ
494 1335 646 1413 οίχεσθαι
668 1320 724 1392 διά
743 1324 882 1410 θυρέων
903 1323 1083 1411 φεύγοντα.
1113 1318 1170 1402 Ὡς
1191 1321 1228 1392 δὲ
1250 1323 1332 1390 καλε

175 1435 280 1498 ταῦτα
300 1432 333 1510 ές
354 1427 413 1498 τόν
429 1433 568 1518 βασιλέα
581 1426 836 1514 άνενειχθῆναι,
866 1429 1096 1515 ἐκπεπλῆχθαι
1119 1427 1181 1515 μέν
1195 1427 1249 1495 ἐπὶ
1269 1431 1310 1514 τῇ

176 1533 419 1622 πολυφροσύνῃ
450 1561 485 1602 τε
511 1534 566 1602 καλ
595 1530 700 1619 τόλμῃ
726 1526 943 1618 τάνθρώπου.
984 1534 1075 1610 τέλος
1103 1529 1139 1600 δὲ
1167 1531 1306 1618 διαπέμ-

177 1661 283 1705 ποντα
313 1639 346 1715 ές
381 1635 488 1716 πάσας
522 1633 580 1716 τάς
613 1634 709 1713 πόλις
744 1635 1010 1719 ἐπαγγέλλεσθαι
1042 1632 1161 1704 άδειάν
1190 1661 1226 1702 τε
1255 1640 1306 1703 θι-

177 1738 297 1824 άόντα,
318 1741 373 1808 καὶ
397 1739 524 1827 μεγάλᾳ
542 1735 795 1825 ὑποδεκόμενον
816 1735 951 1806 ἐλθόντι
976 1740 1009 1818 ές
1029 1735 1109 1819 ὄψιν
1137 1735 1199 1827 τὴν
1222 1739 1306 1806 ἐοιν-

176 1847 245 1910 τού.
291 1839 351 1910 τόν
378 1842 415 1910 δὲ
437 1848 535 1932 φώρα
562 1841 786 1911 πιστεύσαντα
812 1842 929 1910 ἐλθεῖν
953 1839 1035 1930 πρὸς
1058 1838 1180 1923 αὐτόν,
1212 1836 1306 1929 Ῥαμ-

176 1953 310 2026 ψίνιτον
329 1944 366 2014 δέ
386 1945 538 2035 μεγάλως
557 1945 758 2034 θωυμάσαι,
778 1951 838 2011 καί
860 1950 895 2013 oi
909 1941 970 2032 τὴν
990 1948 1161 2034 θυγατέρα
1183 1944 1308 2032 ταύτην

176 2055 383 2134 συνοικίσαι,
417 2045 461 2130 ώς
487 2058 625 2118 πλείστα
656 2047 862 2138 ἐπισταμένῳ
889 2045 1100 2137 ἀνθρώπων·
1141 2055 1305 2134 Αίγνπτί-

176 2179 235 2232 ους
262 2151 325 2240 μέν
353 2150 416 2242 γάρ
441 2158 511 2222 τών
537 2149 650 2222 άλλων
679 2157 940 2240 προκεκρίσθαι,
981 2155 1112 2222 ἐκεῖνον
1140 2151 1177 2222 δέ
1199 2157 1305 2238 Λίγυ-

177 2263 295 2326 πτίων.

249 2374 347 2446 Messi
361 2375 518 2445 δὲταῦτα
538 2381 655 2463 ἔλεγον
675 2378 796 2444 τοῦτον
809 2373 869 2444 τὸν
888 2377 1028 2464 βασιλέα
1050 2372 1137 2460 ζωόν
1159 2379 1305 2464 καταβῆ-
1317 2363 1376 2427 122

209 2594 362 2680 ἐσελθόντμ
392 2592 486 2660 etde
510 2601 561 2652 τοῦ
586 2592 717 2669 βασιλέος

173 2668 227 2738 τὴν
249 2665 407 2738 θυγατέρα]
431 2663 560 2737 βασιλέος
584 2672 716 2722 edidimus

174 2759 222 2806 pro
246 2739 392 2809 βασιλῆος,
416 2747 447 2791 ut
467 2756 549 2805 supra
567 2744 591 2804 ξ.
614 2742 637 2794 1.
675 2743 716 2791 De

174 2811 256 2862 verbo
273 2801 401 2860 ἐσελθεῖν
420 2811 513 2860 confer
536 2815 606 2860 nott.
625 2810 660 2860 sd
678 2809 716 2873 ΙΙ,

179 2881 235 2930 115.
248 2881 280 2930 In
290 2895 365 2944 seqq.
376 2879 475 2928 retinui
486 2867 555 2935 ὦςα
564 2879 716 2944 Schweigh.

174 2952 308 2999 mutatum
331 2949 359 2998 in
382 2939 422 3009 ἐς,
449 2947 482 2997 ed
507 2947 579 3012 quod
601 2949 717 3012 proben-

175 3018 238 3068 dum
259 3017 337 3068 effert
362 3017 389 3078 Ι,
414 3017 471 3068 116.
496 3017 540 3077 ΙΙ,
568 3016 627 3070 135.
658 3018 717 3069 147.

175 3088 233 3150 ΙΙΙ,
254 3087 311 3138 140.
351 3085 609 3151 Schweighaeusero
633 3087 717 3136 edeti-

175 3157 283 3226 pnletur
301 3156 421 3206 Sintenie
446 3156 481 3205 ed
504 3155 643 3208 Plutarch.
667 3159 718 3208 Pe·

174 3226 233 3277 riel.
258 3243 284 3291 p.
305 3225 366 3278 308.
401 3227 458 3275 Nee
480 3231 571 3276 tamen
594 3227 717 3292 equidem

174 3297 216 3346 his
242 3300 380 3361 permotus
406 3311 478 3358 sum,
508 3301 539 3345 ut
559 3311 576 3346 e
599 3295 717 3346 lectione

175 3371 285 3432 recepte
302 3365 464 3416 recederem.
494 3365 573 3416 Gens.
584 3365 717 3416 Matthiae

174 3437 221 3488 Gr.
240 3435 298 3488 'Gn
334 3451 397 3500 pag.
428 3435 504 3486 1147.
551 3435 615 3485 Mox
646 3437 716 3485 inte-

174 3511 247 3556 ctum
274 3505 372 3570 reliqui
398 3496 606 3568 εἰρωτώμενον,
638 3505 714 3555 libris

175 3577 232 3626 iere
253 3576 412 3640 probatum,
443 3591 459 3626 ε
482 3573 633 3625 Borheekio
658 3591 716 3624 rnn-

174 3651 261 3698 tntum
292 3647 321 3696 in
350 3637 554 3709 είρωτεόμενον
584 3645 716 3709 prebente

173 3716 288 3768 Bredov.
318 3731 381 3780 png.
410 3713 469 3765 387.
505 3713 652 3779 Vulgatsm
676 3730 716 3764 re·

173 3787 255 3837 tinnit
269 3784 394 3844 Dietseh3
413 3783 532 3834 Dindori
548 3783 624 3834 dedit
636 3778 718 3846 είρω-

172 3847 321 3920 τεώμενον.
332 3885 366 3893 -
379 3855 432 3904 Ρτο
443 3845 629 3916 κρεμαμένου,
644 3851 715 3918 quod

173 3925 261 3974 minus
284 3929 377 3990 eptum
402 3928 456 3984 est,
485 3939 544 3973 eum
562 3921 714 3987 Schweigh.

173 3999 200 4044 et
220 3994 307 4046 Geisf.
332 3993 404 4044 edidi
425 3983 615 4056 κρεμάμενον,
644 3989 716 4056 qnod

172 4063 279 4113 cedices
302 4061 424 4112 nonnulli
447 4062 609 4124 offerebant,
633 4061 716 4126 qnod·

173 4147 225 4195 que
253 4133 334 4182 etism
366 4131 439 4182 dedit
468 4131 593 4182 Dindori.
633 4145 715 4179 κατα-

172 4193 251 4248 λύειν
263 4201 308 4250 hie
321 4201 397 4252 velet
415 4203 515 4266 tollere,
534 4200 650 4266 indeque
668 4215 714 4249 σα-

171 4269 253 4336 serre.

801 2679 1016 2753 άνενειγθῆναι]
1042 2688 1114 2738 Olim
1141 2677 1306 2751 άνενείχθη,

768 2760 838 2824 quod
858 2759 999 2808 revocavit
1013 2757 1168 2819 Bekkerus‚
1194 2759 1221 2805 in
1239 2751 1308 2819 άνη-

768 2827 872 2893 νείγθη
888 2829 1058 2888 vertendnm‚
1083 2825 1171 2876 iudice
1190 2825 1307 2876 Bredov.

767 2913 831 2962 pag.
849 2897 900 2950 300
918 2897 979 2948 coll.
1002 2911 1065 2960 pag.
1088 2895 1145 2946 149.
1182 2894 1308 2944 Schneid-

768 2983 814 3016 rns
838 2966 913 3018 dedit
934 2958 1112 3030 άνενεῖγθαι,
1142 2964 1214 3028 quod
1236 2979 1309 3014 reee-

768 3041 866 3102 pernnt
892 3034 1027 3087 Geieiord.
1053 3038 1081 3084 et
1102 3032 1314 3099 Schweighesu-‘

769 3123 820 3158 ser.
840 3107 863 3156 E
874 3105 1012 3156 Seueroiti
1022 3103 1091 3154 libro
1107 3101 1247 3168 alteroque
1257 3105 1308 3154 Pe-

769 3176 853 3227 risiuo
864 3165 1034 3239 άνηνεὶχθαι
1046 3172 1168 3224 exhibuit
1177 3174 1307 3234 Dindori;

768 3237 973 3309 άνενηνεῖχθαι
1015 3244 1136 3308 reposuit
1184 3244 1306 3295 Dietseh.

768 3313 901 3380 Equidem
921 3313 1091 3379 perlustrans
1115 3315 1205 3364 verius
1229 3315 1308 3364 huius

768 3385 845 3435 verbi
863 3384 980 3446 formes,
1003 3399 1071 3449 ques
1089 3385 1162 3450 apud
1179 3386 1308 3436 Nostrum

768 3455 864 3506 obvies
882 3454 1004 3504 exhibuit
1015 3455 1130 3506 Bredov.
1149 3454 1214 3516 1.1.,
1233 3468 1308 3518 repo·

767 3524 884 3575 nendum
913 3524 978 3574 duxi
1002 3515 1221 3588 άνενειγθῆναι,
1254 3538 1309 3573 ser·

766 3599 831 3644 vete
851 3593 986 3644 infinitivo
1004 3594 1115 3654 enuisti,
1142 3609 1221 3659 quem
1242 3592 1269 3642 h.
1289 3591 1308 3643 1.

766 3663 949 3716 neeessariam
975 3680 1035 3715 esse
1056 3663 1187 3726 arbitror,
1217 3677 1309 3714 servs-

766 3739 848 3800 teque
871 3735 931 3798 ipsa
953 3733 1032 3784 huius
1056 3732 1185 3784 infinitivi
1211 3733 1308 3794 forme,

767 3819 847 3868 qnam
871 3803 983 3854 eandem
1008 3804 1161 3854 invenimus
1185 3803 1222 3866 Π,
1249 3799 1307 3853 lli.

768 3873 894 3935 152.V1‚
912 3871 955 3934 86,
977 3874 999 3923 1.

801 3983 908 4056 ταύτην
922 3989 1092 4056 συνοικίσαι]
1109 3993 1147 4044 Ut
1164 3993 1309 4042 συνοικεῖν

766 4065 920 4112 ιπολτίοιοαλο
942 4063 1047 4110 λνπολιαα
1075 4078 1143 4126 esse,
1172 4067 1197 4113 in
1223 4065 1309 4114 matri-

765 4131 844 4180 monio
859 4129 953 4181 habere
969 4129 1020 4194 (ΙΙ,
1038 4132 1086 4183 120
1101 4133 1175 4200 ete),
1193 4133 1232 4182 ita
1243 4145 1309 4180 σνν-

767 4196 881 4258 οικίζειν
898 4202 978 4261 filiam
994 4203 1020 4250 in
1040 4203 1217 4252 matrirronium
1233 4202 1307 4260 dare,

765 4269 959 4334 nuntiandam.
