3064 4940
219 273 278 336 120
434 292 439 304 ·
647 267 915 330 HERODOTI

214 467 284 518 των
304 443 341 517 ἐν
363 442 611 538 Ἑλλησπόντῳ,
641 450 675 514 ol
695 443 846 513 σύνοικοι
866 439 1021 529 ἐγένοντο
1036 441 1262 531 Ἀθηναίοισι,
1292 441 1347 510 καὶ

214 547 276 620 ὅσα
295 547 379 620 ἄλλα
393 545 586 636 Πελασγικὰ
609 545 705 618 ἐόντα
719 553 904 636 πολίσματα
919 544 956 614 τὰ
977 543 1104 636 οὕνομα
1118 550 1292 636 μετέβαλε·
1318 551 1349 616 εί

214 653 360 724 τούτοισι
375 652 636 743 τεκμαιρόμενον
657 657 711 722 δεῖ
729 653 857 738 λέγειν,
878 641 965 739 ἦσαν
985 655 1019 720 ot
1030 653 1199 737 Πελασγοί
1219 651 1345 739 βάρβα-

215 785 276 848 ρον
289 763 444 845 γλῶσσαν
458 757 572 836 λέντες.
604 762 635 825 εί
646 762 763 825 τοίνυν
778 745 820 843 ἦν
835 756 889 824 καὶ
903 759 970 824 πᾶν
983 760 1113 823 τοιοῦτο
1128 751 1164 823 τὰ
1178 763 1345 840 Πελασγι-

214 860 290 946 κὸν,
312 859 349 932 τὸ
365 858 513 931 Ἀττικόν
532 866 650 944 ἔθνος,
673 855 729 960 triv
742 855 969 944 Πελασγικὸν,
994 853 1061 946 ἅμα
1076 863 1115 948 τῇ
1129 863 1295 948 μεταβολῇ
1308 861 1347 948 τῇ

214 967 246 1046 ἐς
264 961 425 1053 Ἕλληνας
446 966 502 1034 καὶ
524 961 585 1053 τὴν
607 967 762 1052 γλῶσσαν
781 966 957 1052 μετέμαθε.
984 963 1044 1031 καὶ
1067 960 1130 1050 γὰρ
1158 959 1199 1050 δὴ
1219 959 1296 1031 οὔτε
1317 965 1351 1030 οί

211 1131 279 1198 κίην
303 1147 332 1182 τε
355 1127 403 1182 καὶ
427 1123 579 1195 Σκυλάκην
603 1127 756 1195 Πελασγῶν
810 1131 867 1182 len.
904 1129 943 1179 Ac
962 1130 1126 1192 Larcherus,
1149 1131 1195 1196 qui
1217 1131 1348 1196 antiquis·

213 1195 397 1266 οἰκισάντων,
426 1202 503 1252 errius
527 1202 587 1252 loco
611 1202 665 1252 ism
689 1203 755 1263 Bor·
805 1203 873 1251 simo
892 1215 960 1250 sevo
984 1201 1103 1250 Atticam
1122 1200 1253 1265 Pelasgos
1271 1205 1348 1250 tenu·

211 1273 273 1324 lrelr.
293 1277 321 1322 et
344 1272 481 1324 Schseier.
504 1275 694 1338 reposuerant,
715 1272 754 1320 in·
805 1271 860 1320 isse
878 1273 968 1334 negat,
987 1269 1039 1320 hoc
1063 1270 1146 1320 refert
1163 1270 1198 1319 ad
1216 1271 1348 1335 posterio-

211 1343 276 1394 vitis
289 1347 360 1393 certe
373 1342 459 1404 libris,
474 1337 596 1390 καὶτῶν
614 1333 666 1404 τὴν
679 1338 754 1388 Πλα-
804 1356 858 1390 rem
881 1339 1016 1403 quandam
1035 1340 1233 1405 Tyrrhenorum
1257 1355 1278 1390 s.
1299 1340 1348 1388 Pe-

212 1412 315 1478 κίηνκ.
335 1428 358 1461 τ.
378 1411 400 1460 λ.
421 1413 477 1462 Nos
490 1415 675 1460 cumrecentt.
690 1409 750 1458 edd.
802 1408 939 1473 lasgornm
958 1407 1106 1470 coloniam,
1129 1409 1175 1473 qui
1198 1425 1259 1458 cum
1281 1423 1347 1458 non·

211 1497 259 1546 pro
283 1474 336 1544 τὴν
364 1480 551 1544 rescripsimus
582 1476 652 1541 τῶν,
679 1478 753 1542 quod
803 1477 870 1530 nihil
888 1478 1017 1541 temporis
1041 1479 1069 1528 in
1095 1478 1189 1528 Attica
1213 1494 1347 1528 remanse-

210 1552 272 1616 ipsa
289 1549 342 1599 ioci
361 1550 431 1600 ratio
450 1564 560 1613 poscere
573 1546 624 1596 sibi
641 1547 753 1597 videbe·
804 1549 867 1610 rint,
887 1547 967 1598 eiecti
984 1547 1048 1598 inde
1070 1549 1199 1598 Lemnum
1218 1548 1347 1613 confuge·

210 1625 268 1680 tur,
287 1633 320 1668 ac
338 1619 497 1668 retinuimus
516 1608 686 1666 οἰκισάντων
704 1633 751 1681 pro
804 1619 872 1680 rint,
890 1618 961 1668 unde
983 1617 1011 1666 in
1036 1619 1202 1683 Propontide
1225 1617 1346 1669 Piscium

210 1688 274 1740 oiim
292 1687 405 1752 vulgate
421 1681 608 1752 οἰκησάντων,
620 1687 752 1751 probante
803 1695 830 1740 et
849 1687 981 1753 Scylacen
1001 1688 1179 1740 condiderint.
1217 1689 1274 1739 Nec
1291 1688 1346 1738 aiio

209 1773 318 1825 quoque
335 1758 451 1808 Bredov.
478 1773 504 1822 p.
531 1756 573 1806 73.
611 1757 751 1808 Herodoto
804 1761 860 1810 iere
895 1761 1003 1823 spectet
1043 1759 1166 1809 Piatneri
1201 1760 1347 1820 sententia,

210 1834 347 1880 caeterum
383 1827 547 1890 suffragatur
585 1827 752 1892 Pomponius
803 1845 884 1895 qnam
902 1829 937 1879 ad
956 1828 979 1890 1,
998 1827 1041 1880 56.
1060 1829 1250 1891 indicavimus,
1266 1834 1347 1894 atque

185 1941 188 1946 .
210 1899 281 1950 lisia
297 1899 320 1962 Ι,
339 1897 385 1961 19,
404 1898 452 1950 nbi
470 1896 592 1948 Piscium
613 1901 640 1948 et
660 1897 752 1962 Scyle,-
804 1898 918 1951 Riedeiii
938 1898 955 1948 i.
977 1897 996 1948 i.
1018 1914 1081 1964 pag.
1107 1899 1167 1951 533.
1190 1899 1233 1949 Or.
1258 1899 1347 1949 addit:

209 1987 258 2022 cen
285 1985 383 2035 parvas
417 1967 596 2032 Pelasgorum
631 1967 753 2018 colonias
805 1970 834 2020 C.
855 1970 888 2020 Ο.
912 1967 1033 2018 Mueller.
1056 1969 1217 2020 Orcircmcn.
1246 1985 1272 2034 p.
1296 1965 1348 2019 43⁰

211 2039 346 2104 appellat,
369 2039 467 2104 quibus
490 2054 506 2086 n
530 2041 608 2102 tergo
632 2038 753 2088 imminet
805 2057 861 2104 seq.
881 2037 943 2088 coli.
962 2037 1012 2088 307
1032 2054 1087 2102 seq.
1118 2041 1171 2090 Hic
1191 2039 1261 2088 enim
1280 2039 1348 2089 auti-

208 2105 584 2174 mousOlympins[Mysins].
599 2106 751 2158 AddPiin.
804 2125 857 2173 qno
881 2123 949 2158 aevo
968 2103 1099 2171 Pelasgos
1125 2109 1205 2158 docet
1228 2109 1348 2160 Atticam

208 2179 244 2228 H.
271 2178 303 2227 N.
327 2178 360 2237 V,
385 2176 428 2226 32.
456 2175 499 2226 39.
536 2177 596 2226 Sita
618 2181 660 2225 est
687 2176 752 2224 urbs
804 2178 935 2227 insedisse
954 2191 1004 2226 nec
1023 2181 1118 2241 postea
1138 2179 1243 2228 demum
1263 2179 1347 2228 immi-

185 2275 188 2282 ·
209 2247 299 2296 Placia
325 2245 352 2294 in
376 2245 477 2309 Mysia,
501 2245 632 2294 orientem
656 2259 751 2294 versus
804 2261 907 2310 grasse.
931 2275 965 2284 -
989 2245 1021 2294 In
1046 2261 1120 2310 seqq.
1151 2247 1186 2296 ad
1216 2235 1289 2310 ἦσαν
1312 2279 1346 2288 -

208 2331 224 2366 a
238 2315 347 2379 Cyzico,
365 2315 532 2364 occidentem
552 2329 646 2363 versus
658 2329 675 2362 ο
689 2311 752 2378 Scy·
803 2311 892 2371 ίὲντες
910 2315 954 2366 Gr.
975 2315 1080 2363 confert
1093 2315 1212 2365 Fischer.
1226 2316 1262 2366 nd
1275 2317 1346 2366 Wei-

207 2388 272 2446 laoe,
293 2383 365 2448 quod
379 2385 506 2448 oppidum
523 2383 573 2432 init
588 2383 749 2446 proximum.
799 2385 847 2434 ier.
868 2383 920 2444 Ill,
939 2383 966 2432 b.
987 2399 1048 2448 pag.
1069 2386 1157 2448 lseq.
1176 2391 1203 2435 ot
1220 2390 1290 2434 nott.
1309 2385 1344 2434 ad

207 2453 268 2504 Vid.
292 2452 416 2504 Siebeiis.
443 2453 477 2502 ad
505 2454 624 2502 Psusnn.
647 2453 680 2513 V,
706 2451 748 2502 13.
801 2453 903 2504 Plotin.
925 2452 957 2502 de
976 2452 1274 2518 pulcritnd.pag.2i0.
1293 2455 1345 2515 Qui
1436 2513 1441 2522 .

207 2527 233 2588 5.
253 2525 279 2574 4.
302 2523 477 2588 Marquardt:
505 2523 538 2572 de
557 2521 658 2585 Cyzico
676 2537 702 2585 p.
716 2522 748 2571 27
800 2523 936 2573 sarbaram
950 2522 976 2571 h.
992 2521 1010 2571 i.
1030 2521 1150 2588 linguam
1169 2524 1292 2573 emittere
1306 2523 1345 2572 di-

206 2609 264 2660 seq.
283 2593 416 2658 Forbiger
434 2591 452 2643 i.
473 2591 492 2641 i.
510 2592 546 2642 II.
568 2608 594 2656 p.
615 2593 673 2641 127.
693 2591 749 2640 Nec
801 2597 898 2643 cuntur
915 2591 1039 2656 Pelasgi,
1060 2592 1131 2642 inira
1154 2599 1181 2642 et
1204 2593 1255 2656 ipsi
1275 2591 1344 2642 dosi-

205 2663 294 2714 insnis
313 2667 356 2712 est
373 2661 425 2710 viri
447 2663 521 2711 docti
541 2661 675 2725 suspicio,
695 2661 748 2710 lic-
800 2655 1011 2726 guanturl'ttvos
1023 2653 1344 2728 βαρβαρον(οορ.58),

205 2733 333 2783 rodotum
351 2733 438 2796 ipsum
459 2732 526 2780 haec
548 2729 609 2780 icon
632 2729 747 2789 adiisse;
800 2733 817 2782 i.
843 2749 866 2781 e.
889 2731 1004 2795 populus
1031 2735 1183 2797 pereprr'ous
1206 2749 1228 2783 s.
1253 2741 1345 2782 extra·

206 2809 235 2852 tu
255 2803 292 2852 ci.
311 2803 411 2866 Heyse.
432 2801 555 2862 Qiracstt.
581 2799 703 2850 Herodd.
724 2800 745 2850 i.
798 2817 868 2862 aeas,
888 2801 905 2850 i.
925 2817 948 2850 e.
968 2799 1038 2850 olins
1054 2807 1135 2866 atque
1150 2803 1272 2853 Graecae
1282 2803 1344 2852 stir-

204 2889 267 2938 pag.
285 2871 329 2920 93.
350 2871 401 2933 Qui
425 2871 509 2934 idem,
537 2870 608 2934 quod
626 2869 748 2919 Herodo—
798 2873 848 2936 pis,
871 2871 914 2920 cui
936 2869 1002 2919 nihil
1027 2870 1186 2936 quidquam,
1211 2872 1284 2936 quod
1308 2871 1343 2921 sd

204 2947 249 2992 tus
267 2942 334 2990 haec
347 2941 446 3005 oppida
458 2943 485 2990 in
501 2940 686 3004 Hellesponto,
698 2956 747 2988 nec
799 2942 915 3006 origines
933 2940 1045 3002 attinet,
1066 2957 1126 2990 cnm
1145 2942 1211 3006 ipsis
1231 2942 1343 2992 Graecis

204 3013 233 3062 in
249 3010 415 3076 Propontide
434 3009 476 3068 (ut
488 3011 645 3060 accuratius
664 3010 748 3060 tradit
798 3027 937 3061 commune
948 3015 998 3060 est.
1015 3011 1343 3062 'ruvidedehaovoeeu

204 3079 302 3145 Mela),
323 3083 376 3130 sita
396 3081 476 3141 dicit,
495 3082 523 3130 id
547 3095 599 3128 non
624 3095 657 3128 ex
683 3080 748 3128 scri·
797 3083 828 3131 P.
847 3081 995 3136 Hermann.
1014 3081 1342 3140 Grieeh.Stnstsnlterth.

204 3151 290 3215 ptoris
308 3151 444 3213 imperitia
457 3150 558 3199 iactum
571 3165 629 3198 osse
646 3155 746 3210 mouet,
799 3155 823 3214 §-
843 3151 868 3200 6.
888 3156 946 3202 not.
970 3151 993 3200 l.
1012 3153 1054 3202 ed.
1075 3157 1164 3216 quart.

204 3219 252 3269 sed
271 3219 378 3270 dicendi
394 3236 426 3268 ex
445 3235 505 3280 risu,
521 3235 574 3284 quo
594 3217 746 3283 saepeHel-
832 3215 859 3268 εί
881 3219 980 3270 τοίνυν
1005 3211 1041 3286 ἦν
1063 3217 1110 3270 καλ
1133 3218 1192 3270 τιᾶν
1215 3218 1343 3288 τοιοῦτο]

203 3288 322 3353 lesponti
349 3290 455 3348 nominc
484 3291 567 3338 etiam
601 3289 746 3353 Propontis
798 3289 876 3340 Cous.
911 3290 959 3354 IV,
991 3293 1053 3342 lus:
1083 3289 1128 3356 εἴη
1158 3282 1187 3340 δ’
1218 3281 1254 3340 ἄν
1284 3289 1343 3341 πᾶν

204 3373 258 3408 uns
276 3375 336 3409 curn
352 3359 421 3408 freto
435 3357 481 3408 iilo
495 3357 675 3422 intelligatur.
694 3359 746 3408 His
799 3375 824 3408 κ.
844 3375 866 3407 τ.
885 3361 909 3411 λ.

202 3429 282 3490 adde,
300 3445 370 3493 qnae
384 3445 468 3494 nuper
486 3428 519 3479 de
531 3428 747 3490 Cremona-„Pn-
833 3423 948 3496 καὶγὰρ
967 3423 1004 3496 δὴ
1027 3421 1093 3480 οὔτε
1113 3423 1143 3479 οί
1160 3425 1341 3492 Κρηστωνιῆ-

112 3509 116 3516 ’
204 3499 293 3548 ciaet
316 3498 430 3563 Scylace
453 3500 594 3560 disseruit,
618 3499 747 3548 baccar·
798 3515 842 3548 ται
860 3509 884 3549 κ.
905 3517 927 3550 τ.
948 3499 984 3565 l]
1006 3499 1083 3566 Apud
1106 3499 1268 3562 Dionysium
1286 3498 1341 3545 Ha-

203 3569 275 3618 bium
294 3569 403 3618 nomine
420 3585 452 3618 ex
469 3568 675 3630 Albauensium,
699 3569 746 3634 qni
797 3568 941 3620 licernsss.
970 3571 1083 3636 Antiqq.
1111 3571 1215 3619 Rerum.
1247 3566 1268 3626 Ι,
1296 3563 1339 3614 sn.

203 3653 274 3688 nunc
293 3637 428 3700 dicuntur,
447 3654 569 3688 sermone
582 3645 705 3703 repetens
718 3639 743 3688 J.
798 3655 861 3704 pag.
882 3643 924 3690 77.
943 3641 1037 3690 Reisir.
1062 3639 1128 3688 haec
1152 3638 1281 3686 citantem
1304 3633 1340 3682 ie-

203 3709 234 3758 G.
255 3723 309 3757 von
326 3709 406 3758 thn
426 3709 572 3758 libonem.
592 3709 705 3758 Studien
720 3725 745 3773 p.
798 3710 871 3771 gitur
891 3708 1093 3770 Κροτωνιᾶται,
1113 3707 1184 3770 quod
1203 3710 1293 3753 tamen
1311 3703 1340 3750 in

204 3779 254 3827 247
274 3792 329 3858 seq.
484 3811 488 3820 ·
797 3779 930 3829 Herodoti
952 3783 1028 3827 textu
1047 3791 1174 3840 reponere
1193 3774 1285 3822 nolim.
1306 3801 1341 3812 —-·

237 3841 266 3893 οἳ
283 3857 409 3894 σννοικοι
435 3837 564 3909 ἐγένοντο
585 3838 746 3910 nervoso:-
798 3851 885 3909 Qusm
895 3847 1044 3898 Bouherins
1063 3843 1262 3910 (Diss.Herod.
1278 3858 1359 3907 cap..

204 3912 242 3978 σι]
265 3914 338 3963 Voce
362 3905 491 3963 σύνοικοι
516 3915 683 3965 Herodotum
702 3916 745 3964 hic
797 3918 836 3980 X)
856 3917 919 3966 oiim
937 3915 1065 3980 vulgarat
1079 3913 1292 3976 inscriptionem,
1303 3913 1339 3962 ad

203 3987 294 4031 monet
316 3982 418 4034 Riedei.
439 3999 464 4046 p.
491 3983 551 4036 593.
575 3987 614 4033 uti
638 3987 757 4050 propria·
797 3987 919 4036 Placiam
937 3986 1125 4049 pertinentem,
1149 3998 1210 4032 cum
1233 3981 1339 4033 Placia-

202 4050 401 4116 signiiieaticuc
425 4052 457 4101 de
477 4053 524 4114 iis,
549 4055 595 4117 qui
620 4055 744 4106 diversae
796 4072 848 4105 nne
868 4056 962 4106 matris
981 4053 1029 4103 liat
1048 4053 1163 4114 mentio,
1183 4069 1215 4102 ea
1233 4053 1268 4103 ad
1288 4054 1339 4117 Cy·

202 4121 291 4186 gentis
311 4137 370 4170 cum
389 4122 453 4182 sint,
472 4123 566 4171 eadem
585 4123 613 4171 in
636 4127 745 4189 regione
797 4127 885 4175 sicum
913 4125 1043 4190 pertinet,
1073 4139 1127 4173 non
1150 4123 1229 4172 vaide
1254 4139 1338 4172 remo-

202 4189 282 4240 simui
299 4189 437 4250 habitent3
462 4191 497 4242 ci.
518 4192 619 4242 Herod.
643 4193 679 4256 11,
700 4194 743 4244 51.
795 4201 852 4245 tum
884 4212 900 4244 s
927 4193 1021 4246 Placia
1050 4193 1188 4257 sacrisque
1214 4192 1337 4258 Cybeles,

201 4259 264 4320 Vll,
284 4258 326 4310 73.
354 4259 421 4310 Cum
438 4259 490 4310 hoe
512 4261 573 4310 loco
595 4263 668 4312 coni.¹
692 4264 744 4313 He·
796 4279 865 4330 qnae
884 4266 943 4330 ipsa
963 4269 1005 4314 est
1024 4267 1110 4312 mater
1133 4262 1277 4322 Pisciana,
1298 4265 1338 4313 in-

202 4329 289 4384 rodot.
312 4330 361 4394 VI,
387 4329 443 4380 137.
469 4335 497 4382 et
516 4331 669 4398 Thucydid.
696 4333 743 4396 IV,
796 4335 881 4401 aigne.
911 4333 1001 4398 „Hinc
1026 4333 1098 4402 apud
1121 4333 1285 4386 Pausaniam
1304 4335 1337 4397 V,
