3088 4944
631 294 756 358 OLIO.
779 297 816 396 Ι.Ι
828 305 888 361 181.
1261 291 1320 356 361

193 501 277 564 ριοι,
300 473 338 542 έν
353 485 439 541 τοῖσι
454 475 641 556 κατίζοντες
657 467 867 560 ἀμπαύονται
883 473 918 542 οί
933 468 1184 560 ἀναβαίνοντες.
1226 471 1264 538 ἐν
1284 467 1322 540 db

192 583 434 672 τῷτελευταίῳ
449 575 566 669 πύργῳ
583 573 663 665 νηὸς
684 581 795 644 ἔπεστι
816 577 933 665 μέγας·
959 577 996 645 έν
1017 574 1054 644 δὲ
1071 578 1118 667 τῷ
1138 577 1210 666 νηῷ
1220 579 1323 662 1κλίνη

193 680 319 771 μεγάλη
335 682 444 749 κέεται
464 671 503 748 εὖ
522 679 729 770 ἐστρωμένη,
745 686 803 749 καί
813 685 847 749 oi
860 679 1003 769 τράπεζα
1020 680 1221 766 παρακέεται
1240 705 1322 766 χρυ-

194 786 264 873 σέη.
305 781 437 872 ἄγαλμα
466 784 504 854 δὲ
531 780 593 854 ούκ
618 789 669 852 ἔνι
696 779 798 852 οὐδὲν
820 780 941 854 αύτόθι
966 783 1206 870 ἐνιδρυμένον·
1243 778 1324 852 οὐδὲ

194 887 300 959 νύκτα
318 884 430 968 οὐδεὶς
444 889 651 970 ἐναυλίζεται
672 883 866 975 ἀνθρώπων
875 939 884 972 ,
904 881 955 954 ὅτι
969 882 1013 973 μὴ
1029 882 1114 974 γυνὴ
1131 882 1240 973 μούνη
1255 889 1324 954 τῶν

195 994 404 1082 ἐπιχωρίων,
424 989 487 1080 τὴν
506 985 549 1062 ἂν
572 987 590 1060 ὁ
610 989 690 1071 θεὸς
713 993 826 1080 ἕληται
845 992 881 1060 έκ
897 989 1048 1073 πασέων,
1073 983 1117 1067 ὡς
1137 990 1272 1074 λέγουσι
1292 991 1325 1060 ol

195 1161 241 1214 Gr.
262 1160 309 1212 Gr.
328 1162 352 1223 ἕ.
372 1161 432 1214 520.
456 1164 513 1210 not.
534 1158 553 1212 1.
588 1151 736 1224 καταγωγὴ
787 1159 885 1222 citari,
904 1160 1074 1208 monuerunt.
1090 1156 1149 1206 Iam
1166 1170 1235 1220 quae
1247 1155 1326 1206 Chal·

194 1231 295 1282 dicitur
313 1227 401 1292 locus,
426 1230 473 1279 ubi
491 1229 660 1294 requiescere
676 1244 737 1294 pos·
786 1229 914 1279 dacorum
923 1228 1009 1293 origo,
1019 1241 1088 1292 quae
1098 1225 1186 1290 gentis
1195 1225 1326 1290 primasc-

195 1302 247 1364 sis,
265 1299 381 1364 indeque
400 1299 482 1350 etiam
499 1299 683 1350 deversorium
702 1299 735 1362 V,
786 1293 1325 1362 des,uudeprofectaillsinBabylonem
1363 1289 1374 1311 ⁶

194 1373 244 1433 52,
269 1370 316 1419 ubi
338 1368 394 1420 vid.
415 1373 485 1419 nott.
524 1367 602 1420 Geni.
620 1371 734 1420 Lucisn.
785 1368 853 1419 haec
871 1367 984 1418 attalia
1000 1371 1032 1417 nt
1049 1365 1077 1416 h.
1091 1365 1109 1416 l.
1124 1365 1261 1430 copiosius
1273 1365 1327 1415 dis·

194 1442 294 1492 l'oxar.
314 1439 357 1490 57.
394 1441 436 1489 Dc
454 1439 569 1489 merced.
593 1439 672 1490 cond.
691 1438 734 1491 32.
786 1453 888 1501 serem,
914 1438 960 1487 vix
978 1453 995 1486 a
1011 1436 1213 1502 nequisquam
1234 1450 1327 1500 exspe-

195 1507 309 1576 „dcisot
328 1513 498 1575 exponuntur
516 1508 626 1560 Graecis
648 1505 735 1558 καθέ-
786 1509 881 1558 ctabit.
907 1509 997 1571 Quare
1011 1505 1206 1557 inuniversum
1220 1521 1326 1568 moneo,

195 1578 276 1644 ὅροις
307 1578 363 1629 vid.
385 1578 511 1643 Apellen.
532 1579 600 1630 Lex.
624 1579 734 1630 Homer.
786 1577 983 1628 Chaldaeorum
999 1575 1328 1641 nomineproprienoma-

194 1648 375 1716 pag.354ed.
392 1648 462 1700 Toll.
483 1647 734 1714 Odyss.V,3ibiq.
787 1649 850 1698 dum
874 1651 982 1713 gentem
1008 1646 1147 1711 designari
1171 1645 1201 1694 in
1224 1645 1327 1710 campis
1366 1697 1371 1710 ,

194 1719 331 1780 Eustatb„
344 1718 496 1783 neplura.“
511 1719 553 1770 Cr.
572 1710 737 1782 decucurri·
786 1718 821 1768 ab
850 1717 938 1768 Araxe
967 1716 1106 1782 superiore
1132 1715 1253 1780 irrigetis
1282 1731 1328 1779 pa·

196 1805 253 1851 ριοι
276 1793 360 1854 atque
376 1779 557 1852 ἀμπαύονττς
580 1789 626 1839 hic
644 1803 736 1838 omnes
786 1786 901 1848 lantem;
920 1801 1067 1852 quaecum
1085 1801 1139 1835 non
1158 1785 1228 1835 alius
1247 1789 1329 1850 etque

195 1859 273 1922 libri,
292 1859 338 1946 qui
355 1859 437 1910 iidem
456 1873 517 1922 cap.
532 1873 589 1925 seq.
609 1857 737 1909 exhibent
786 1857 914 1909 Persicae
926 1871 949 1908 s.
963 1856 1081 1906 Arianae
1096 1855 1189 1920 stirpis
1202 1855 1327 1920 primitus

194 1921 405 1990 democretius,
424 1926 497 1994 quod
509 1927 537 1976 iu
551 1920 736 1992 ἀμπαύεσθαι
787 1928 872 1978 fuisse
889 1925 1024 1988 rideatur,
1043 1925 1137 1976 ecdem
1156 1939 1264 1990 quoque
1281 1939 1329 1990 pa-

197 1999 258 2049 edd.
282 2002 431 2049 mutarunt.
474 1997 554 2048 Coui.
572 1998 689 2050 Bredov.
708 2013 735 2064 p.
787 2002 833 2048 cto
856 1994 986 2048 credibile
1010 2000 1066 2057 est,
1089 1993 1218 2045 babuisse
1241 2009 1329 2044 sacer-

196 2069 258 2119 215.
288 2069 330 2118 Ad
348 2066 574 2134 significationem
592 2067 668 2119 verbi
686 2068 738 2130 (re-
788 2069 883 2118 dotum
912 2066 1013 2116 tribum
1042 2064 1191 2130 quandam,
1222 2063 1328 2129 qualem

197 2137 335 2203 quiescere)
360 2137 431 2188 conf.
455 2137 598 2189 Fritascbe
620 2137 656 2190 ad
679 2139 736 2188 Ari·
788 2139 884 2202 Magos
898 2137 982 2186 ferme
997 2134 1158 2200 atquealios
1176 2133 1328 2199 epudaliaa
1405 2191 1409 2200 ¹

197 2207 287 2271 steph.
311 2208 379 2257 Rau.
410 2206 467 2258 113.
493 2237 528 2247 -
555 2209 597 2259 De
629 2197 673 2257 ὅτι
700 2199 737 2273 μὴ
788 2209 870 2258 Asiae
880 2205 1026 2271 superioris
1035 2203 1328 2255 nationesiuvenimus.

197 2275 271 2328 conf.
290 2277 325 2327 ad
342 2277 365 2340 I,
387 2276 428 2328 18.
788 2279 826 2329 Ut
839 2277 909 2327 enim
922 2275 1087 2337 existimem,
1105 2274 1265 2338 Chaldaeos,
1284 2289 1329 2324 ru-

231 2345 281 2395 καί
297 2339 328 2395 οἱ
345 2338 465 2410 τράπεζα
483 2343 653 2410 παρακέεται
671 2361 737 2410 χρυ·
788 2347 849 2397 dem
869 2351 951 2411 atque
971 2344 1101 2396 incultam
1123 2349 1246 2410 gentem,
1270 2349 1328 2395 turn

196 2413 254 2481 σέη]
275 2415 401 2466 Pluribus
418 2415 622 2466 mensamhanc
635 2415 737 2465 deseri·
788 2417 909 2479 demum,
932 2431 993 2466 cum
1011 2415 1120 2466 sedibus
1143 2414 1277 2480 prioribus
1300 2415 1329 2464 in

194 2487 237 2538 bit
258 2485 395 2538 Diodorus
419 2485 526 2537 Siculus
549 2485 586 2547 ΙΙ,
609 2484 635 2534 ll.
675 2485 737 2536 Iure
788 2487 854 2538 Asia
876 2486 1009 2551 superiori
1036 2484 1138 2535 relictis
1161 2484 1329 2548 Babylonem

196 2561 287 2608 autem
297 2555 349 2606 hoc
367 2555 402 2606 ad
413 2557 576 2618 lectisternia,
596 2555 666 2620 quie
683 2571 737 2604 nou
789 2561 978 2620 occupassent,
989 2555 1074 2605 sacris
1081 2553 1200 2605 colendis
1208 2559 1235 2604 et
1242 2559 1330 2604 astro-

196 2627 283 2678 selum
301 2626 430 2677 Romanis
453 2625 600 2677 Graecisve
622 2625 736 2688 usitata,
788 2627 895 2678 nomiae
913 2625 979 2692 (qua
994 2641 1043 2690 per
1066 2630 1153 2675 totum
1176 2623 1267 2674 orbem
1289 2639 1330 2673 ce-

195 2713 243 2764 per
260 2697 352 2748 Asiam
375 2709 497 2762 quoque,
522 2698 641 2745 testante
658 2711 737 2745 sacra
788 2695 887 2762 lebres)
906 2695 1051 2746 discendae
1070 2710 1098 2745 se
1117 2693 1236 2754 dedisse,
1261 2709 1330 2743 nun-

195 2768 343 2832 scripturs,
362 2766 537 2816 inveniuntur
549 2765 683 2815 communi
693 2779 738 2815 ve·
789 2783 869 2832 qnam
879 2781 896 2815 s
906 2782 948 2816 me
956 2766 1102 2829 impetrare
1112 2778 1230 2827 possum.
1242 2762 1330 2813 Palm-

195 2843 282 2888 terum
295 2835 416 2903 gentium
432 2851 464 2885 ex
477 2835 679 2900 superstitione,
698 2850 739 2884 re·
789 2836 903 2888 bladde
914 2837 969 2885 reb.
978 2832 1085 2897 Babyll.
1096 2849 1123 2897 p.
1135 2832 1169 2883 67
1182 2836 1293 2896 seqq.et
1302 2848 1329 2896 p.

196 2909 250 2958 fort
275 2923 292 2956 a
315 2907 362 2958 Gr.
393 2905 520 2956 laudatus
550 2905 681 2956 Gesenius
711 2905 739 2954 in
790 2906 983 2958 rochardceoe
994 2902 1092 2953 statuit
1105 2899 1330 2952 fuisseKeslritos.

196 2976 403 3028 Commentariis
422 2975 456 3024 ad
473 2975 556 3026 Iesai.
574 2979 595 3026 t.
615 2973 655 3026 11.
673 2989 737 3040 pag.
790 2977 831 3027 Ad
849 2975 977 3025 Asianum
992 2974 1103 3036 stirpem
1120 2985 1227 3035 quoque
1243 2969 1331 3020 Roeth

196 3049 248 3099 286
260 3045 333 3112 (οοΙΙ.
351 3045 403 3098 283
415 3045 484 3110 seq.)
504 3045 566 3098 335.
584 3045 645 3106 316,
662 3043 739 3094 testi·
790 3043 899 3111 (Gesch.
914 3045 941 3094 d.
955 3040 1111 3106 Philosoph.
1127 3041 1150 3091 1.
1165 3055 1192 3104 p.
1206 3039 1239 3088 ill
1253 3055 1329 3106 seqq.

195 3117 347 3182 moniisque
365 3131 503 3166 sacromm
522 3115 683 3180 scriptorum
696 3113 739 3162 lir-
790 3120 817 3166 et
835 3117 904 3163 nott.
923 3129 950 3178 p.
971 3111 1004 3162 23
1023 3109 1110 3177 seqq.)
1134 3109 1331 3160 Chaldaeorum

184 3191 267 3250 -met,
291 3187 337 3251 qui
360 3186 388 3235 in
406 3185 465 3236 Beli
488 3184 562 3235 cultu
585 3199 640 3234 non
656 3181 738 3234 semel
789 3183 872 3236 refert
898 3187 1019 3249 gentem,
1048 3182 1082 3231 ab
1105 3179 1225 3246 Assyriis
1250 3186 1332 3246 capta

196 3261 347 3306 memorant
374 3255 442 3305 haec
467 3254 640 3304 lectisternia
666 3253 739 3303 cibo·
789 3252 954 3317 Babylonia,
981 3253 1010 3302 in
1028 3251 1098 3301 benc
1120 3251 1207 3315 ipsam
1231 3255 1332 3301 terram

196 3341 309 3391 rumque
332 3329 478 3390 apparatus
502 3323 657 3388 splendidos
673 3321 738 3372 Eelo
790 3324 944 3374 traductam
968 3321 1003 3372 ad
1027 3321 1168 3386 imperium
1186 3320 1329 3370 tuendums

197 3395 314 3446 oblatos.
350 3392 739 3455 Add.Herod.I,183etMo·
790 3392 863 3459 quod
893 3391 1020 3456 deinceps
1048 3390 1084 3440 ad
1109 3405 1138 3439 se
1169 3389 1243 3454 ipsos
1271 3405 1333 3439 cum

197 3479 273 3516 vers:
293 3464 345 3514 Die
362 3463 493 3514 Phoenic.
511 3463 552 3516 11.
571 3477 597 3526 p.
620 3462 678 3511 127.
790 3461 995 3513 transtulissent
1003 3459 1141 3518 Chaldaei,
1154 3474 1186 3508 ex
1196 3459 1333 3524 hisBaby-

232 3525 272 3590 ὥς
291 3530 404 3597 λέγουσι
422 3529 453 3581 οἷ
468 3529 622 3589 Χαλδαῖοι,
646 3519 739 3584 ἐόντες
789 3533 879 3582 ioniae
895 3545 973 3596 reges
991 3530 1154 3580 exstiterunt
1175 3532 1203 3577 et
1221 3526 1287 3577 clari
1305 3532 1333 3578 et

195 3597 269 3666 ΐοὲἒς
291 3593 395 3652 τούτου
418 3599 470 3650 τοῦ
494 3597 579 3666 θεοῦ]
598 3600 641 3649 ΒΘ
662 3597 739 3649 Chul·
790 3603 889 3664 fortes,
914 3600 1000 3651 donec
1017 3614 1034 3648 a
1056 3597 1148 3648 Persis
1172 3595 1240 3646 duce
1261 3596 1332 3660 Cyro

196 3673 271 3722 dacis
290 3671 380 3721 dicere
398 3670 521 3736 longum,
549 3669 681 3718 sirarios
700 3668 739 3716 vi·
789 3672 971 3720 vincerentur.
1008 3669 1060 3731 Qui
1078 3666 1230 3731 nuperrime
1245 3667 1333 3716 debis

195 3757 286 3793 rorum
305 3741 445 3792 doctorum
469 3739 502 3790 tle
523 3739 566 3788 his
589 3738 738 3788 sententias
791 3739 941 3806 quaesivit,
973 3739 1014 3788 Io.
1046 3753 1063 3786 a
1093 3733 1233 3800 Gumpsch
1270 3733 1332 3796 (Die

195 3815 322 3863 excutere
339 3809 417 3862 velis.
454 3810 521 3872 Nos,
539 3807 649 3873 reliquis
663 3823 740 3872 prae·
791 3809 990 3874 Zeitreclennng
1008 3807 1035 3860 d.
1050 3806 1145 3869 Assyr.
1158 3819 1185 3855 n.
1196 3804 1331 3870 Babylon.

196 3881 345 3942 termissis,
376 3880 410 3928 iis
434 3879 605 3944 potissimum
630 3877 740 3928 insista—
791 3897 818 3946 p.
844 3879 875 3930 10
899 3875 996 3942 seqq),
1021 3874 1172 3926 Chaldaeos
1195 3889 1333 3940 nunquam

195 3967 270 4013 mus,
298 3965 368 4016 quae
390 3953 487 4000 nostra
509 3952 601 3999 aetate
622 3947 675 3996 riri
693 3947 740 3998 do·
792 3953 899 4015 gentem
923 3947 1007 3996 inisse
1033 3943 1187 4005 contendit,
1212 3943 1259 3993 sed
1286 3946 1333 3994 tri-

197 4019 325 4082 ctissimi,
346 4019 478 4070 Geseuius
497 4019 525 4067 in
543 4018 738 4068 Commenterr.
790 4019 855 4069 burn
868 4013 1075 4075 sacerdotalem,
1092 4028 1173 4079 equs
1182 4028 1260 4079 reges
1273 4029 1333 4078 pro-

197 4089 232 4140 ed
245 4089 328 4140 Iessi.
345 4092 367 4138 t.
380 4087 419 4138 11.
432 4103 496 4152 pag.
515 4087 566 4139 349
582 4102 658 4152 seqq.
675 4087 740 4136 etin
792 4088 903 4148 dierint,
921 4085 1036 4150 indeque
1049 4083 1117 4134 alios
1129 4097 1239 4147 prorsus
1254 4082 1334 4134 Chel-

196 4157 398 4222 Eucyclopaed.
415 4157 458 4208 ed.
477 4157 564 4207 Ersclr
582 4161 609 4206 et
625 4156 739 4207 (iruber.
792 4158 874 4208 daeos
890 4169 964 4216 esse,
982 4155 1029 4219 qui
1045 4153 1117 4203 inira
1131 4151 1193 4214 VII,
1210 4151 1244 4202 63
1263 4169 1333 4203 com-

197 4227 270 4278 Sect.
282 4228 305 4278 I.
316 4225 376 4277 Vol.
385 4227 457 4276 XVI.
472 4242 500 4291 p.
512 4227 563 4277 102
572 4241 658 4290 seqq,
670 4225 740 4275 Hee-
791 4229 984 4286 memorantem
1003 4227 1034 4273 tu
1051 4222 1106 4273 vid.
1126 4237 1195 4288 quae
1208 4221 1289 4271 retuli
1304 4223 1333 4272 iu

196 4311 254 4347 ren.
274 4294 405 4360 (IdeenI,
421 4297 447 4346 2.
462 4311 525 4361 pag.
545 4296 595 4346 152
613 4309 673 4360 sqq.
688 4293 739 4344 194
791 4295 902 4346 Iahrbb.
936 4294 956 4344 f.
985 4291 1083 4343 Philol.
1113 4306 1142 4341 u.
1172 4290 1331 4356 Paedagog.

197 4363 738 4436 sqq.),slii,quossdctssiamp.140seq.
790 4363 920 4418 LXVIII·
934 4377 961 4433 ρ.
979 4363 1030 4417 429
1047 4377 1104 4430 seq.
1129 4359 1267 4427 Quidquid
1278 4363 1334 4414 sis·

1365 4592 1405 4599 —
