3086 4952
606 275 732 336 OLIO.
755 277 780 335 l.
806 287 863 339 121.

1240 273 1300 334 255

168 447 271 536 λόγου
286 446 426 528 οὐδενός
445 447 611 536 γινόμεθα
625 447 707 538 πρός
718 451 895 538 Περσέων,
917 451 1028 528 ἐόντες
1049 451 1167 531 ξεῖνοι
1189 451 1245 517 σέο
1264 445 1298 516 δ’

123 568 153 620 61
167 554 367 632 ἐνεστεῶτος
387 554 558 644 βασιλέος,
581 551 692 632 ἐόντος
706 551 885 640 πολιήτεω,
907 554 962 624 καὶ
976 550 1121 642 άρχομεν
1139 549 1175 621 τό
1190 554 1299 640 μέρος,

171 657 227 722 καὶ
251 652 348 741 τιμὰς
370 651 451 740 πρὸς
472 657 528 722 σέο
550 653 695 742 μεγάλας
718 661 844 742 ἔχομεν.
887 654 974 724 οὕτω
998 647 1046 725 τόν
1068 655 1200 736 πάντας
1219 649 1301 743 ἡμῖν

171 760 228 824 σέο
242 783 277 824 τε
293 757 348 823 καὶ
363 761 420 844 τῆς
434 761 494 842 σής
509 753 609 846 ἀρχῆς
626 761 811 844 προοπτέον
827 761 905 826 ἐστί.
940 759 995 826 καὶ
1017 765 1081 828 νῦν
1102 764 1132 826 ελ
1152 757 1300 846 φοβερόν

172 886 203 925 τι
219 855 384 946 ὁρέομεν,
406 863 473 926 πᾶν
493 856 536 926 dv
550 881 603 928 σοι
623 859 890 949 προεφράζομεν·
916 868 981 930 νῦν
995 861 1031 929 dl
1046 859 1300 950 ἀποσκήψαντος

171 967 231 1030 τοῦ
252 965 416 1030 ἐνυπνίου
439 957 472 1040 ές
491 967 665 1051 φλαῦρον,
686 959 784 1031 αὐτοί
800 989 836 1030 τε
857 956 1046 1050 θαρσέομεν
1067 965 1123 1032 καὶ
1136 966 1189 1032 σοὶ
1203 967 1300 1051 ἕτερα

170 1071 308 1134 τοιαῦτα
322 1062 639 1153 παρακελευόμεθα·
667 1064 726 1134 τόν
751 1065 787 1134 δὲ
806 1070 910 1134 παῖδα
926 1071 1046 1135 τοῦτον
1059 1069 1092 1146 ἐξ
1112 1062 1299 1154 ὀφθαλμῶν

169 1165 363 1256 ἀπόπεμψαι
378 1171 410 1248 ές
421 1169 554 1254 Πέρσας
566 1171 602 1236 τε
616 1170 672 1236 καὶ
688 1165 765 1247 τοός
778 1171 1007 1256 γειναμένους.
1031 1165 1188 1246 Ἀκούσας
1197 1175 1298 1238 ταῦτα
1310 1172 1362 1230 121

170 1267 187 1338 ὁ
206 1268 389 1358 Ἀστυάγης
412 1271 512 1360 ἐχάρη
533 1299 568 1340 τε
590 1274 645 1340 καὶ
668 1274 808 1352 καλέσας
827 1269 886 1342 τόν
898 1277 1017 1361 Κῦρον
1037 1273 1134 1358 ἔλεγέ
1152 1275 1186 1339 οἱ
1202 1271 1298 1339 τάδε·

165 1365 203 1444 Ὦ
226 1391 302 1460 παῖ,
330 1375 367 1443 σέ
389 1371 452 1464 γὰρ
474 1373 540 1462 έγιό
563 1373 602 1444 δι’
624 1363 705 1458 ὄψιν
724 1372 860 1464 όνείρου
881 1372 922 1445 οὐ
941 1377 1059 1464 τελέην
1079 1371 1233 1463 ήὸίκεον,
1261 1379 1301 1464 τῇ

170 1471 320 1577 σεωυτοῦ
348 1477 385 1547 di
413 1485 513 1568 μοίρῃ
540 1486 681 1570 περίεις·
714 1484 779 1549 νῦν
806 1469 855 1548 άν
875 1489 926 1548 ter
947 1486 1075 1568 χαίρων
1099 1475 1132 1558 ές
1155 1479 1299 1566 Πέρσας,

205 1674 251 1728 σέο
274 1669 302 1726 δ’
329 1669 541 1738 ἐνεστεῶτος
567 1674 707 1747 βασιλέος]

170 1737 300 1804 ένεστεώς
317 1748 350 1796 de
374 1762 436 1812 rege
456 1749 534 1814 quusi
551 1749 590 1816 τῷ
606 1741 707 1815 θρόνιμ

169 1807 298 1873 ἐνεστειός
315 1817 384 1879 dici,
403 1833 435 1867 ex
454 1818 578 1869 hocloco
596 1825 709 1868 annota-

169 1885 210 1934 vit
228 1885 359 1938 Valcken.
374 1885 408 1936 ed
427 1888 478 1950 111,
497 1888 540 1939 66.
578 1889 631 1940 Sed
648 1904 710 1953 pos-

141 2021 150 2029 ·
170 1955 207 2004 sis
226 1971 332 2020 quoque
352 1971 412 2006 eum
424 1957 574 2024 Selrweigh.
593 1950 710 2014 ἐνεστώς

171 2025 292 2090 accipere
311 2041 342 2076 eo
360 2041 450 2090 sensu,
469 2043 522 2092 quo
533 2018 709 2092 κατεστηκὼς

170 2093 214 2143 vel
238 2083 305 2156 aiv,
326 2111 485 2160 quemquem
516 2096 709 2148 Valckenariu-

170 2179 234 2214 rrum
254 2165 384 2214 rationem
407 2171 434 2214 et
458 2167 654 2217 accuratiorem
681 2169 709 2215 et

172 2233 374 2296 exquisitiorem
383 2235 465 2286 videri
475 2253 528 2286 nou
537 2252 616 2302 nego,
628 2237 709 2288 Gree-

173 2317 233 2351 cum
245 2303 329 2352 totius
343 2306 471 2356 orationis
489 2305 606 2357 colorem
623 2307 651 2356 iu
665 2305 707 2356 his

172 2387 278 2436 quoque
297 2371 419 2438 adverte,
446 2375 517 2441 quod
535 2377 635 2426 Noster
650 2377 708 2426 Ms—

761 1680 860 1730 ctiouis
877 1681 1013 1745 exemple;
1033 1698 1065 1731 ex
1083 1681 1223 1729 Herodoto
1242 1679 1300 1730 luu-

761 1751 809 1799 dat
827 1749 996 1812 1,1tt1.207.
1017 1751 1054 1813 ΙΙ,
1067 1751 1093 1800 5.
1108 1750 1167 1800 156.
1187 1749 1241 1811 111,
1257 1750 1297 1800 1³.

760 1822 804 1870 47.
827 1819 1036 1883 79.vl1,eoo.
1075 1820 1107 1868 In
1131 1835 1207 1884 seqq.
1232 1811 1301 1874 roric

760 1883 944 1952 γειναμένους
967 1895 994 1938 et
1016 1891 1044 1940 h.
1068 1890 1087 1938 l.
1113 1895 1139 1937 et
1165 1904 1223 1952 cap.
1251 1887 1316 1937 1⁶22·

761 1958 830 2006 dixit
849 1965 980 2021 parentes.
1024 1957 1128 2008 Similis
1155 1957 1234 2006 offert
1258 1957 1300 2006 le·

760 2028 825 2078 eobs
844 2029 879 2077 od
893 2029 1017 2078 Prooem.
1037 2027 1143 2078 Aeliani
1162 2027 1195 2076 de
1212 2027 1246 2075 N.
1265 2027 1297 2076 Α.

759 2114 786 2163 p.
806 2097 831 2147 1.
849 2097 975 2148 Kuehner
994 2101 1041 2150 Gr.
1062 2098 1107 2148 Gr.
1127 2100 1152 2159 §-
1169 2098 1230 2148 474.

938 2271 1003 2321 Cer.
1025 2270 1120 2320 CXXI.

794 2363 834 2421 δι’
857 2363 928 2434 ὄψιν
957 2365 1071 2437 ὀνείρου
1101 2363 1140 2421 oti
1169 2367 1297 2438 τελέην]

169 2457 219 2506 gos
237 2443 384 2508 Astyagem
408 2460 512 2508 regem,
544 2446 707 2497 Graecorum
757 2443 777 2492 i.
796 2458 819 2492 e.
843 2451 952 2506 propter
972 2447 1058 2494 somnii
1079 2447 1154 2493 οιίιιιιι
1176 2459 1297 2506 υιιιιιιιιι,

137 2533 143 2542 ·
169 2527 236 2588 sape
257 2528 344 2576 more,
368 2513 536 2578 appellantes
560 2516 627 2564 lecit
655 2529 707 2562 πο-

168 2579 284 2645 λιητην,
311 2583 329 2632 i.
362 2599 384 2632 e.
412 2583 512 2646 civem,
542 2584 707 2650 popularem,

168 2665 250 2714 quum
276 2651 397 2702 eiusdem
423 2651 566 2720 (Medicue)
594 2655 630 2703 sit
649 2654 709 2702 stir-

168 2721 225 2784 pis,
244 2721 343 2786 Cyrum
361 2737 425 2771 vero
436 2723 561 2785 Persam,
579 2729 709 2787 tauquam

170 2789 239 2839 alius
259 2791 379 2840 ustionis
397 2791 498 2854 virum,
519 2789 622 2856 ξεῖνον,
645 2793 664 2842 ἰ.
684 2807 707 2842 e.

169 2861 350 2924 peregrinum,
362 2865 528 2912 extraneum.
540 2892 576 2902 -
586 2863 619 2912 Iu
631 2876 707 2926 seqq.

170 2945 231 2978 eum
253 2930 370 3009 quedov.
396 2947 422 2996 p.
447 2931 498 2984 313
530 2936 556 2982 et
581 2931 708 2982 Diudorf.

171 2997 242 3048 edidi
261 2993 386 3062 ωρέομεν
408 3017 456 3065 pro
477 3001 550 3066 vulg.
570 2989 708 3064 ἕυροόμεν,

170 3083 251 3133 quam
261 3068 376 3118 Dietsch
389 3071 505 3120 mutavit
522 3071 550 3120 in
562 3059 708 3133 έωρέομεν.

169 3137 256 3187 Paulo
279 3141 341 3202 post
361 3139 434 3189 velet
462 3129 708 3203 ἀποσκήπτειν

170 3207 240 3256 idem
265 3208 320 3258 sere
344 3207 415 3272 quod
440 3199 619 3274 ἐξέρχεοθαι,
647 3198 709 3271 ἐξή-

170 3290 232 3325 κειν
250 3276 282 3327 de
301 3277 448 3340 insomnio,
468 3277 539 3344 quod
554 3277 653 3328 exitum
670 3277 709 3326 in·

170 3346 246 3395 venit
269 3361 291 3396 s.
312 3345 450 3410 expletur,
473 3347 513 3397 ita
534 3351 565 3396 ut
582 3337 709 3410 ἀποσκή-

171 3427 253 3463 πτειν
283 3408 311 3472 ές
340 3413 500 3479 φλαῦρον
530 3415 618 3480 (euius
648 3414 708 3465 loeo

170 3483 240 3533 male
260 3484 368 3548 quidum
385 3483 447 3535 libri
463 3483 586 3549 φαῦλον,
605 3485 638 3534 de
655 3499 707 3550 quo

170 3553 206 3603 οἰ.
224 3553 340 3603 Bredov.
361 3570 386 3619 p.
402 3554 435 3606 34
453 3557 524 3620 seq.)
543 3555 592 3604 sit:
617 3556 641 3602 ιἰι
657 3570 708 3604 rem

170 3623 261 3673 nudius
277 3625 388 3674 momenti
404 3639 426 3675 s.
440 3629 554 3690 exspirem
568 3626 649 3684 exire,
668 3639 708 3672 ce-

171 3693 241 3742 dere.
254 3691 344 3774 'Confi
358 3709 428 3759 quae
439 3693 473 3744 ud
485 3694 591 3744 initium
608 3692 708 3757 eapitis

171 3776 332 3812 monuimus.

205 3825 253 3879 καλ
272 3825 317 3879 eol
338 3823 438 3894 ἕτερα
457 3827 601 3880 τοιαῦτα
619 3843 709 3891 παρα-

169 3891 357 3966 κελευόμεθα]
365 3893 444 3961 ἕτερα
453 3896 570 3948 τοιαῦτα
580 3903 643 3948 sunt
657 3900 709 3948 alia

171 3969 243 4028 talia,
261 3969 280 4019 i.
295 3983 318 4018 e.
337 3969 435 4032 εἰπάλίο,
453 3974 480 4018 et
499 3969 621 4019 adverbii
633 3972 709 4032 pote·

172 4041 257 4086 stete:
272 4039 394 4090 similiter.
429 4037 501 4088 Hine
515 4053 574 4088 cum
585 4037 711 4102 Wytten-

171 4105 268 4156 bachio
297 4106 324 4155 iu
349 4105 462 4157 Seleett.
482 4107 621 4156 historico.
645 4119 709 4170 peg.

171 4173 222 4226 362
240 4175 372 4225 vertimus
389 4175 417 4226 h.
436 4175 469 4224 l.r
489 4183 533 4239 „er
549 4177 598 4238 ι’μιι·
609 4175 711 4236 confidi·-

170 4258 223 4294 ιιιιιι
240 4251 265 4294 et
283 4251 308 4294 te
331 4247 387 4294 item
409 4243 534 4308 confidere
554 4241 711 4292 lrortumur.“

173 4309 226 4374 Qut
244 4311 314 4362 idem
335 4313 377 4362 vir
394 4313 449 4362 elie
462 4311 568 4386 exultet
579 4309 659 4360 tutus
673 4309 712 4360 di·

759 2528 781 2563 s.
799 2513 885 2578 magis
904 2512 1072 2563 adverbum:
1093 2528 1140 2562 ιιοιι
1151 2513 1297 2575 perseotrmr,

759 2583 826 2646 quod
852 2598 898 2632 ιιοιι
926 2585 1027 2646 expleri
1050 2581 1147 2639 debuit,⁸
1177 2597 1206 2631 eo
1233 2579 1300 2645 ηιιοιέ

758 2668 805 2701 non
816 2653 966 2715 perfectum,
984 2669 1071 2701 οοιιιοιι
1083 2659 1149 2702 erat.
1181 2649 1298 2699 Contere

760 2721 882 2786 equidem
905 2721 1029 2786 Aeschyl.
1062 2721 1090 2771 S.
1121 2736 1145 2769 c.
1170 2719 1222 2768 Th.
1246 2718 1298 2768 832

760 2790 802 2840 ed.
818 2789 917 2844 Blomf.
939 2778 960 2839 oi
979 2786 1096 2853 μέλαινα
1114 2784 1161 2838 καὶ
1179 2787 1299 2836 τελειά

759 2890 794 2898 -
817 2851 898 2922 Ἀρά.
948 2860 1011 2908 Mox
1047 2857 1202 2922 scripsimus
1238 2871 1298 2905 cum

760 2927 911 2994 Schweigh.
942 2933 969 2977 et
992 2926 1078 2977 Geisf.
1106 2923 1213 2986 περίεις
1239 2923 1298 2988 (pro

759 2997 887 3065 περιείς),
900 3001 930 3045 ut
945 2997 1015 3044 infra
1028 2997 1050 3056 1,
1068 2997 1126 3046 124.
1159 2992 1221 3042 Vid.
1234 2993 1299 3042 Bre-

760 3067 822 3118 dov.
836 3083 863 3132 p.
878 3065 938 3117 403.
955 3096 987 3104 -
1006 3064 1047 3113 De
1061 3055 1129 3128 γάρ,
1149 3061 1221 3126 quod
1240 3078 1298 3111 ora-

760 3137 860 3188 tionem
883 3135 990 3199 incipit,
1015 3133 1087 3184 cons.
1111 3147 1193 3196 supra
1214 3132 1248 3182 ed
1273 3131 1297 3194 1,

759 3207 784 3257 s.
807 3208 850 3256 24.
886 3204 1012 3255 Refertur
1029 3202 1152 3256 euim.ed
1169 3201 1207 3264 id,
1226 3201 1298 3267 quod

760 3277 894 3393 sequippn
921 3275 960 3392 spe
983 3273 1011 3324 h.
1034 3273 1053 3323 l.
1080 3272 1115 3323 ed
1137 3271 1220 3322 verba
1243 3267 1298 3320 νόν

761 3360 805 3393 αν
867 3360 876 3392 ι
896 3357 931 3406 γα
947 3358 1013 3405 ρων.

796 3409 849 3462 νῦν
867 3398 908 3461 όν
926 3409 971 3460 ἴθι
989 3407 1130 3474 χαίρων]
1151 3409 1169 3460 i.
1190 3427 1214 3461 e.
1233 3423 1297 3457 nune

758 3483 835 3548 ι’ρὶλιιν
855 3479 909 3538 abi,
933 3487 1061 3530 contentus
1084 3488 1128 3528 ιιιο
1147 3487 1229 3541 sorte,
1253 3479 1297 3525 ιἰιι-

758 3555 835 3602 munis
857 3550 934 3600 omnis
955 3549 1038 3598 damni
1060 3549 1175 3612 malique.
1216 3544 1296 3596 Conl.

759 3621 792 3671 de
811 3618 918 3686 χαίρων
933 3619 1082 3668 Hermann.
1106 3616 1140 3666 ed
1157 3616 1249 3679 Vigor.
1270 3629 1295 3678 p.

759 3689 810 3742 766
825 3705 882 3754 seq.
918 3688 982 3738 Mox
1001 3689 1028 3735 iu
1046 3687 1136 3736 verbis
1155 3676 1248 3734 ἐλθών
1265 3677 1297 3730 δὲ

760 3750 843 3820 ἐκεῖ,
872 3773 940 3822 quae
964 3755 1044 3806 simili
1068 3755 1147 3804 ruodo
1170 3753 1297 3818 leguntur

759 3827 787 3889 I,
806 3829 865 3878 ²07.
875 3866 881 3890 ,
907 3825 1031 3876 voculam
1051 3813 1111 3872 ἐκεῖ
1123 3824 1163 3872 ito
1179 3823 1294 3888 positum

759 3897 938 3955 advertimus,
968 3899 999 3943 ut
1031 3891 1099 3942 alies
1131 3883 1231 3942 ἐκεῖσει
1263 3892 1296 3941 de

759 3981 811 4031 quo
831 3965 903 4016 conf.
923 3963 1050 4014 Kuehuer
1067 3962 1112 4012 Gr.
1126 3961 1173 4012 Gr.
1190 3964 1215 4024 §.
1234 3962 1294 4012 571.

760 4040 818 4086 not.
833 4033 859 4084 3.
887 4035 929 4084 Tu
947 4033 1003 4082 vid.
1022 4031 1103 4081 etiem
1120 4029 1221 4081 Herod.
1234 4030 1295 4092 VII,

763 4105 811 4154 147
829 4103 920 4168 ibique
936 4107 1006 4152 nott.
1024 4131 1059 4140 -
1079 4101 1111 4150 Iu
1129 4099 1182 4150 line
1199 4101 1297 4163 cupitis

761 4173 856 4223 verbe:
875 4163 910 4221 οὗ
927 4163 999 4220 κατὰ
1007 4163 1196 4233 Μιτραδάτην
1208 4183 1236 4218 τε
1248 4162 1299 4218 τόν

761 4233 901 4308 βουκόλον
924 4235 971 4290 καλ
995 4233 1048 4304 τὴν
1064 4241 1185 4302 γυναῖκα
1208 4227 1299 4288 αὐτοῦ

762 4311 874 4360 sonent:
899 4321 946 4358 ιιοιι
964 4307 1017 4360 eius
1035 4305 1180 4357 conditionis
1195 4321 1226 4354 ιιι
1241 4305 1297 4368 loer',
