3064 4940
228 310 287 376 118
661 311 927 376 HERODO'I'I

227 486 265 559 ἐν
284 492 419 579 Πίνόμ,
442 481 627 556 Μακεδνὸν
644 484 859 575 καλεόμενον.
888 482 1051 558 ἐνθεῦτεν
1072 487 1110 556 δὲ
1131 477 1225 568 αὖτις
1247 483 1280 567 ἐς
1301 484 1366 575 τὴν

227 596 407 680 Δρυοπίδα
425 591 564 678 μετέβη,
586 590 642 658 καὶ
664 586 701 660 ἐκ
722 594 780 680 τῆς
800 596 994 678 Δρυοπίδος
1015 587 1120 672 οὕτως
1140 589 1174 672 ἐς
1188 586 1359 661 Πελοπόν-

228 717 333 785 νησον
351 691 470 780 ἐλθόν,
491 690 650 782 Δωρικόν
670 691 809 784 ἐκλήθη.

181 803 221 863 57
296 794 459 867 Ἥνιτινα
482 796 519 866 δὲ
539 802 694 884 γλῶσσαν
712 803 808 868 ίεσαυ
827 800 862 868 oi
880 798 1067 886 Πελασγοὶ,
1095 795 1158 866 οὐκ
1178 803 1241 886 ἔχω
1263 795 1359 886 ἀτρε-

227 905 311 983 κέως
326 900 426 971 εἶναι.
456 907 486 970 εί
506 900 543 970 δὲ
562 899 670 991 χρεῶν
689 899 758 972 ἐστι
781 901 1043 992 τεκμαιρόμενον
1063 905 1173 990 λέγειν
1193 917 1278 971 τοῖσι
1297 907 1362 972 νῦν

227 1013 275 1078 ἔτι
303 1002 395 1076 ἐοῦσι
415 1011 617 1092 Πελασγῶν,
645 1012 713 1076 τῶν
736 1000 822 1086 ὑπὲρ

227 1191 291 1242 pag.
310 1173 345 1224 98
363 1189 419 1239 seq.
447 1173 542 1238 Neque
561 1173 633 1223 enim
647 1173 767 1225 dubitari

225 1261 307 1312 posse
326 1243 455 1306 ostendit,
473 1243 538 1308 quin
555 1243 728 1309 Macedones,
746 1245 765 1296 i.

227 1331 251 1368 e.
270 1319 298 1366 et
316 1329 404 1380 reges,
424 1319 451 1363 et
474 1317 548 1364 certa
569 1316 703 1378 quaedam
721 1331 767 1380 po-

226 1385 283 1452 puli
311 1385 398 1450 portio
420 1385 494 1448 ipsa,
518 1381 554 1433 ad
576 1385 663 1434 Dores
686 1385 767 1449 perti·

226 1455 344 1506 nuerint.
363 1455 458 1520 Neque
475 1453 555 1503 aliter
574 1454 661 1504 visum
680 1460 722 1504 est
735 1455 766 1505 Ο.

226 1527 262 1576 H.
270 1524 458 1576 Lachmanno:
470 1523 769 1588 DieSparten.Staats·

226 1594 389 1658 verfassnng
412 1597 464 1644 etc.
487 1609 551 1658 pag.
571 1593 625 1657 tte,
643 1595 689 1660 qni
708 1593 770 1644 inde

226 1681 243 1716 a
260 1680 325 1730 pag.
343 1663 377 1715 89
396 1663 424 1714 in
439 1663 572 1714 Herodoti
585 1664 768 1715 narrationem

226 1735 261 1786 de
278 1733 485 1800 migrationibus
496 1734 614 1784 Doricae
627 1735 716 1799 gentis
730 1735 769 1784 in-

226 1804 348 1871 quisivit.
367 1803 437 1856 Add.
455 1803 548 1854 Plass:
565 1804 632 1854 Vor-
649 1805 703 1855 und
717 1805 768 1856 Ur-

226 1874 318 1942 gescb.
338 1873 365 1925 d.
384 1871 456 1926 Heli.
475 1889 539 1938 pag.
558 1871 601 1926 33.

261 1934 397 1994 ἐνθεῦτεν
412 1935 443 1994 δὲ
462 1929 541 2000 αὖτις
560 1933 587 2001 ἔς
605 1934 657 2008 τὴν
675 1945 766 2007 Δρυο-

225 2011 297 2064 πίδα
315 2009 425 2079 μετέβη]
444 2013 546 2076 Doroa,
565 2013 612 2064 nbi
635 2014 767 2064 frustrata

225 2084 405 2150 expeditione,
420 2097 501 2148 qnam
513 2083 768 2148 inPelcponneeum

225 2153 309 2220 Hyllo
337 2155 405 2204 duce
433 2157 623 2218 susceperant,
651 2154 768 2220 regressi

226 2229 313 2286 erant,
327 2229 426 2275 terram
442 2239 518 2274 susm
537 2224 649 2274 tradunt
667 2225 702 2274 ab
715 2226 768 2274 He-

227 2295 321 2346 stiaeis
342 2293 549 2346 Euhoeensibus
580 2295 638 2343 sive
663 2309 680 2344 a
706 2295 769 2344 Per-

226 2365 334 2415 rhaebis
345 2369 506 2430 occupatam
518 2364 669 2424 invenisse3
685 2379 769 2430 quare

226 2433 289 2486 hine
307 2435 443 2500 proiectos
456 2435 491 2484 ad
506 2433 681 2500 Dryopidem,
700 2449 770 2498 quae

226 2505 261 2556 ab
273 2505 343 2558 Oeta
360 2504 497 2556 meridiem
514 2519 609 2554 versus
627 2505 681 2554 sita
700 2507 768 2566 erat,

226 2591 256 2626 se
274 2576 441 2626 convertisse
458 2573 589 2638 sedesque
604 2589 689 2623 novas
706 2588 769 2622 con-

226 2645 328 2696 didisse
345 2645 468 2710 adeoque
492 2643 545 2709 ipsi
566 2643 670 2708 regioni
692 2643 767 2692 Dori-

226 2716 267 2767 dis
283 2731 379 2767 nomen
395 2714 565 2780 imposuisse.
583 2712 668 2764 Plura
679 2713 712 2763 de
725 2711 767 2762 his

225 2786 308 2838 Beck.
333 2784 433 2836 Anleit.
458 2801 482 2834 n.
507 2781 671 2848 Waltgesch.
696 2781 718 2831 1.
738 2797 765 2846 p.

226 2856 287 2908 826.
307 2857 348 2906 De
360 2856 420 2920 ipsa
434 2854 486 2904 hac
504 2857 585 2916 terra,
605 2867 674 2917 quae
692 2849 766 2916 prius

225 2927 350 2992 Dryopis,
376 2929 472 2990 postea
494 2923 571 2972 Dorr's
593 2926 635 2971 est
658 2925 766 2982 vocata,

225 2995 368 3060 primarius
385 2993 478 3044 Nostri
491 2991 590 3056 legitur
603 2991 679 3042 loeus
688 2990 766 3054 VIII,

226 3065 269 3116 31.
294 3062 354 3113 coll.
379 3063 422 3113 13.
454 3063 544 3126 Atque
569 3060 650 3110 etiam
677 3059 708 3112 O.
733 3060 765 3111 Ο.

224 3132 347 3183 Mueller.
367 3129 457 3194 (Dorr.
474 3131 497 3182 1.
510 3145 536 3194 p.
555 3128 768 3196 35-41)mu1ts

225 3201 356 3265 disputat,
375 3201 472 3264 quibus
491 3205 703 3250 commonstrare
712 3205 769 3250 stu-

225 3270 300 3332 deat,
324 3271 410 3320 Dores
433 3270 535 3321 sensim
558 3270 711 3336 sensimque
735 3287 767 3322 ex

224 3339 405 3392 Histiaeotide
411 3339 507 3391 Oetam
518 3355 613 3390 versus
624 3341 765 3406 migrasse,

225 3410 253 3460 in
278 3411 354 3462 cuins
376 3411 501 3462 extremis
526 3409 694 3461 convallibus
714 3411 767 3476 pri-

225 3495 297 3532 murn
327 3479 404 3532 sedes
436 3480 570 3546 ceperint,
596 3480 659 3531 dein
679 3482 766 3547 magis

224 3551 390 3602 maritimam
415 3567 490 3602 oram
511 3565 606 3600 versus
630 3551 768 3616 progressi

224 3621 267 3672 vel
287 3619 557 3688 snpraDryopidern;
576 3620 617 3670 ita
632 3625 663 3670 ut
681 3621 767 3672 omnis

225 3707 292 3758 gens
310 3692 410 3743 sensim
434 3693 468 3744 ed
492 3705 538 3741 eas
559 3690 684 3756 regiones
707 3707 767 3756 per-

224 3763 339 3825 venerit,
355 3777 467 3826 quarum
479 3765 571 3828 partes
588 3760 709 3826 singulas
725 3759 768 3811 vel

225 3835 306 3884 antea
324 3832 469 3882 tenuerint.
493 3833 564 3882 Utut
586 3831 698 3892 statuis,
716 3831 768 3882 hoc

226 3907 328 3952 certum
347 3901 464 3964 videtur,
484 3900 650 3965 Dryopidem
668 3905 769 3952 terram
796 3937 799 3944 .

225 3971 312 4022 Dores
335 3970 502 4036 aliquamdiu
532 3971 652 4020 tenuisse
682 3975 709 4020 et
735 3985 768 4022 ex

226 4055 260 4092 ea
275 4041 303 4090 in
321 4040 538 4107 Peloponnesum
555 4040 675 4092 irruisse.
704 4040 767 4092 Vid.

225 4110 310 4162 Beck.
329 4110 347 4162 l.
366 4110 383 4161 l.
399 4127 462 4177 pag.
480 4111 542 4162 898.
558 4137 598 4188 -η
605 4111 659 4162 Pro
678 4100 769 4166 οὕτως

225 4181 341 4232 Bredov.
352 4197 377 4246 p.
390 4181 439 4233 112
452 4179 556 4232 mavult
563 4194 647 4230 ουτω.
660 4179 702 4232 Gi.
711 4181 733 4243 Ι,
741 4181 767 4232 5.

408 4299 475 4352 Car.
494 4297 583 4350 LVII.

261 4373 315 4437 υόκ
339 4380 393 4453 ἔχω
410 4416 445 4426 -
462 4376 575 4454 εἷται]
600 4382 713 4435 Plurimi
735 4383 767 4434 li-

809 1085 815 1096 ,
848 1009 1030 1095 Τυρσηνῶν
1050 1011 1237 1096 Κρηστῶνα
1264 1005 1362 1076 πόλιν

818 1175 859 1226 bri
879 1176 974 1241 scripti
991 1167 1092 1225 εἰπεῖν.
1114 1174 1176 1226 vid.
1196 1179 1266 1225 nott.
1286 1175 1321 1226 ad
1337 1175 1360 1236 1,

818 1243 860 1296 ill.
884 1251 911 1296 et
934 1246 978 1308 ll,
1002 1243 1036 1296 89
1057 1244 1119 1296 οο11.
1138 1245 1264 1295 Creuneri
1284 1245 1361 1295 Gorn-

819 1321 913 1366 mentt.
927 1314 1047 1366 Herodd.
1064 1331 1128 1381 pag.
1147 1316 1190 1367 81.
1205 1345 1239 1356 —-
1256 1315 1297 1364 De
1316 1313 1362 1362 da-

818 1386 885 1448 tivo,
905 1385 951 1451 qni
970 1383 1052 1436 verbo
1070 1383 1270 1446 τεκμαίρεσθαι
1294 1383 1362 1434 adii-

819 1456 897 1516 citur,
914 1454 985 1509 coui.
1005 1459 1074 1506 nott.
1095 1455 1129 1505 ed
1147 1455 1185 1517 11,
1207 1457 1231 1506 2.

853 1527 926 1576 τοῖσι
949 1521 1002 1574 νῦν
1031 1519 1070 1574 ἔτι
1098 1517 1175 1574 dorios
1198 1519 1360 1587 Πελασγῶν,

820 1591 877 1644 τῶν
910 1583 982 1660 ὑπὲρ
1015 1592 1172 1660 Τυρσηνῶν
1204 1590 1361 1659 Κρηστῶνα

820 1656 905 1714 πόλιν
928 1658 1083 1722 οἰκεόντων
1107 1680 1133 1716 κ.
1166 1679 1189 1712 τ.
1217 1663 1252 1732 λ.]
1274 1661 1361 1714 Valde

819 1733 988 1801 disceptetur
1008 1737 1079 1792 inter
1107 1735 1180 1786 viros
1209 1736 1305 1786 doctos
1327 1733 1361 1782 de

818 1805 965 1871 Tyrrhenis
984 1812 1067 1874 atque
1080 1807 1209 1871 crescone,
1225 1823 1257 1856 ae
1274 1819 1359 1884 nupeq

817 1876 1360 2014 11119.λλίλὶλῐῑῐλιλλαλὲ

818 2016 912 2066 Riedel
931 2017 971 2067 in:
991 2018 1099 2070 Archiv.
1127 2018 1146 2067 1.
1171 2017 1306 2080 Philolog.
1332 2029 1358 2063 n.

818 2085 975 2152 Peedegog.
1013 2087 1138 2152 (Jahrbb.
1172 2087 1192 2138 i.
1228 2085 1298 2136 Phil.
1331 2100 1358 2134 u.

818 2155 939 2220 Praedag.
957 2155 1065 2222 Suppli
1088 2157 1136 2206 IV.
1159 2173 1184 2221 p.
1210 2157 1259 2206 587
1283 2169 1359 2219 seqq.

819 2226 888 2274 Nam
899 2225 1024 2291 Dionysii
1036 2226 1221 2275 Halicarnass.
1235 2224 1358 2288 (Antiqq.

819 2295 923 2345 Romm.
943 2295 971 2356 1,
990 2295 1032 2346 26.
1057 2311 1083 2358 p.
1104 2295 1138 2344 119
1160 2294 1266 2352 Reislr.)
1286 2293 1361 2342 testi-

819 2364 909 2414 monio
928 2365 1051 2427 permoti,
1074 2363 1219 2428 Tyrrhenos
1236 2363 1263 2410 in
1282 2363 1361 2410 Etru·

819 2434 859 2484 ria
878 2433 1024 2498 urbemque
1040 2435 1170 2486 Cortonam
1184 2431 1229 2480 hic
1246 2429 1361 2490 intelligi

820 2502 929 2570 qnidam
963 2507 1096 2554 statuunt.
1137 2501 1199 2552 Vid.
1238 2499 1360 2563 inprimis

819 2571 949 2624 Niebuhr.
983 2573 1011 2622 in
1040 2572 1113 2622 Hist.
1144 2573 1220 2622 Rom.
1246 2569 1270 2620 Ι.
1295 2583 1358 2632 pag.

820 2643 853 2694 70
893 2643 936 2693 ed.
972 2657 1012 2707 pr.
1047 2641 1086 2706 (p.
1125 2640 1158 2692 37
1194 2639 1235 2690 ed.
1282 2635 1358 2702 sec).

820 2711 882 2774 Qui,
898 2712 921 2762 si
939 2712 967 2760 in
990 2711 1129 2762 Herodoto
1154 2711 1193 2760 ite
1215 2710 1359 2774 legeretur,

819 2780 1043 2848 quemadmodum
1057 2781 1129 2846 apud
1141 2779 1303 2845 Dionysium
1317 2795 1362 2829 ex-

818 2857 884 2914 stat,
903 2867 920 2901 a
936 2851 1042 2902 nemine
1065 2851 1184 2902 dubitari
1205 2865 1287 2916 posse
1306 2851 1361 2900 exi-

817 2922 921 2984 stimat,
949 2922 1013 2987 quin
1044 2925 1158 2986 uterque
1184 2937 1272 2972 rernm
1296 2921 1362 2971 scri-

818 2997 891 3058 ptor,
919 2995 946 3041 et
969 2991 1125 3042 Herodotus
1152 2996 1179 3041 et
1202 2991 1362 3041 Hellanicus

820 3059 884 3127 (quo
913 3065 983 3112 teste
1010 3062 1097 3112 utitur
1126 3053 1300 3126 Dionysinsl,
1329 3060 1362 3110 do

819 3147 874 3182 una
892 3133 1040 3198 eademqne
1059 3131 1125 3182 urbs
1139 3131 1266 3182 dixerint.
1285 3132 1363 3192 ροσε

819 3201 874 3252 alia
892 3202 980 3266 addit,
1002 3207 1060 3251 tum
1083 3203 1207 3253 convicia
1229 3201 1257 3251 in
1279 3201 1363 3250 libros

819 3272 953 3322 Herodoti
972 3287 1053 3322 manu
1071 3273 1189 3337 scriptos
1207 3287 1292 3337 prave
1306 3285 1363 3320 cor-

818 3346 927 3407 ruptos,
955 3347 1014 3392 tum
1041 3347 1202 3408 argumenta
1227 3340 1363 3391 subtiliter
1418 3397 1421 3404 Δ

806 3413 984 3478 excogitata,
995 3413 1092 3478 quibus
1105 3413 1262 3463 Crestonem
1277 3411 1363 3460 Hero·

820 3481 928 3533 doteam
964 3482 1077 3533 eandem
1113 3487 1194 3546 etque
1231 3481 1362 3530 Cortonam

819 3553 956 3618 Dionysii,
968 3553 1096 3603 Etruriae
1107 3551 1207 3610 urbem,
1219 3563 1279 3598 esse
1291 3562 1361 3596 com-

819 3623 929 3687 probet,
952 3637 985 3672 ea
1009 3621 1076 3671 talia
1101 3625 1176 3682 sunt,
1203 3622 1233 3666 ut
1256 3616 1302 3664 vix
1326 3615 1360 3676 ei,

820 3693 866 3756 qui
888 3693 946 3741 sine
974 3695 1172 3756 praeoccupato
1201 3685 1301 3736 indicio
1325 3681 1361 3734 ad

819 3761 891 3812 hunc
908 3760 997 3810 locum
1013 3759 1168 3818 accesserit,
1180 3755 1287 3821 placere
1299 3769 1360 3818 pos-

819 3831 884 3881 sint.
904 3831 961 3880 Nce
973 3845 1039 3878 sane
1051 3829 1211 3892 placuerunt
1221 3823 1360 3886 Muellero,

819 3898 943 3956 Riedelio
962 3895 990 3960 (l.
1010 3897 1029 3948 1.
1049 3914 1075 3962 p.
1094 3897 1145 3948 5th
1163 3894 1242 3960 seq),
1261 3893 1360 3960 Lepsio

820 3967 927 4032 (Ueher.
943 3965 986 4018 dis
1017 3965 1147 4032 Tyrrhen.
1172 3964 1301 4030 Pelasger
1332 3964 1361 4014 in

818 4039 911 4088 Πίσον.
938 4051 963 4099 p.
992 4033 1044 4098 181,
1066 4035 1135 4087 Geli.
1162 4034 1359 4102 (Topography

819 4105 849 4156 oi
871 4107 956 4158 Rome
979 4105 1033 4156 and
1061 4105 1097 4155 its
1131 4105 1245 4171 vicinity
1267 4105 1305 4157 Π.
1331 4121 1357 4170 p.

822 4175 902 4241 159),
919 4174 1115 4227 Middendorfio
1132 4175 1152 4230 1.
1163 4191 1246 4241 supra
1261 4175 1280 4228 l.
1295 4191 1358 4240 pag.

819 4245 853 4298 20
876 4259 962 4311 seqq,
988 4243 1057 4296 aliis.
1093 4245 1133 4298 Ac
1156 4245 1251 4298 mirum
1274 4245 1360 4294 videri

819 4315 967 4382 queat,qui
987 4303 1098 4378 isttum,
1116 4319 1147 4367 nt
1163 4315 1214 4366 hoe
1232 4314 1303 4376 loco,
1314 4314 1361 4366 uhi

819 4385 853 4436 de
872 4385 1004 4438 Graeciae
1021 4385 1148 4453 gentibus
1161 4385 1260 4436 Noster
1278 4383 1361 4436 disse·
