3058 4928
237 293 298 354 614
670 281 941 346 HERODOTI

239 461 488 552 ἐκκαθήραντες
506 459 543 528 di
560 455 667 546 αὐτὴν
684 460 741 527 καὶ
762 456 986 546 διηθήσαντες
1004 445 1374 550 ο1ομφοιαικηΐμ,αὖ-

238 595 289 648 τις
315 565 492 654 διηθέουσι
524 561 714 651 θυμιήμασι
738 561 994 650 τετριμμένοισι.
1049 565 1164 628 ἔπειτα
1187 555 1249 647 τήν
1267 554 1376 646 νηδὺν

240 735 311 786 iuter
335 747 399 783 osse
422 729 540 796 pectoris
567 732 594 778 et
617 743 680 778 osee
704 727 780 778 ilium
832 729 1007 795 purgatione,
1031 726 1150 778 elutione
1174 729 1202 776 et
1225 724 1376 774 extersione

239 802 420 854 interiectam.
444 825 478 836 -
502 797 575 848 Illud
597 797 780 859 memorabile,
833 798 888 848 alvi
903 798 1004 848 Noster
1021 796 1130 856 scribit,
1155 794 1264 844 minime
1282 793 1317 843 erl
1337 794 1375 842 in-

240 874 275 923 ab
289 870 429 923 Herodoto
447 868 725 918 unemteutummodo
742 867 781 916 in·
833 867 935 919 tostius
957 867 1032 932 ipss,
1064 865 1161 930 quibus
1186 865 1250 929 quid
1273 864 1375 913 saelum

242 942 371 992 cisionem
412 938 525 1002 agnosci
561 937 610 986 sub
644 943 782 987 coeterum
835 939 884 1000 sit,
904 931 1285 1002 postquamexemtaiucrint,
1302 947 1376 997 egre

241 1016 320 1077 parte
338 1010 454 1067 iactum3
472 1010 568 1056 contre
581 1005 607 1054 in
623 1007 732 1070 picture
749 1021 783 1054 ex
835 1007 895 1072 gius
915 1007 996 1055 docet
1007 1004 1152 1069 Porphyrii
1170 1002 1245 1052 locus
1264 1002 1297 1052 de
1315 1002 1376 1051 abs-

240 1079 358 1130 mumise
367 1075 506 1126 involucro
514 1075 636 1126 decumis
646 1075 783 1140 epndKir-
834 1078 884 1126 tin.
904 1091 949 1126 un.
968 1075 1016 1136 IV,
1035 1073 1130 1137 uuo).
1149 1090 1175 1138 p.
1192 1064 1243 1124 829
1261 1087 1318 1136 seq.
1332 1071 1375 1122 ed.

241 1149 317 1200 cher:
338 1146 405 1197 Oed.
424 1148 493 1210 Aeg.
512 1145 566 1196 ΙΙΙ.
583 1160 610 1210 μ.
626 1145 687 1208 51⁶2,
703 1159 784 1210 quarn
834 1146 934 1197 Rboer.
960 1143 1091 1209 singulari
1116 1159 1181 1194 cura
1205 1147 1341 1192 tractatus
1360 1157 1378 1190 e

242 1231 326 1283 nuper
341 1215 519 1266 exbibuerunt
532 1213 649 1264 editores
664 1213 785 1264 Winlrel-
835 1215 968 1266 Creuzero
985 1213 1004 1264 l.
1023 1213 1042 1266 l.
1056 1229 1118 1278 pag.
1137 1211 1169 1263 31
1187 1227 1244 1276 seq.
1271 1211 1376 1261 Iustam

242 1301 332 1337 menn.
351 1285 415 1334 hist.
430 1288 481 1334 nrt.
501 1284 523 1333 1.
538 1283 623 1334 tebni.
642 1286 667 1346 2,
687 1283 783 1332 incisio
834 1299 899 1335 vero
922 1282 1071 1334 Herodotsi
1098 1281 1151 1332 loci
1175 1281 1377 1346 interpretatio·

242 1357 272 1406 iit
287 1370 369 1420 supra
381 1352 546 1416 umbilicum,
559 1369 609 1403 nec
619 1353 706 1402 minus
718 1353 784 1417 Gry·
836 1370 905 1416 nem,
925 1367 1006 1418 quarn
1020 1352 1151 1414 dedimus,
1170 1350 1379 1416 Schweigbseu·

242 1425 321 1490 pbius
340 1424 467 1474 mumium
485 1421 738 1473 wratislaviensem
755 1422 784 1471 in
836 1440 896 1474 sero
920 1422 1062 1486 debemus,
1091 1422 1135 1472 cui
1164 1421 1246 1470 etiam
1270 1419 1378 1470 accedit

241 1495 315 1544 linea
337 1493 400 1543 ulba
422 1491 535 1542 incisum
556 1493 640 1542 refert
657 1507 722 1556 pag.
740 1493 783 1542 52.
835 1491 967 1544 Rusellini
987 1491 1006 1542 l.
1025 1492 1044 1542 l.

243 1565 320 1627 Quae
347 1563 370 1611 si
400 1561 544 1623 admittas,
573 1577 625 1626 quo
652 1560 785 1611 Herodoti
871 1553 1064 1626 διηθήσαντες
1081 1557 1151 1626 οἴτῳ
1170 1553 1338 1624 φοινιιηΐῳ]
1357 1559 1377 1607 i.

243 1633 306 1682 lidei
322 1630 514 1695 patrocineris,
538 1631 617 1680 binus
637 1630 784 1680 incisiones
837 1631 1161 1694 ε.τ1αιιιιιοιίιομιι1οιιο;
1187 1629 1215 1677 iu
1239 1643 1291 1693 quo
1317 1643 1378 1678 cnm

241 1703 271 1752 iu
289 1716 343 1751 uno
368 1699 514 1766 eodemque
539 1701 672 1750 cadavere
696 1701 785 1750 sectas
835 1704 935 1752 Nostro
954 1699 1035 1766 plene
1053 1699 1122 1749 iacit
1138 1697 1275 1748 Diodorus
1293 1697 1316 1758 Ι,
1331 1698 1375 1748 ill.

243 1770 342 1822 dixeris
360 1767 472 1820 necesse
489 1773 540 1820 est.
577 1769 614 1820 At
628 1785 693 1820 vero
709 1783 786 1834 pree·
836 1773 877 1822 De
900 1772 965 1820 vino
985 1786 1000 1819 e
1022 1769 1120 1835 pslmis
1141 1771 1239 1833 pereto
1262 1765 1378 1818 diximus

242 1839 345 1890 stetin
368 1839 456 1889 medio
479 1837 643 1904 relinquere,
666 1855 736 1905 quse
753 1854 785 1888 ex
837 1840 872 1892 ad
896 1841 919 1902 1,
944 1839 1002 1892 193.
1049 1839 1151 1904 Magna
1179 1835 1326 1901 palmarum
1349 1838 1378 1886 in

242 1907 438 1961 recentioribus
446 1909 577 1974 etpertim
588 1909 785 1960 fortussemsu-
836 1911 960 1974 Aegypto
983 1909 1036 1958 fuir
1058 1908 1150 1973 copis,
1176 1921 1263 1971 neque
1287 1910 1377 1957 temen

244 1979 348 2046 gonicis
369 1979 478 2027 mumiis
498 1979 667 2041 referuntur,
686 1983 713 2028 et
733 1979 785 2028 cir·
835 1977 1163 2044 illarumenpreestautia
1172 1981 1254 2039 etque
1265 1975 1291 2023 in
1302 1977 1378 2026 Ain.

243 2048 409 2112 cumspicere
418 2048 509 2112 potius
520 2063 663 2114 gemenas
676 2047 785 2098 ebee·
836 2049 918 2099 Plura
940 2048 1066 2098 Creuuer.
1089 2045 1108 2097 l.
1128 2045 1146 2094 l.
1184 2047 1301 2110 Magnus
1319 2045 1338 2094 l.
1358 2046 1377 2095 l.

242 2117 330 2168 boicis
349 2117 480 2180 sepulcris
504 2122 605 2167 erutas.
643 2117 732 2181 Atque
756 2117 785 2165 in
836 2135 862 2184 p.
875 2118 908 2168 32
927 2117 1058 2178 declaret,
1071 2116 1123 2164 hoe
1137 2115 1231 2164 vinum
1245 2114 1330 2164 inisse
1347 2114 1379 2164 li-

241 2189 277 2237 iis
292 2201 374 2235 unsm
386 2185 520 2235 duntaxat
534 2187 693 2235 incisionem
703 2185 785 2236 offen·
836 2203 946 2252 quorem
979 2187 1154 2251 spirituosum
1185 2199 1200 2234 e
1228 2181 1380 2248 pslmerum

245 2257 342 2305 derunt
359 2254 534 2319 Francogalli
546 2269 659 2319 eamque
675 2255 703 2303 in
721 2255 785 2303 sini·
836 2273 918 2307 succo
936 2260 1061 2321 paratum
1075 2253 1119 2304 vel
1137 2270 1152 2303 e
1171 2253 1304 2303 fructibus
1320 2253 1380 2304 dul-

245 2329 301 2374 stre
319 2323 440 2387 corporis
458 2329 536 2387 parte
555 2324 670 2386 iactum,
689 2327 720 2374 ut
744 2328 786 2372 cst
836 2327 912 2376 cibus
937 2323 1140 2375 iermcntstioni
1161 2322 1293 2373 subactis.
1336 2324 1379 2373 Tu

245 2391 317 2457 apud
329 2392 454 2453 Diodoa,
467 2392 632 2442 testantibus
648 2391 786 2443 Villoteeu
837 2393 1070 2446 coni.Dioscorid.
1081 2394 1114 2454 V,
1124 2391 1166 2453 20,
1177 2393 1232 2457 qui,
1245 2393 1379 2456 quomodo

244 2477 288 2526 ep.
303 2459 468 2525 Sylosontis
485 2462 558 2526 Secy
575 2462 610 2511 ad
622 2461 784 2513 Abdalletii.
837 2464 887 2515 boc
905 2465 997 2514 vinnm
1016 2462 1189 2522 conficiatur,
1207 2461 1320 2511 indicet.

243 2530 303 2581 Rel.
328 2529 361 2579 de
381 2529 452 2595 l’lig.
477 2535 541 2581 torn.
565 2529 588 2580 1.
616 2546 679 2596 pag.
702 2533 736 2582 20
758 2535 786 2582 et
871 2525 1033 2598 θυμιήμασι
1049 2527 1253 2596 τετριμμένοισι
1265 2545 1290 2579 ιι.
1303 2547 1326 2580 r.
1341 2531 1376 2594 1.]

244 2603 341 2664 Royer.
367 2601 394 2648 in
414 2599 550 2665 Descript.
570 2599 604 2649 de
628 2600 700 2666 l'Eg.
723 2601 784 2652 livr.
836 2603 960 2666 „Horum
988 2606 1139 2653 aromatum
1165 2603 1325 2664 proventum
1350 2601 1379 2648 iu

243 2671 278 2720 X.
297 2683 360 2734 pag.
379 2669 439 2720 215.
477 2671 596 2732 Quorum
611 2669 655 2719 bic
672 2671 786 2720 mumius
837 2672 939 2723 Arabia
956 2671 1142 2722 felicissimum
1160 2685 1194 2719 ee
1213 2668 1379 2734 percipiendi

244 2740 328 2789 etiem
346 2739 460 2804 reperit,
484 2755 553 2805 quae
575 2739 676 2789 nullum
696 2740 786 2791 incisi-
837 2741 945 2791 modum
970 2741 1030 2806 ipse
1049 2741 1151 2791 Noster
1174 2738 1304 2789 describit
1325 2738 1377 2800 lll,

245 2809 304 2859 onis
322 2808 466 2873 vestigium
483 2809 670 2859 exhiberent.“
689 2809 785 2860 Creuu.
842 2812 897 2862 107.
919 2810 979 2860 110.
1001 2810 1060 2861 lll.
1079 2839 1113 2850 -
1130 2809 1220 2872 Atque
1239 2807 1377 2859 Gmelinus

244 2877 302 2960 131.
332 2877 403 2928 Add.
422 2878 556 2928 Rosellini
577 2877 596 2928 l.
619 2877 636 2928 l.
660 2883 687 2928 et
710 2895 786 2944 prae·
837 2879 903 2944 (1.1.
922 2895 949 2946 p.
968 2879 1012 2944 18)
1031 2880 1060 2929 in
1078 2878 1120 2928 bie
1139 2877 1271 2928 Herodoti
1289 2877 1379 2958 verbis

244 2947 529 3080 tridentini
546 2947 784 3082 librilem]
837 2949 919 3078 iri
933 2946 1309 3068 illitibtrrint’r
1322 2961 1379 3065 rr:

244 3085 287 3135 Ad
305 3075 333 3146 ἐξ
352 3072 394 3133 cdv
415 3078 492 3135 siloe
516 3087 588 3137 coni.
613 3091 683 3137 nott.
708 3086 743 3136 ed
762 3086 785 3148 1,
836 3105 880 3138 coe
903 3088 1067 3138 cromaticos
1090 3085 1285 3150 odoratosque;
1309 3085 1377 3135 elte-

246 3153 305 3204 194.
325 3153 419 3203 sorita
436 3157 558 3206 ventrem
577 3157 685 3221 quidem
703 3160 730 3204 et
748 3154 786 3204 el·
837 3173 895 3208 rum
918 3156 982 3220 hoc,
1003 3157 1105 3206 ventris
1127 3170 1224 3205 cerum
1247 3171 1302 3206 non
1319 3170 1377 3219 per-

244 3238 307 3272 vum
331 3222 481 3289 siguificat,
505 3225 621 3290 indeque
643 3225 724 3275 etism
747 3226 787 3274 in·
837 3227 927 3276 lusum
942 3241 1002 3276 esse
1020 3226 1135 3276 materie
1150 3223 1309 3286 condiente,
1329 3221 1377 3273 sed

244 3293 356 3354 testins,
369 3293 703 3358 queeelvocontinentur.
732 3294 785 3345 Sed
835 3297 993 3347 sedulissima
1012 3311 1063 3359 per
1089 3297 1167 3344 colum
1190 3294 1249 3344 sire
1270 3294 1378 3343 eribrrun

244 3376 313 3411 esve
324 3361 419 3413 credas
432 3363 567 3414 Herodoti
581 3379 641 3414 eam
654 3379 713 3414 esse
726 3380 786 3414 sen·
836 3367 943 3428 traiecto
960 3367 1014 3416 eius
1029 3367 1132 3428 pelvem
1150 3367 1284 3426 repletum:
1306 3363 1378 3427 quod

244 3431 372 3495 tentiam,
398 3447 430 3482 uc
453 3433 477 3482 si
500 3434 647 3496 intestine,
673 3441 705 3483 ex
723 3433 785 3484 alvo
837 3434 922 3485 intelli
943 3440 1005 3484 etur
1023 3451 1038 3484 e
1056 3433 1146 3484 verbis
1161 3422 1323 3496 θυμιήμασι
1335 3445 1379 3480 τε·

245 3505 364 3563 exemto,
380 3501 442 3552 dein
453 3507 570 3568 purgate
582 3519 614 3553 ac
625 3503 691 3552 vino
702 3502 784 3563 eluta,
835 3516 1011 3568 τριμμεοοισι
1020 3509 1047 3554 et
1059 3499 1250 3566 τετριμμένης.
1269 3503 1311 3551 De
1319 3501 1379 3551 ber-

245 3585 338 3622 rursus
362 3571 390 3620 in
414 3572 534 3622 cavitate
559 3573 662 3622 ventris
685 3573 786 3622 fuerint
835 3575 930 3624 barum
949 3577 1038 3624 eutem
1053 3570 1282 3638 pulverscogitet
1297 3571 1380 3620 etiam

245 3641 380 3706 reposita,
404 3645 485 3705 prout
509 3641 561 3690 riri
583 3642 693 3706 quidum
712 3641 786 3692 docti
836 3643 960 3706 Heyuius
980 3641 1142 3706 (comment.
1159 3655 1215 3690 soc.
1234 3639 1310 3690 Gott.
1329 3640 1379 3692 IV.

245 3714 416 3761 censuerunt.
449 3709 517 3760 Cum
533 3711 604 3760 euim
621 3709 716 3774 κοιλίη
737 3709 786 3774 (ab
836 3729 863 3778 p.
884 3711 937 3776 18),
955 3712 983 3761 in
1002 3711 1053 3761 boc
1070 3715 1162 3760 tamen
1182 3709 1284 3771 foleus,
1308 3708 1380 3774 quod

244 3779 300 3844 οιιε)
318 3780 404 3844 primo
423 3777 586 3845 locoutique
603 3781 706 3830 indicet
723 3783 786 3830 inte·
836 3782 943 3831 viscere
959 3782 987 3830 iu
1006 3781 1068 3830 elvo
1087 3777 1241 3844 reponenda
1265 3793 1296 3828 eo
1322 3777 1380 3842 pul-

244 3851 324 3910 rtinu,
341 3863 412 3913 quue
430 3849 530 3898 fuerint
545 3853 665 3912 exemto,
682 3850 710 3898 in
728 3863 787 3899 ver·
837 3867 901 3900 vero
914 3849 1045 3914 adspersu
1059 3852 1147 3914 putat.
1179 3849 1212 3898 In
1223 3846 1279 3896 elia
1289 3847 1381 3898 omnia

245 3918 287 3966 bis
300 3909 511 3981 ἐκκαθήραντες
528 3911 559 3966 di
575 3909 666 3983 αὐτήν
685 3933 710 3966 ιι.
723 3933 746 3967 τ,
762 3917 786 3967 l.
838 3921 897 3969 obit
912 3917 1039 3969 Rousllns
1055 3919 1082 3966 in
1099 3919 1207 3968 Memm.
1223 3915 1302 3967 acad.
1314 3917 1379 3967 Per.

244 3999 339 4035 vocem
352 3977 443 4050 αὐτήν
454 3987 489 4036 ad
502 3985 616 4050 κοιλίην
628 3987 737 4053 quidem
746 4003 785 4037 re·
837 3989 1028 4038 scissitans.
1057 3986 1130 4037 1750.
1150 4001 1213 4050 pag.
1234 3986 1284 4036 120
1302 4001 1378 4050 seqq.

245 4054 383 4104 serendum
407 4071 467 4105 osse
490 4060 577 4120 petet,
605 4057 653 4107 sed
676 4057 729 4118 ita,
755 4059 786 4106 ut
837 4057 927 4120 Neget
944 4057 1015 4106 euim
1031 4055 1168 4122 pulverem
1187 4059 1336 4104 aromatum
1349 4054 1379 4103 iu

245 4121 337 4184 κοιλίη
360 4123 529 4189 intelligetur
551 4126 648 4175 conitar
672 4126 786 4187 ventris,
837 4126 944 4175 viscera
960 4125 1104 4187 iniectum,
1124 4125 1236 4188 eiusque
1256 4125 1295 4173 rei
1309 4123 1379 4173 dues

245 4205 262 4238 a
284 4205 337 4253 qua
361 4193 491 4241 intestina
520 4207 553 4242 ec
576 4195 683 4244 viscere
709 4197 787 4244 erant
838 4193 1149 4258 caussassffertmeque
1165 4193 1236 4243 enim
1253 4193 1379 4242 idoneum

246 4263 361 4310 exemto.
399 4261 441 4310 Ad
459 4261 529 4311 bunc
541 4262 626 4326 igitur
640 4263 787 4312 ceritatem
838 4276 899 4311 esse
917 4261 1002 4312 solum
1021 4262 1157 4327 pulverem
1179 4261 1310 4312 eiusmodi
1328 4261 1380 4311 eic-

244 4328 347 4380 ventris
362 4329 504 4384 referende
517 4333 595 4395 suut,
614 4347 684 4396 quse
695 4331 729 4382 de
742 4347 785 4381 ex·
838 4331 933 4383 cendio
951 4332 1125 4396 corporibus,
1150 4345 1237 4396 neque
1258 4345 1320 4382 vero
1338 4345 1381 4382 re·
