3086 4952
653 281 922 348 HERODOTI

220 289 282 353 usu
303 247 305 252 ’

219 463 394 554 χαιότατον
411 467 511 552 ίρύν,
535 459 597 532 ὅσα
612 459 733 547 ταύτης
754 462 812 547 τῆς
833 459 930 526 θεοῦ.
959 450 1099 544 καὶγὰρ
1118 451 1156 524 τὸ
1173 457 1211 524 ἐν
1226 453 1354 548 Κύαρηο

219 566 293 658 ι’ρόν
315 569 478 638 ἐνθεῦτεν
496 569 646 654 ἐγένετο,
670 558 714 644 ὡς
732 559 827 631 αὐτοὶ
846 563 981 647 λέγουσι
996 560 1162 648 Κύπριοι,
1186 561 1242 628 καὶ
1261 557 1298 627 τὸ
1318 562 1355 628 ἐν

217 670 409 760 Κυθήροισι
425 672 580 750 Φοίνικές
604 675 668 738 εἰσι
693 671 728 736 οἱ
748 663 983 754 ἱδρυσάμενοι,
1008 665 1044 734 ἐκ
1061 661 1183 751 ταύτης
1203 668 1262 751 τῆς
1281 672 1353 731 Συ-

218 783 291 864 ρίης
312 773 433 854 ἐόντες.
465 790 551 844 τοῖσι
574 773 611 842 db
633 776 702 842 miv
718 771 888 842 Σκυθέων
912 766 1074 857 συλήσασι
1094 764 1131 834 τὸ
1158 763 1232 855 ἱρὸν
1254 764 1291 835 τὸ
1318 769 1355 835 ἐν
1391 781 1393 790 “

214 876 417 964 Ἀσκάλωνι,
435 880 491 948 καὶ
511 893 597 948 τοῖσι
614 873 743 946 τούτων
761 874 828 943 ulei
847 870 1029 959 ἐκγόνοισι,
1056 872 1219 960 ἐνέσκηψε
1237 866 1258 961 ἡ
1275 868 1356 952 θεὸς

252 1088 390 1160 ἐνέσκηψε
407 1086 426 1161 ἡ
445 1087 527 1161 θεὸς]
551 1084 719 1158 iussimus
736 1097 763 1143 et
813 1092 917 1154 lerunt,
940 1091 1039 1142 citatas
1059 1094 1117 1140 tum
1139 1106 1156 1142 a
1173 1089 1355 1154 Wesseliupio

218 1160 426 1230 κατασκήπτειν
444 1165 552 1230 proprie
571 1164 604 1214 de
621 1162 763 1228 fulminibus
814 1178 846 1213 ac
864 1161 1001 1212 Larcbero
1021 1161 1049 1210 iu
1066 1165 1135 1212 uott.
1155 1160 1191 1212 ad
1215 1161 1242 1212 h.
1261 1161 1279 1210 1.
1298 1165 1355 1211 tum

217 1237 342 1300 immissis,
362 1235 425 1286 dein
435 1235 470 1286 de
480 1235 604 1300 quibusvis
619 1236 690 1284 saulis
701 1249 764 1298 pra·
815 1249 831 1282 a
850 1231 960 1282 Starkic
976 1231 1006 1280 in
1023 1231 1183 1296 scriptione,
1210 1247 1279 1296 quae
1297 1248 1356 1297 pro-

217 1306 327 1358 nioribus
349 1307 465 1356 diuinitus
486 1305 597 1368 fulminis
623 1304 659 1353 ud
682 1307 765 1353 instar
815 1302 866 1352 diit
889 1301 941 1352 boc
970 1300 1019 1350 sub
1050 1301 1142 1352 titulo:
1173 1303 1234 1364 „De
1263 1293 1356 1368 νούσῳ

217 1377 329 1426 imitaris
353 1375 397 1425 vel
419 1377 447 1424 in
473 1376 578 1440 aliquem
599 1389 651 1422 cum
674 1375 765 1437 impeta
815 1369 921 1439 θηλείᾳ
944 1371 1015 1435 apud
1038 1371 1207 1422 Herodotum
1228 1371 1355 1436 prolusio,

218 1444 377 1495 irruentibus.
424 1446 539 1495 Notavit
572 1441 696 1492 Siebelis.
728 1440 765 1490 ad
816 1442 899 1491 lenae
919 1441 1014 1492 leur.“
1042 1440 1131 1490 Nolim
1147 1442 1210 1492 binc
1227 1447 1355 1507 repetere,

218 1516 337 1565 Pausau.
350 1513 402 1574 111,
416 1515 458 1564 12.
476 1516 500 1575 5.
519 1513 544 1563 6.
564 1513 606 1560 Ex
618 1511 760 1560 Herodoto
813 1525 884 1576 quae
901 1510 978 1559 varia
1002 1509 1072 1559 hanc
1095 1511 1123 1559 in
1151 1527 1206 1562 rem
1225 1527 1356 1562 commen-

219 1585 255 1634 ci.
276 1583 324 1644 IV,
344 1583 387 1633 711.
404 1583 482 1645 VIII,
501 1579 535 1632 39
555 1585 582 1630 et
600 1579 663 1630 add.
679 1579 760 1630 Held.
811 1580 864 1630 tati
887 1580 944 1628 sint
964 1580 1015 1628 viri
1040 1580 1127 1642 docti,
1156 1598 1278 1647 quaeque
1301 1583 1356 1648 opi-

219 1653 254 1703 ad
271 1650 411 1702 Plutarch.
431 1651 527 1702 Aemil.
544 1650 623 1701 Paul.
641 1665 701 1715 cap.
717 1651 760 1700 27.
812 1651 872 1700 nati
897 1651 965 1710 sint,
988 1665 1049 1699 nam
1073 1651 1156 1715 pudet
1179 1653 1280 1702 talibus
1300 1653 1357 1718 pla-

219 1739 245 1788 p.
259 1723 319 1772 255.
357 1722 421 1770 Mox
438 1721 520 1787 vulgo
535 1712 669 1784 θήλειαν,
690 1720 763 1784 quod
813 1720 892 1786 gulas
911 1718 1027 1784 replere3
1046 1721 1192 1772 continebo
1209 1739 1251 1773 me
1267 1723 1294 1772 in
1312 1723 1355 1788 iis,

218 1794 308 1857 ipsum
326 1794 397 1840 teste
408 1790 541 1842 Creuzero
561 1790 669 1840 exhibet
681 1791 762 1840 ‘l'ibe-

220 1863 276 1912 rius
293 1860 395 1911 Rhetor
412 1860 446 1911 de
464 1861 528 1925 figg.
548 1876 608 1924 cap.
629 1860 672 1922 35.
705 1857 761 1923 θη-

220 1930 287 1995 λέην
306 1930 388 1979 scribi
405 1931 493 1980 voluit
507 1930 628 1980 Koenius
647 1928 682 1978 ad
698 1930 762 1980 Gre-

220 2016 279 2066 gor.
298 1999 419 2049 Corinth.
444 2000 477 2048 de
500 1999 610 2048 dialect.
631 1998 716 2050 ionic.
736 2002 761 2061 5.

220 2071 275 2131 ci,
289 2068 370 2133 idque
381 2069 483 2133 recepit
494 2068 663 2117 Schaeierus.
682 2069 764 2134 Equi·

222 2139 282 2188 dem
292 2153 352 2186 cum
361 2142 474 2187 recenti.
487 2137 565 2186 editt.
573 2136 635 2185 dedi
645 2129 763 2200 θήλεαν,

222 2207 295 2272 quod
313 2205 414 2255 dudum
429 2206 553 2256 voluerat
565 2207 723 2257 Buttmann.
735 2208 763 2255 iu

224 2279 343 2327 Gramm.
362 2276 424 2324 mai.
443 2276 466 2326 1.
484 2291 511 2340 p.
531 2275 582 2326 253
601 2280 658 2324 not.
678 2276 764 2340 quod-

223 2361 364 2411 que-nunc
387 2345 482 2408 reponi
506 2344 587 2394 iussit
602 2344 718 2394 Bredov.
737 2360 762 2407 p.

223 2417 287 2476 lbi,
311 2430 393 2479 quum
408 2414 576 2475 Herodotus,
595 2419 668 2464 recte
690 2427 765 2477 prae-

223 2485 341 2548 cipiente
368 2485 498 2550 Gregorio
522 2483 663 2534 Corinthio
677 2481 711 2532 ·i.
735 2481 763 2540 1.,

222 2555 303 2604 huius
323 2554 453 2604 adieetivi
470 2552 662 2620 paenultimam
680 2567 728 2617 per
751 2553 764 2600 i

223 2639 256 2674 ue
276 2639 310 2673 ue
327 2639 374 2688 per
391 2625 418 2676 a'r
435 2624 556 2689 prolerre
575 2622 670 2673 soleat.

257 2639 394 2756 binusque
419 2685 437 2759 ἡ
471 2686 542 2751 θεὸς
565 2684 675 2757 θήλεαν
702 2686 767 2738 νού-

225 2762 285 2827 οον]
316 2763 411 2815 citans
440 2764 506 2814 baec
529 2763 613 2813 verba
641 2759 765 2812 Tiberius

222 2832 241 2884 l.
256 2833 275 2883 1.
296 2833 385 2886 addit:
405 2824 468 2884 ἀντὶ
484 2831 550 2896 τοῦ,
570 2824 704 2894 ἐποίησεν
718 2819 767 2878 ἆν-

223 2894 383 2968 ὃρονύνους
401 2892 420 2970 ἦ
436 2895 615 2968 κατεαγότας.
641 2899 767 2952 Pluribus

224 2989 280 3024 rem
298 2973 418 3026 illustrat
439 2975 619 3040 Hippocrates
647 2971 680 3022 de
705 2971 767 3021 Aer.

814 1805 883 1855 quae
910 1789 974 1840 olim
1002 1791 1037 1839 ab
1061 1791 1226 1857 Hieronymo
1253 1793 1358 1844 Merca-

813 1860 875 1910 riali
901 1857 990 1922 (Varr.
1009 1861 1097 1912 Lecti.
1122 1863 1180 1924 111,
1203 1862 1229 1928 i)
1251 1863 1358 1927 prolata

814 1946 847 1980 ac
874 1929 1069 1994 Weseelingio,
1103 1931 1357 1997 Schweighaeusero

814 2000 943 2064 probata,
963 2000 1078 2064 amplius
1096 2001 1239 2066 disquisita
1254 2019 1271 2053 a
1283 2004 1357 2054 Star-

814 2070 861 2119 kio
879 2069 914 2118 ud
932 2074 1023 2120 verbm
1043 2070 1189 2121 Herodotei
1208 2073 1261 2122 loci
1281 2073 1358 2124 iutel-

814 2139 954 2200 ligentiam
968 2139 1126 2203 perducant.
1159 2141 1358 2194 commonstra-

815 2209 856 2258 vit
870 2209 995 2258 nimirum
1013 2209 1089 2259 hicce
1114 2211 1156 2258 vir
1174 2210 1357 2275 doctissimus,

814 2273 923 2326 νοῦσον
944 2271 1066 2342 θήλειαν
1090 2281 1216 2342 primaria
1239 2297 1271 2331 ac
1296 2299 1357 2345 pro·

815 2347 873 2410 pria
906 2362 956 2397 sua
986 2347 1013 2395 vi
1043 2347 1187 2412 designare
1216 2349 1356 2400 virilitatis

814 2415 948 2466 iacturam
966 2421 994 2466 et
1009 2415 1096 2465 virilis
1114 2423 1227 2468 naturae
1241 2435 1357 2469 commu-

815 2483 946 2534 tationem
979 2486 1008 2534 in
1045 2486 1201 2537 muliebrem
1233 2489 1356 2552 formam,

815 2555 889 2600 certo
909 2554 1027 2618 corporis
1053 2557 1145 2606 morbo
1170 2557 1292 2608 effectam
1317 2559 1355 2623 (p.

816 2621 859 2670 21.
873 2623 906 2670 ‘22
919 2623 1000 2686 seq).
1026 2625 1115 2690 Atque
1124 2626 1277 2678 huiusmodi
1290 2645 1358 2679 mor-

816 2690 885 2739 bosa
903 2693 1078 2744 conversione
1096 2697 1213 2761 Scythas
1228 2698 1275 2748 illo
1292 2703 1359 2750 tem-

817 2774 883 2824 pore
918 2760 1069 2824 laborasse,
1106 2782 1139 2816 ex
1173 2768 1358 2834 Hippocratis,

818 2844 897 2894 quem
907 2830 1040 2880 Herodoti
1052 2835 1192 2896 aequalem
1208 2839 1294 2890 samse
1308 2841 1360 2890 sci-

818 2914 891 2960 mus,
913 2905 941 2950 et
958 2900 1116 2952 Aristotelis
1142 2909 1297 2961 testimonio
1318 2909 1360 2978 (in

817 2967 909 3020 Ethic.
931 2970 1168 3037 Nicom.V11,8.
1193 2978 1265 3030 sii
1288 2983 1312 3043 ᾖ.
1332 2980 1359 3047 6)

223 3044 275 3108 Aq.
302 3049 329 3092 et
352 3047 419 3095 Loc.
443 3059 469 3106 p.
494 3043 545 3093 203
570 3042 607 3104 (ξ.
634 3041 693 3092 106.
720 3041 769 3092 lut
819 3045 949 3090 accurata
973 3040 1163 3108 disquisitione
1189 3047 1258 3099 idem
1284 3049 1362 3101 colle-

224 3113 266 3161 ed.
286 3111 406 3178 Corsis),
427 3113 474 3162 ubi
491 3111 523 3162 de
542 3111 640 3160 iisdem
659 3109 768 3174 Scythis
820 3109 871 3175 git.
913 3111 970 3162 Nec
999 3111 1042 3162 his
1067 3119 1210 3165 contentus
1237 3119 1362 3182 probavit

224 3181 351 3245 loquens:
381 3174 529 3244 εὐνουχίαι
557 3178 700 3244 γίνονται,
729 3180 769 3229 in·
820 3195 915 3244 porro,
934 3181 1050 3232 similem
1063 3185 1241 3236 evirationem
1255 3189 1283 3238 iu
1299 3191 1361 3240 aliis

225 3251 298 3314 quit,
317 3245 365 3300 uui
380 3252 528 3314 γυναικεῖα
543 3239 704 3312 ἐργάζονται
721 3243 769 3297 καὶ
821 3265 927 3315 quoque
960 3256 1049 3301 terrae
1086 3256 1255 3320 regionibus,
1291 3261 1362 3323 apud

225 3315 264 3399 pir,-
299 3311 331 3368 ci
367 3322 497 3384 γυναῖκες
530 3314 723 3437 διαλέηονταί,
740 3331 769 3366 τε
821 3318 889 3370 alias
911 3322 1036 3372 nationes
1057 3325 1139 3374 etiam
1157 3331 1252 3377 nostra
1274 3332 1364 3378 aetate

226 3386 333 3454 ομοίως
357 3386 512 3440 καλεῦνταί
537 3402 565 3438 τε
592 3401 607 3436 ο
643 3399 770 3436 τοιουτοι
821 3391 948 3454 reperiri;
978 3393 1044 3455 quin
1070 3394 1139 3444 adeo
1160 3395 1232 3460 apud
1255 3397 1362 3446 eosdem

225 3451 398 3526 ύνανδριεῐς.
447 3457 556 3510 Incolae
587 3457 676 3524 pergit
707 3472 770 3507 cau·
821 3459 939 3524 Scythas
958 3461 1104 3512 etiamnum
1117 3463 1229 3514 eundem
1247 3465 1362 3514 inveniri

226 3547 285 3581 sam
313 3531 401 3583 morbi
432 3529 466 3580 ad
500 3530 579 3582 deum
614 3527 714 3578 reierre
743 3531 770 3578 et
821 3531 943 3581 morbum
961 3531 1110 3596 iisdemque
1136 3533 1236 3596 signis,
1264 3535 1362 3597 quibus

227 3602 381 3654 istiusmodi
399 3600 520 3652 homines
543 3597 624 3649 valde
643 3597 770 3648 revereri.
822 3605 929 3649 veteres
943 3597 1017 3648 illum
1030 3600 1230 3664 descripserint.
1251 3603 1366 3654 ‘I'estau-

230 3673 306 3734 Quae
322 3672 377 3723 alia
394 3671 427 3721 de
444 3670 486 3720 his
504 3669 580 3720 addit
598 3668 716 3732 scriptor
733 3665 773 3717 lu·
824 3673 868 3718 tur
878 3668 929 3719 hoc
945 3669 1108 3719 recentiores
1120 3670 1214 3722 harum
1226 3675 1365 3738 regionum

229 3741 445 3803 celantissimos,
471 3739 562 3790 malim
588 3737 661 3804 apud
684 3737 772 3801 ipsum
823 3739 1052 3802 peregrinatores,
1072 3739 1132 3802 alii,
1159 3757 1272 3806 quorum
1289 3745 1367 3795 testi-

228 3811 293 3874 legi.
329 3813 370 3862 Ad
389 3826 457 3875 quae
472 3825 527 3860 non
545 3809 613 3860 satis
631 3807 773 3860 attenden-
823 3807 914 3858 monia
944 3807 1071 3875 accita*)
1104 3813 1261 3877 suppeditat
1288 3813 1366 3882 larga

228 3885 269 3930 tes
291 3881 344 3929 viri
372 3879 444 3929 docti
469 3881 560 3930 varias
588 3880 622 3930 de
648 3877 772 3928 muliebri
823 3893 905 3928 mauu
922 3878 955 3930 V.
968 3880 1017 3942 D.‚
1037 3881 1125 3945 quire
1142 3883 1327 3949 copiosissime
1340 3891 1367 3937 et

228 3949 390 4016 Scytharum
410 3949 503 4000 morbo
523 3950 663 4014 opiniones
681 3953 772 4014 protu-
824 3949 1027 4001 accuratissime
1050 3955 1170 4005 tractata
1191 3955 1232 4006 ita
1256 3957 1366 4008 statuit:

229 4077 333 4086 ——-

292 4143 563 4206 1)Ιιηνιὶιοὶοεοιιι,ιιΙ.”1.
580 4145 693 4200 lisiaeggs
715 4149 737 4190 in
751 4149 797 4204 Allv
808 4163 849 4192 ern.
865 4157 952 4206 topogr.
969 4151 1095 4194 Besebroib.
1115 4154 1138 4196 d.
1157 4155 1245 4198 &uces-
1277 4157 1366 4200 hereos·

230 4212 258 4248 κο
277 4199 358 4238 ε1).νοη
373 4196 407 4236 Fr.
423 4195 463 4236 En.
478 4193 588 4236 Schrodur
602 4199 672 4248 (171111)
692 4199 708 4240 1.
720 4163 815 4260 J'nwz·
831 4201 920 4245 Palosis.
936 4203 1026 4244 liisloir.
1045 4205 1157 4258 primilivo
1176 4208 1215 4248 dos
1233 4188 1324 4262 pquus
1339 4209 1366 4252 de

228 4252 249 4292 la
283 4249 441 4289 uss.l‘elorsb.
459 4247 506 4286 11101
523 4261 544 4300 p.
564 4248 606 4287 iro.
635 4249 665 4308 lie
679 4250 776 4293 lndranrs
789 4253 862 4294 simile
876 4255 928 4307 quid
943 4254 1004 4295 alleri
1019 4255 1086 4298 Ukcrt
1101 4257 1225 4312 Geograplr.
1241 4261 1262 4302 d.
1278 4261 1365 4303 Grirelr.

227 4303 322 4344 ulidus.
339 4299 410 4348 111,·1.
426 4311 448 4353 p.
462 4299 512 4346 :rom
527 4298 554 4338 da
569 4299 681 4340 bmsrrras
695 4304 874 4356 septentrionalis
888 4305 967 4350 incolis
982 4313 1046 4362 atquo
1061 4309 1088 4350 de
1103 4311 1267 4354 Kunrsrlradalis
1281 4312 1367 4356 Klumm

229 4351 383 4410 Culturgesch.
396 4349 424 4394 11.
438 4365 461 4416 ρ.
476 4350 511 4396 8².
526 4351 566 4396 2⁰7
581 4349 632 4398 coll.
649 4351 707 4396 Vill.
722 4366 745 4416 ρ.
763 4355 795 4398 12.
