3088 4922
556 253 802 317 EU'I'ERPE.
824 255 868 316 11.
891 263 935 317 44.

1252 252 1313 316 531

136 445 185 498 125
194 458 274 511 ιιτας
301 433 459 518 μέγαθος.
500 432 533 509 ἐς
562 427 682 516 λόγους
710 428 747 498 dl
769 426 881 498 ἐλθόν
905 442 990 498 τοῖσι
1016 432 1123 518 ἱρεῦσι
1150 431 1210 498 τοῦ
1229 429 1315 499 θεοῦ

177 533 333 624 εἰρόμην,
368 528 485 612 ὁκόσος
515 531 634 622 χρόνος
667 543 736 618 εἴη,
770 535 803 613 ἐξ
833 521 874 601 οὗ
902 553 964 619 σφι
992 529 1029 600 τό
1059 530 1134 620 ἱρόν
1166 536 1312 621 ἵδρυται.

178 627 279 727 εὖρον
293 636 330 706 δὲ
345 631 426 705 οὐδὲ
446 633 584 716 τούτους
605 631 832 723 τοῖσιἝλλησι
851 637 1137 724 συμφερομένους.
1182 641 1314 723 ἔφασαν

177 738 243 830 γὰρ
266 735 333 828 ἅμα
362 737 460 833 'Pupp
479 742 666 828 οἰκιζομένῃ
690 739 745 808 καὶ
766 735 802 806 τό
825 735 901 825 ἱρόν
920 742 980 806 τοῦ
1001 743 1086 806 θεοῦ
1107 743 1311 827 ἱδρυθῆναι·

180 844 267 914 εἶναι
282 843 319 912 δὲ
335 849 424 929 ἔτεα,
446 839 507 930 ἀφ’
523 833 564 914 οὗ
585 841 696 932 Τύρον
710 842 876 926 οἰκέουσι,
894 840 1068 930 τριηκόσια
1085 843 1140 910 καὶ
1156 847 1311 930 δισχίλια.

179 1059 239 1106 cro,
265 1043 337 1108 quod
359 1043 387 1092 in
407 1042 497 1108 capite
517 1042 570 1093 fert
593 1041 720 1108 lapidem,
772 1047 928 1092 tamennon
942 1041 1069 1106 impedit,
1086 1059 1139 1108 quo
1153 1042 1241 1093 minus
1253 1058 1313 1092 curn

179 1115 222 1163 cui
232 1129 328 1162 nomen
341 1109 446 1177 λυγνλς,
459 1112 529 1163 unde
540 1117 622 1162 noctu
634 1111 721 1178 splen·
771 1111 952 1176 Wesselingio
967 1120 1031 1161 'earn
1043 1112 1087 1161 bic
1099 1113 1179 1161 nimis
1195 1114 1313 1176 priscam

178 1183 227 1232 dor
246 1183 344 1232 multus
364 1182 493 1248 refulget,
512 1187 543 1232 ut
561 1187 721 1247 tauquama
770 1182 905 1246 perhiberi
932 1181 1082 1232 credamus.
1119 1183 1143 1230 Α
1165 1181 1313 1231 sucerdoti-

177 1253 294 1302 lncernia
313 1252 394 1302 aedes
413 1257 473 1302 tota
486 1251 618 1306 reluceat:
638 1253 720 1302 inter·
770 1251 834 1315 bus,
853 1252 1027 1316 antiquitatis
1043 1265 1109 1300 suae
1125 1251 1312 1312 luctatoribus,

177 1322 223 1372 diu
241 1322 318 1372 addit
328 1323 466 1373 Lucianu
485 1322 655 1387 splendorem
671 1323 720 1372 im·
769 1323 871 1373 Nostro
890 1327 920 1370 ut
936 1321 1020 1372 verba
1038 1321 1103 1371 data
1119 1321 1232 1384 suerint,
1253 1321 1312 1370 fieri

176 1391 719 1474 beeillioremesse‚sedspeeiembabere
770 1393 863 1457 utique
886 1391 1012 1456 potuisse
1036 1390 1107 1440 idem
1132 1390 1178 1441 ille
1207 1357 1311 1454 sdribit,

175 1461 441 1542 valdergueamn-
470 1462 594 1524 erodm
613 1461 719 1512 baele

176 1533 249 1596 gitur
266 1531 393 1596 μεγαθος
418 1533 440 1581 si
459 1547 507 1596 pro
526 1524 650 1596 μεγάλως
672 1531 719 1580 ed-

175 1601 332 1650 verbialiter
351 1603 414 1666 poni
434 1601 581 1663 existimes
598 1601 650 1652 boe
668 1601 719 1651 uti-

176 1685 228 1736 que
248 1671 407 1722 insolentius
425 1671 527 1720 dictum
543 1638 666 1730 videtum
685 1686 717 1720 ne

176 1757 240 1791 vero
259 1733 384 1804 μεγάλως
405 1755 565 1805 reponamus
584 1741 610 1789 in
630 1745 716 1813 textu,

177 1810 288 1860 obstant
311 1809 372 1859 libri
391 1825 472 1859 manu
498 1811 592 1874 scripti
613 1825 716 1870 omnes,

177 1895 288 1944 quorum
313 1880 502 1929 auctoritatem
531 1885 604 1930 recte
627 1885 718 1930 tuetur

176 1949 312 1998 IIuelmsr.
333 1949 379 1999 Gr.
393 1949 439 2000 Gr.
459 1958 478 1999 t.
490 1949 529 2000 ΙΙ.
545 1949 570 2010 ξ.
591 1949 643 2000 519
661 1954 717 2000 not.

175 2018 206 2080 3,
218 2019 264 2068 ubi
276 2018 365 2068 reddit
377 2021 461 2068 νιίνιυιι
474 2023 499 2069 ia
510 2020 613 2070 raedam.
637 2019 717 2068 eoas.

176 2090 259 2138 etiarn
279 2093 349 2139 nott.
368 2088 402 2138 ad
422 2089 445 2151 I,
459 2089 502 2138 51.
540 2091 577 2140 At
594 2089 718 2152 μεγαλοις

175 2159 357 2222 reponendum
381 2159 439 2208 vult
460 2158 561 2208 Herold
585 2157 716 2209 Emendd.

175 2228 295 2278 Ilerodd.
327 2229 359 2278 P.
390 2228 411 2278 I.
445 2244 472 2292 p.
498 2231 525 2279 5.
567 2229 715 2288 Lacunam,

175 2297 282 2361 qualem
301 2297 365 2346 olim
383 2299 437 2348 iarn
460 2299 592 2362 suspicati
614 2313 714 2358 sumus,

176 2367 219 2416 bic
243 2368 341 2416 statuit
358 2368 470 2417 Dietscb
486 2367 600 2418 Jahrbb.
620 2368 638 2418 1.
654 2368 716 2416 Plri-

175 2435 220 2488 lol.
240 2453 267 2486 u.
281 2436 401 2502 Paedag.
420 2438 519 2488 LXIX.
533 2455 580 2503 p.
574 2437 634 2488 329.
654 2437 716 2488 Eltz

174 2505 300 2571 (Jabrbb
320 2508 339 2556 1.
358 2506 457 2558 Philol.
477 2512 529 2558 etc.
549 2507 645 2572 Suppl.
667 2508 714 2557 IX.

174 2593 200 2640 p.
229 2576 287 2641 122)
318 2577 423 2628 lteiakii
453 2579 551 2643 probat
581 2577 716 2628 coniectu·

173 2661 245 2696 ram:
265 2645 335 2765 piper
350 2643 420 2724 φρῖς.

208 2711 293 2764 ιια1τ
334 2707 399 2780 [ρον
417 2731 468 2766 του
491 2713 565 2766 θεου
591 2709 714 2780 [eover-

174 2785 230 2870 ναι]
256 2785 356 2836 Aldina
379 2785 420 2838 ed.
442 2792 469 2836 et
494 2785 574 2837 codd.
593 2785 715 2836 nonnulli

173 2849 374 2919 ιδρυνθήναι,
393 2855 715 2938 quemadmodnm1,172

174 2923 282 2974 codices
317 2926 447 2988 praebent
477 2919 713 2988 stipendiatus,

174 2992 245 3058 qaod
261 2995 333 3058 apud
350 2995 514 3044 recentiores
532 2994 716 3059 frequentissi-

175 3077 259 3124 mum,
277 3078 331 3112 non
350 3077 439 3114 rarum
457 3065 656 3129 antiquioribus
671 3064 717 3114 ob-

174 3137 267 3182 servat
283 3133 403 3183 Lobeclr.
424 3135 459 3183 ad
476 3135 621 3198 Phrynicb.
640 3150 666 3198 p.
680 3132 712 3184 31

174 3207 231 3250 not.
259 3201 316 3252 Nec
328 3208 418 3252 tamen
436 3203 487 3253 boa
499 3203 637 3254 Herodoto
650 3217 715 3253 con·

174 3271 279 3332 venire,
304 3273 349 3337 qui
367 3273 481 3322 alteram
503 3273 617 3324 sormam
635 3274 714 3324 unire

174 3341 314 3403 adtribuit,
333 3341 453 3393 ostendit
470 3343 585 3394 Bredov.
604 3360 630 3408 p.
652 3343 712 3394 3111.

173 3411 316 3460 Caeterum
338 3412 556 3478 antiquissimum
577 3413 628 3464 hoc
644 3413 714 3462 Her·

173 3480 240 3531 culis
271 3481 399 3546 templum
427 3488 618 3534 commemorat
649 3497 713 3547 quo-

172 3565 225 3614 que
250 3551 357 3600 Arrian.
381 3553 485 3618 Exped.
510 3553 587 3604 Alex.
594 3553 653 3631 ΙΙ,
681 3551 712 3602 19

172 3620 284 3670 init.-
301 3622 334 3672 Iu
353 3637 427 3688 seqq
444 3638 492 3686 pro
507 3612 556 3686 ἀφ’
570 3637 603 3671 ου
594 3609 712 3674 Sebae-

145 3689 261 3770 .l'erus,
268 3691 413 3768 probante
432 3691 566 3744 Struvel.
586 3691 605 3744 l.
623 3707 650 3758 p.
669 3692 712 3754 3⁶2,

172 3746 712 3826 ἀπ’οό,ιιιοσιιι11.ιι1ι1.ιιιιμ1ιιιιι.

172 3827 215 3878 Cf.
233 3796 320 3880 Κοόιι.
344 3831 381 3881 ad
400 3833 512 3898 Gregor.
534 3831 656 3882 Corinth.
681 3832 714 3882 de

172 3897 450 3984 dial.lon.§.18.
500 3901 576 3952 Libri
606 3915 712 3954 omnes.

136 4093 139 4100 Ι
172 3954 337 4086 ἄφιλνῗῖὃὶ
325 4031 474 4087 1-ἔτεα
495 4030 642 4103 τριηκόσια
665 4034 712 4090 καὶ

172 4101 304 4172 δισχίλια]
325 4108 389 4158 Fuit
405 4110 499 4172 utiquo
511 4111 599 4174 Tyrus
619 4114 646 4159 et
657 4125 712 4160 ma-

170 4175 242 4226 xima
272 4183 300 4226 et
329 4178 519 4242 antiquissima
548 4178 712 4229 Phoenicum

170 4245 248 4308 urbs,
268 4251 338 4296 teste
355 4246 488 4297 Strabone
506 4249 581 4298 XVI.
600 4263 626 4312 p.
645 4248 711 4298 1097

170 4327 193 4364 s.
213 4329 239 4378 p.
260 4313 311 4366 756
328 4319 357 4365 et
372 4315 454 4370 Iesai.
469 4317 572 4380 XXIII,
591 4319 619 4378 λι
639 4315 712 4382 quod

769 1462 872 1511 reiecta
900 1460 1020 1526 Viguolii
1051 1459 1222 1524 coniectura,
1259 1476 1312 1524 qus

769 1522 918 1596 τριηκόσια
945 1526 993 1579 aul
1016 1528 1127 1594 χίλια’
1119 1543 1164 1579 rn
1171 1530 1312 1582 Herodoto

769 1602 805 1650 sit
815 1600 999 1662 scribendum,
1011 1615 1071 1650 cum
1083 1599 1127 1650 vel
1143 1600 1194 1652 bac
1206 1601 1311 1650 ratione

769 1671 835 1735 'I'yri
851 1671 930 1720 initia
946 1637 1018 1720 iuslo
1036 1670 1191 1734 antiquiora
1209 1671 1312 1722 consti-

769 1744 918 1790 tuerentur.
960 1741 1056 1790 Denuo
1079 1739 1150 1790 hane
1179 1757 1234 1790 rem
1257 1741 1312 1790 dis-

768 1810 881 1876 quisivIt
907 1810 1060 1860 Lareberas
1089 1809 1117 1858 in
1147 1809 1310 1875 Chronolog.

769 1879 901 1930 Herodot.
917 1895 976 1944 cap.
992 1879 1030 1930 II.
1042 1894 1069 1942 p.
1084 1879 1130 1929 129
1143 1895 1217 1945 seqq.
1244 1880 1311 1930 Cum

770 1949 853 2012 enim,
877 1949 1046 2000 Herodotum
1064 1948 1106 1998 vel
1128 1951 1218 2014 potius
1236 1950 1310 2013 ipsos

768 2020 868 2084 Tyrios
895 2019 918 2070 si
944 2033 1101 2084 sequamur,
1136 2020 1200 2070 urbs
1228 2019 1310 2070 suerit

768 2089 881 2140 condita
903 2103 967 2139 ann.
992 2088 1060 2139 2760
1086 2103 1111 2138 a.
1131 2087 1192 2138 Chr.
1212 2105 1254 2151 n.,
1282 2087 1311 2138 id

768 2158 840 2224 quod
858 2157 938 2208 nimis
956 2157 1075 2220 recedit,
1094 2158 1245 2209 Larcherus
1264 2173 1311 2222 po·

768 2229 808 2278 nit
831 2229 859 2277 in
881 2243 952 2278 anno
977 2227 1043 2280 1599
1067 2243 1084 2276 a
1104 2227 1166 2278 (λιι.
1190 2244 1217 2280 n.
1244 2228 1310 2292 Tyri

767 2297 896 2362 origiues.
939 2297 996 2349 Nec
1015 2303 1105 2347 tamen
1129 2299 1201 2362 patri
1226 2298 1310 2348 histo-

766 2369 824 2417 rIae
848 2368 946 2432 Tyrios
974 2367 1136 2432 imposuisse
1161 2367 1234 2430 vult,
1262 2367 1310 2418 sod

767 2437 906 2502 sibiipsis
930 2438 1028 2503 Tyrios
1047 2437 1223 2502 imposuisse,
1248 2453 1309 2488 cum

767 2521 833 2558 suae
860 2507 934 2556 urbis
964 2507 1083 2572 origines
1113 2507 1309 2558 confunderent

767 2593 828 2628 curn
845 2576 958 2640 Sidone,
983 2592 1053 2642 quae
1071 2578 1132 2642 ipss
1151 2578 1218 2642 Tyri
1237 2583 1309 2628 esset

767 2647 938 2712 metropolis,
962 2647 1074 2697 condita
1095 2662 1167 2696 anno
1190 2647 1257 2696 1139
1281 2663 1306 2698 a.

766 2717 828 2767 Chr.
849 2732 877 2766 n.
912 2716 1042 2766 Larcberi
1059 2731 1145 2780 aeque
1161 2733 1195 2766 sc
1207 2717 1309 2780 Vigno-

765 2787 795 2836 lii
815 2786 935 2836 rationes
967 2785 1043 2836 reiici
1073 2785 1132 2834 vult
1155 2786 1308 2851 Hengatcn-

765 2857 846 2922 berg:
866 2857 909 2905 De
919 2855 1038 2920 Tyriorr.
1053 2853 1128 2904 rebb.
1141 2870 1167 2918 p.
1177 2854 1208 2905 10
1221 2870 1307 2919 seqq„

769 2926 814 2991 qui
832 2925 897 2974 lieet
910 2925 969 2989 ipse
984 2925 1085 2988 Tyrum
1100 2922 1247 2974 insularem
1261 2939 1308 2973 an-

766 2995 946 3060 tiquissimam
964 2992 1076 3054 habeat,
1103 3008 1197 3057 parum
1215 2999 1307 3044 tamen

766 3066 800 3114 iis
824 3063 996 3114 tribuendam
1020 3077 1080 3112 esse
1102 3066 1208 3126 censet,
1237 3077 1307 3128 quaa

765 3134 798 3184 de
823 3133 906 3182 nimio
935 3147 1066 3181 annorum
1090 3147 1201 3182 numero
1231 3133 1306 3184 urbis

764 3203 904 3256 Herodoto
924 3202 1080 3252 sacerdotes
1099 3203 1247 3266 narrarint,
1268 3203 1307 3252 id·

764 3289 816 3338 qus
840 3271 948 3323 omnino
971 3270 1066 3322 referri
1089 3269 1148 3321 vult
1177 3271 1212 3322 ad
1235 3289 1306 3324 cem-

763 3358 870 3394 munern
882 3341 1054 3406 antiquitatis
1071 3342 1233 3405 opinionem,
1252 3357 1306 3407 qua

763 3412 856 3478 populi
881 3411 941 3462 aliis
960 3411 1173 3476 praestantiores
1198 3427 1227 3462 se
1246 3427 1306 3462 esse

764 3487 847 3548 atque
869 3481 962 3532 baberi
988 3480 1146 3542 voluerunt,
1175 3496 1206 3530 eo
1234 3481 1305 3546 quod

763 3567 893 3602 summam
911 3551 1102 3615 antiquitatem
1119 3550 1171 3599 sibi
1187 3564 1305 3600 assume-

763 3627 862 3673 rent.
880 3622 937 3674 Nec
965 3620 1011 3670 de
999 3621 1107 3671 uerunt
1136 3623 1230 3669 nostra
1261 3635 1304 3668 ae-

763 3697 821 3744 tate
839 3691 901 3754 alii,
926 3691 972 3756 qui
989 3691 1091 3754 Tyrum
1109 3687 1246 3738 conditam
1269 3689 1304 3738 ad

763 3763 844 3828 lenge
866 3730 1018 3826 pdsteriora
1040 3763 1162 3823 tempora
1181 3758 1305 3808 detrude·

764 3837 840 3895 rent,
863 3829 1021 3912 pqatbabita
1036 3827 1170 3879 Herodoti
1187 3829 1304 3877 auctori·

764 3905 836 3963 tate,
855 3901 898 3950 cui
913 3915 985 3950 nunc
999 3899 1106 3964 egregie
1116 3897 1303 3962 patrocinatus

763 3976 805 4022 est
822 3939 942 4021 llorere:
962 3967 1158 4018 DiePhoenin.
1178 3967 1215 4030 11,
1233 3969 1256 4018 1.
1275 3985 1302 4032 p.

764 4040 815 4092 134
823 4055 898 4104 seqq
909 4040 955 4090 1111
965 4053 1041 4103 seqq.
1061 4037 1089 4086 Is
1100 4036 1171 4087 enirn
1182 4052 1214 4086 ea
1216 4053 1303 4101 ‚quac

762 4110 918 4160 Herodotus
936 4107 963 4158 b
981 4107 1000 4158 l.
1013 4107 1158 4157 memoriae
1174 4074 1302 4171 prddidit,

763 4195 797 4229 ex
811 4178 976 4228 Phoenicum
995 4177 1139 4226 annalibus
1158 4176 1303 4240 probabili·

762 4253 805 4298 ter
822 4248 918 4309 ducta,
943 4247 984 4296 ita
1005 4245 1057 4296 fide
1081 4245 1162 4312 digna
1181 4261 1303 4310 prorsus-

763 4333 815 4382 que
829 4332 895 4368 rera
906 4331 966 4366 esre
979 4313 1108 4380 ostendIt,
1127 4321 1157 4367 ut
1167 4316 1214 4366 vin
1227 4317 1304 4380 quid·

1028 4396 1093 4462 34*
