3088 4944
232 299 296 364 399
669 297 937 362 HHRODO'PI

234 505 266 548 τι
287 471 461 564 γεγόνασι,
484 479 594 562 μωρίη
613 472 719 563 πολλὴ
743 475 871 562 λέγειν·
899 478 968 544 τῶν
981 471 1145 562 ’Ἄβαντες
1161 477 1225 566 μὲν
1247 478 1279 560 ἐξ
1299 475 1369 547 Εὖ-

234 588 330 671 βοίης
353 581 417 650 εἰσὶ
439 571 501 646 οὐκ
525 579 681 666 ἐλαχίστη
701 595 817 668 μοῖρα,
848 593 934 648 τοῖσι
952 575 1079 667 Ἰωνίης
1099 582 1182 668 μέτα
1207 577 1288 650 οὐδὲ
1310 587 1371 652 τοῦ

234 682 418 774 οὐνόματος
437 676 556 750 οὐδέν·
596 679 728 752 Μινύαι
755 683 792 753 dl
819 678 1024 772 Ὀρχομένιοι
1051 678 1292 774 ἀναμεμίχαται
1315 688 1371 755 καὶ

128 778 131 786 ’
233 795 398 879 Καδμεῖοι
420 786 476 855 καὶ
496 782 653 875 Δρύοπες
673 789 729 856 καί
748 789 881 866 Φωκέες
901 783 1102 876 ἀποδάσμιοι
1123 791 1179 858 καὶ
1198 793 1371 860 Μολοσσοὶ

234 958 357 1024 Theogn.
382 955 434 1008 48ss
463 952 586 1034 suppleri
605 945 705 1004 vult'
688 969 776 1020 οντες,
829 961 939 1038 recepta
963 959 1018 1006 est:
1037 945 1225 1022 Ὀρχομένιοι.
1271 959 1370 1024 Negris

234 1035 265 1080 nt
288 1030 416 1093 iungatur
445 1021 552 1089 μᾶλλον
573 1012 683 1089 ”,Ιωνες
712 1025 778 1075 mihi
828 1025 914 1076 edidit
927 1017 1103 1090 Ὀρχομένιοι
1129 1029 1371 1092 σοναναμεμίχα-

233 1115 290 1150 non
308 1113 376 1163 opus
396 1111 456 1147 esse
480 1093 597 1144 videtur.
641 1096 692 1146 Est
711 1111 777 1146 vero
828 1111 888 1160 ται,
907 1096 990 1147 scribi
1006 1111 1113 1177 qnoque
1124 1112 1205 1162 posse
1223 1096 1369 1150 adiiciens·

233 1170 302 1220 haec
318 1167 452 1217 Herodoti
470 1164 615 1230 sententia,
630 1165 777 1218 absurdum
823 1134 1005 1250 Ὀρχομένιοί
1021 1179 1051 1214 τε
1072 1156 1290 1232 ἆναμεμίχαται;
1315 1169 1371 1219 He-

234 1255 295 1291 esse
321 1237 423 1299 dicere,
456 1235 505 1285 hos
533 1235 628 1296 Iones,
663 1251 777 1301 quornm
828 1235 922 1288 rold.'
915 1253 942 1286 ra
961 1236 1078 1317 Specim.
1096 1237 1229 1288 Emendd.
1246 1239 1369 1291 Hcrodd.

234 1311 290 1360 sint
313 1306 456 1358 duodecim
480 1306 551 1355 istae
571 1305 665 1369 urbes,
689 1307 776 1372 magis
828 1308 982 1358 coniecerat
995 1297 1176 1370 Ὀρχομένιοί
1196 1321 1255 1372 σφι.
1286 1309 1370 1373 Egre-

234 1381 315 1431 Iones
339 1393 400 1428 ense
417 1391 497 1442 quam
520 1374 638 1440 reliquos
659 1344 776 1426 hliarum
827 1379 871 1442 gie
887 1376 1014 1428 Palmerii
1036 1376 1251 1428 emendationem
1272 1380 1371 1442 probat

235 1456 366 1502 terrarum
384 1447 479 1509 Iones,
499 1444 660 1496 nobiliorive
680 1462 777 1512 genere
827 1447 982 1498 Pausaniae
1004 1445 1081 1497 locus
1101 1446 1244 1510 laudatus,
1273 1449 1350 1498 nbi
1343 1465 1370 1499 m

235 1518 364 1571 oriundos
381 1521 430 1567 aut
443 1515 591 1567 honestiori
609 1514 669 1565 loco
685 1521 777 1569 natos.
828 1517 969 1584 gentibue,
988 1532 1058 1582 quae
1073 1517 1185 1567 Ionibus
1198 1521 1264 1568 tnnc
1281 1533 1371 1570 acces·

233 1592 294 1642 Hoc
313 1589 384 1640 enirn
405 1586 457 1636 sibi
475 1584 571 1637 volunt
589 1585 685 1637 verba:
711 1577 776 1636 acl·
828 1589 922 1668 serint,
934 1592 1109 1638 recensentur
1122 1577 1371 1652 ¹-OpzopivsotMr

235 1652 297 1709 λιόν
315 1675 341 1708 τι
359 1648 504 1722 γεγόνασι,
528 1656 557 1704 ἱιι
575 1655 672 1721 quibus
691 1655 778 1708 Cobet
829 1650 895 1707 νύαι
920 1655 1067 1726 σομγενεία
1090 1655 1148 1706 τοῖν
1171 1654 1287 1720 Ko'dpec
1305 1657 1371 1708 παί-

234 1730 313 1782 Varr.
328 1729 417 1779 Lectt.
435 1742 462 1792 p.
476 1725 526 1776 157
542 1727 660 1792 expungi
674 1725 734 1777 vult
751 1743 777 1776 τι
829 1725 888 1777 διον
910 1728 986 1793 (nam
1008 1707 1089 1777 Codri
1107 1726 1280 1779 Atheniensis
1297 1729 1370 1795 regis

234 1805 318 1866 atque
334 1789 450 1847 ιιαλΙιον
466 1811 514 1861 μισ
533 1796 662 1847 adverbio
678 1796 776 1862 accipi.
828 1798 898 1848 filios
913 1798 1010 1850 Ionum
1029 1797 1196 1862 expeditioni
1218 1798 1371 1864 praefuisse

235 1871 303 1923 Inde
321 1869 476 1919 bandvana
492 1867 601 1917 videtur
612 1867 777 1918 Dahlmanm
828 1867 958 1934 constat).
1000 1867 1118 1918 Eosdem
1141 1869 1249 1934 Minyas
1270 1869 1371 1920 Orcho-

236 1940 275 2006 (in
292 1939 426 1991 Herodot.
442 1935 580 2003 peg.lld)
600 1938 778 2002 atqueKlsu-
828 1939 931 1990 menies
954 1939 1039 1988 Teum
1065 1937 1213 1989 condentes
1240 1945 1372 1990 memorat

235 2011 304 2062 senii
320 2008 366 2073 (ad
380 2008 513 2058 Hecataei
525 2007 649 2072 fragmm.
661 2025 689 2074 p.
705 2006 776 2074 108.)
827 2009 899 2060 idem
920 2008 990 2070 VII,
1011 2007 1037 2060 3.
1062 2011 1088 2072 5.
1112 2008 1137 2060 3.
1174 2008 1245 2059 Add.
1266 2010 1318 2074 lx,
1337 2010 1370 2062 37

235 2080 369 2145 suspicio,
388 2077 558 2128 Herodotum
576 2077 643 2128 haec
662 2093 779 2143 pronun·
828 2080 873 2132 fin.
903 2083 931 2128 et
953 2078 1017 2128 vide
1040 2079 1149 2128 omnino
1170 2079 1297 2131 Mueller.
1322 2081 1371 2132 Or-

234 2153 305 2201 tiare
327 2152 423 2199 contra
446 2147 613 2197 Hecataeum
630 2148 777 2210 Milesium,
829 2151 1021 2213 chomcnosp.
1044 2148 1096 2200 399
1115 2163 1171 2214 seq.
1202 2150 1370 2202 Lachmann.

235 2219 368 2284 simulque
393 2217 504 2268 Ionicae
535 2217 624 2282 gentis
650 2233 778 2284 arrogan-
828 2221 919 2284 Spart.
933 2218 1143 2270 Staatsverfass.
1158 2235 1185 2284 p.
1197 2219 1231 2270 38
1241 2236 1308 2288 seq
1326 2222 1372 2287 qui

235 2293 302 2342 tiam
321 2287 487 2354 quandam'
480 2303 508 2336 ιιι
529 2286 658 2338 iactando
680 2303 778 2353 genere
828 2291 936 2355 Minyos
959 2289 995 2339 ad
1019 2289 1140 2338 Ionicum
1167 2290 1278 2354 stirpem
1302 2293 1371 2342 refe-

235 2359 323 2412 nobili
345 2357 490 2422 reprimere
512 2356 646 2420 voluisse,
674 2373 779 2410 summe
829 2375 891 2411 rens
913 2359 1082 2410 Herodotum
1108 2375 1202 2423 parum
1218 2365 1293 2410 recte
1321 2361 1369 2410 hos

235 2431 298 2482 inde
316 2442 445 2480 curaeos
466 2431 664 2490 recensentem,
690 2428 778 2493 siqui
829 2430 915 2480 rideri
939 2431 1036 2479 statuit
1055 2428 1215 2479 discrevisse
1239 2429 1273 2478 ab
1299 2429 1370 2479 Ioni

236 2503 329 2552 forsan
351 2497 421 2548 alius
448 2497 539 2561 stirpis
557 2497 653 2547 Ιοιιιιιιι
672 2498 778 2562 expedi·
829 2501 893 2563 bus,
914 2500 1074 2564 quibuscum
1093 2499 1216 2562 primitus
1232 2499 1370 2548 coniuncti

235 2571 306 2622 tioni
324 2569 352 2618 in
369 2567 462 2617 Asiam
486 2567 720 2632 commigrantium
739 2570 779 2618 in·
829 2570 939 2621 fuerint.
970 2569 1037 2619 Mihi
1054 2573 1145 2617 tamen
1162 2568 1316 2632 respicienti
1334 2567 1370 2618 ad

236 2639 391 2700 terfuerint‚
416 2637 512 2702 quibus
539 2637 684 2702 integritas
707 2639 779 2690 Ioni·
831 2656 877 2702 ca,
906 2655 977 2705 quae
998 2635 1144 2688 Muellerus
1167 2637 1195 2686 in
1220 2637 1289 2688 libro
1312 2637 1371 2688 lan-

236 2727 285 2763 cee
304 2708 396 2773 stirpis
414 2707 556 2757 imminuta
573 2707 665 2760 fuerit.
698 2709 779 2760 Facit
831 2711 896 2761 dato
922 2714 1005 2774 atque
1025 2709 1182 2758 Buttmann.
1209 2708 1238 2757 in
1262 2708 1371 2773 Mytho·

235 2782 289 2832 hnc
311 2792 417 2845 qnoque
439 2793 456 2828 a
481 2778 527 2829 Cr.
559 2777 660 2829 citatus
686 2779 716 2830 C.
744 2779 778 2831 0.
829 2780 884 2846 leg.
905 2780 943 2830 11.
963 2795 990 2844 p.
1011 2778 1061 2830 194
1073 2793 1148 2843 seqq.
1167 2777 1201 2829 de
1216 2778 1307 2843 prisca
1320 2779 1371 2828 Mi-

236 2849 359 2904 Mueller.
388 2849 417 2898 in
446 2847 606 2900 Orchomen.
637 2864 701 2914 pag.
727 2849 778 2900 399
829 2865 943 2916 nyarum
960 2851 1041 2914 gente
1059 2847 1279 2913 disputaverunt,
1302 2848 1371 2900 haec

236 2939 308 2988 seq.
337 2919 384 2969 ubi
418 2933 464 2968 eos
490 2923 614 2968 recenset
639 2919 778 2983 Boeotios,
830 2925 904 2972 certe
921 2934 987 2985 gens
1006 2919 1041 2969 ab
1058 2919 1169 2969 Ionibus
1187 2919 1267 2984 plane
1283 2935 1372 2970 secer·

236 2992 369 3044 Cadmeos
399 2989 457 3038 sive
485 2988 631 3039 Thebanos
664 2988 778 3052 aliosve,
830 2989 920 3041 nenda
935 2989 1051 3039 videtur.

236 3063 284 3128 qni
296 3076 351 3111 una
369 3074 429 3110 cum
442 3058 582 3109 Ionibus
574 3075 603 3108 m
614 3059 706 3110 Asiam
719 3076 779 3124 pro·
863 3055 911 3109 aul
928 3049 1077 3122 dodonec,
1101 3054 1149 3109 καί
1169 3049 1317 3116 Φοιιιὲες’
1301 3073 1372 3110 uuo-

237 3131 305 3182 fccti
327 3130 391 3179 sint.
436 3129 479 3178 Τιι
506 3127 578 3178 conf.
609 3130 779 3194 potissimum
829 3121 954 3196 δάσμιοι]
973 3130 1098 3193 Dryopes
1112 3130 1213 3194 primas
1232 3129 1310 3180 sedes
1326 3130 1373 3180 ha-

235 3199 390 3254 Pansaniae
409 3198 497 3248 locum
515 3198 660 3250 classicum
677 3199 778 3263 vn,2.
829 3200 933 3250 bebant
950 3198 1023 3249 circa
1043 3199 1140 3250 Oetam
1160 3205 1293 3263 montem,
1311 3216 1374 3251 con-

238 3275 263 3336 g.
282 3273 307 3322 2.
328 3268 390 3320 οοΙΙ.
408 3269 471 3330 VII,
492 3267 517 3319 3.
536 3271 573 3386 §.g
580 3269 606 3319 5.
829 3270 920 3334 liguas
937 3268 1034 3319 Doridi
1057 3274 1156 3321 terrae.
1192 3269 1271 3321 Unde
1294 3271 1374 3322 eiecti

271 3338 328 3389 τοῖν
339 3306 471 3405 ’Ἄβαντες
486 3331 587 3398 plaic
573 3328 778 3404 ξΕὔβοίηςτ.
828 3338 1014 3390 inPh'ocidenr
1033 3339 1111 3391 iuxta
1120 3343 1286 3391 Parnassum
1299 3355 1374 3390 mon-

235 3407 696 3476 s.l.]Consent1tPaussmasll.
722 3409 779 3458 Pri·
829 3415 883 3460 tem
910 3425 940 3458 se
962 3414 1137 3474 receperunt3
1162 3425 1217 3474 qua
1238 3414 1311 3460 terra
1333 3425 1373 3458 re·

236 3481 318 3532 mitus
341 3483 432 3529 autem
454 3477 522 3529 haec
547 3494 614 3542 gens
638 3493 671 3528 ex
695 3478 780 3528 Thra·
828 3479 897 3530 licta
919 3479 953 3529 ab
973 3479 1090 3530 Hercule
1113 3481 1140 3528 in
1156 3478 1372 3542 Peloponnesum

236 3553 296 3603 ciac
318 3548 474 3613 regionibus
504 3548 627 3614 proiecta
655 3548 682 3597 in
710 3549 780 3598 Pho·
830 3549 906 3600 ducti
921 3549 1208 3612 ocouparunthsInem
1223 3546 1371 3597 terreeAr-

236 3622 296 3673 cide
315 3619 392 3670 sedes
411 3618 484 3680 fixit,
510 3618 581 3668 unde
599 3623 663 3683 post
680 3618 709 3667 in
726 3619 780 3668 Eu·
830 3619 940 3686 gelidis.
972 3618 1050 3668 Coul.
1064 3621 1175 3671 Homer.
1194 3615 1237 3666 Ili.
1257 3617 1294 3676 11,
1308 3613 1370 3667 569.

236 3693 331 3742 boeem
343 3689 459 3740 insulam
473 3688 647 3753 immigravit,
668 3693 780 3739 auctore
830 3691 866 3740 Et
885 3690 948 3740 inde
965 3687 1078 3738 Ionibus
1097 3687 1228 3753 quosdam
1248 3701 1307 3737 sese
1327 3684 1373 3735 ad-

209 3789 214 3796 ·
237 3762 372 3813 Strabone
395 3761 430 3810 X.
453 3776 480 3824 p.
504 3759 556 3810 982
579 3760 611 3808 Β.
635 3757 683 3819 C..
716 3756 779 3810 coll.
830 3760 949 3809 inminse
968 3759 996 3806 in
1014 3757 1106 3807 Asiam
1125 3757 1303 3818 transvectis,
1328 3771 1373 3806 ve-

237 3830 327 3882 Schol.
347 3829 383 3880 ad
397 3830 508 3880 Homer.
528 3827 570 3878 Ili.
590 3828 627 3889 11,
648 3827 714 3890 536,
733 3827 780 3877 ubi
829 3827 942 3878 risimile
975 3826 1083 3876 videtur
1112 3825 1258 3876 Larohero.
1305 3826 1373 3876 Post

237 3916 334 3950 nomen
355 3900 443 3960 gentis
461 3899 495 3948 ab
514 3897 621 3948 Abante
638 3913 710 3962 rege,
729 3897 780 3947 Ne·
829 3913 894 3948 vero
917 3897 999 3946 Asine
1023 3897 1119 3945 iterum
1143 3895 1222 3945 eiecti
1247 3897 1373 3960 Dryopes

237 3970 316 4034 ptnni
346 3967 414 4029 filio,
449 3967 589 4032 repetitur.
631 3967 710 4018 Coni.
737 3967 778 4018 Io.
831 3965 912 4018 aliem
930 3967 959 4014 in
976 3965 1230 4015 terraMesseniaca
1243 3981 1374 4030 accepere

237 4037 328 4089 Kofod
346 4037 465 4086 Whitte:
494 4039 536 4086 De
554 4036 634 4087 rebus
652 4037 780 4088 Chiorum
831 4051 968 4100 regionem
979 4035 1014 4083 ab
1026 4035 1261 4097 Lacedaemonas
1280 4035 1374 4086 aliam-

238 4107 323 4173 pnhll.
342 4106 443 4164 [Havn.
452 4105 542 4183 1838)
561 4123 661 4186 pag.
645 4105 677 4156 19
691 4121 766 4170 seqq.
831 4121 883 4170 que
908 4104 963 4155 illic
992 4104 1171 4154 condiderunt
1195 4105 1304 4156 Asinam
1331 4121 1374 4156 ur-

273 4169 386 4226 Μινιάι
406 4168 438 4222 δὲ
452 4163 627 4255 Ὀοχομενιοι
645 4166 780 4238 ἇναμεμί-
831 4175 906 4236 bem,
925 4175 958 4224 de
977 4189 1030 4238 qua
1047 4175 1147 4224 Noster
1164 4175 1244 4236 vm,
1263 4176 1308 4226 46.
1328 4175 1372 4226 73.

238 4244 331 4311 χαται]
352 4244 428 4294 Libri
446 4258 538 4294 omncs
558 4235 780 4308 ’'Opgopevcecom
832 4212 912 4295 Conl.
920 4244 973 4297 C.
957 4245 989 4294 Γ.
995 4245 1146 4295 Hermann:
1155 4213 1262 4296 Griech.
1270 4246 1376 4297 Stacta-

239 4316 386 4381 quodcum
399 4329 512 4378 pravum
525 4328 584 4364 esse
600 4319 706 4378 pateat,
719 4313 781 4364 Pal·
833 4314 942 4366 alterth.
966 4317 991 4377 ξ.
1012 4315 1055 4364 77.
1079 4319 1136 4365 not.
1154 4316 1197 4366 21.
1221 4315 1263 4368 ed.
1283 4321 1374 4382 quart.

238 4385 317 4440 marii
345 4382 499 4437 emendatio
526 4398 599 4436 nunc
622 4383 650 4434 in
677 4387 781 4436 textum
867 4379 914 4440 aul
933 4380 1042 4444 Φωκέες
1058 4373 1244 4454 ἀποδάσμιοι]
1265 4380 1376 4444 Φωκέες
