3088 4922
251 267 313 332 522
594 263 601 280 “
683 267 952 332 ΗΕΒΟΒΟΤΙ

253 441 355 524 ἄλλος
382 441 493 524 πόλις·
529 439 752 532 ἇνοούξαντες
780 443 818 512 δὲ
843 439 884 511 τὰ
911 439 1010 513 ὀστέα
1035 438 1202 530 ἆτοῖγουσι
1229 446 1286 516 καὶ
1317 444 1383 516 δᾶ-

252 568 372 618 ιιτουοι
405 550 438 626 ἐς
465 550 526 616 ἕνα
552 552 662 637 χῶρον
687 546 819 627 πάντες.
861 544 946 616 κατὰ
970 542 1076 616 ταύτὰ
1103 545 1141 616 δὲ
1172 563 1260 618 τοῖσι
1286 550 1386 637 βουσὶ

253 655 309 724 καὶ
335 641 440 721 τᾶλλα
471 650 593 741 κτήνεα
620 649 791 720 θάπτουσι
822 646 1100 740 ἀποθνήσκοντα·
1134 654 1190 722 καὶ
1216 650 1280 742 γὰρ
1308 656 1385 742 περὶ

251 762 354 827 ταῦτα
369 751 457 824 οὕτω
471 776 533 844 σφι
548 758 825 846 νενομοθέτηται·
854 761 1023 824 κτείνουσι
1037 752 1101 843 γὰρ
1117 753 1159 844 δὴ
1174 753 1255 827 οὐδὲ
1268 761 1383 826 ταῦτα.

204 858 338 931 odora
357 860 420 948 plo
440 856 482 948 δὴ
500 856 583 941 Διὸς
599 862 763 950 Θηβαιέος
783 862 939 949 ἵδρυνται
959 856 1049 948 lodo,
1071 854 1091 948 ἦ
1112 866 1218 948 νομοῦ
1237 867 1298 930 τοῦ
1314 869 1382 950 Θη-

252 1063 285 1114 Iu
299 1077 375 1128 seqq.
392 1051 505 1124 πάντες,
523 1060 596 1126 quod
612 1077 673 1112 cnm
687 1062 713 1112 vi
727 1077 792 1126 qna·
843 1063 913 1113 tinet
924 1077 988 1112 vero
1002 1059 1144 1124 deshsec,
1163 1079 1244 1128 quarn
1257 1061 1293 1114 ad
1303 1063 1384 1116 Grae-

251 1134 313 1184 dam
331 1133 359 1182 in
382 1131 485 1197 periodi
508 1130 561 1182 fine
582 1131 700 1196 positum
718 1131 792 1182 vide-
842 1147 934 1184 corum
947 1132 1079 1182 Venerem
1089 1131 1219 1194 referunt,
1233 1132 1268 1184 ad
1281 1149 1385 1183 summu

251 1209 309 1264 tur,
338 1203 442 1253 Gesner
464 1201 492 1250 in
513 1201 663 1252 Chrestorn.
693 1201 790 1254 Gracc.
841 1202 1036 1267 Aegyptiorum
1060 1203 1171 1252 numina
1192 1207 1275 1268 atque
1292 1218 1325 1252 ex
1345 1203 1384 1252 iu-

251 1291 278 1338 p.
297 1275 330 1323 22
349 1271 448 1322 mutari
468 1271 528 1322 vult
550 1272 578 1321 in
601 1264 707 1336 πάντα,
732 1288 792 1338 pro·
842 1273 920 1324 finito
940 1271 1030 1337 spotio
1049 1271 1175 1340 (Panobt)
1190 1288 1332 1323 emanasse
1345 1273 1384 1324 di·

250 1345 333 1394 hunte
356 1340 501 1392 harchero.
544 1341 598 1392 Sed
620 1343 679 1392 iure
700 1357 792 1407 respo·
843 1343 914 1394 citur
943 1357 1029 1406 sequa
1057 1358 1089 1393 oc
1111 1341 1163 1393 doe
1192 1341 1278 1393 cltere
1303 1343 1382 1402 Sute3

251 1416 330 1464 erunt
346 1411 408 1463 edd.
419 1415 534 1461 reccutt.
569 1411 693 1462 Vidimus
712 1411 791 1462 modo
843 1429 913 1478 queo
933 1417 963 1462 ut
986 1411 1073 1462 luccm
1095 1412 1219 1476 diemque
1238 1412 1383 1478 significet,

250 1484 382 1534 Venerem
402 1481 544 1545 Aegyptiis
564 1486 689 1532 vocatam
708 1482 793 1532 inisse
843 1485 882 1534 ite
905 1483 973 1533 hseo
996 1481 1059 1546 dea,
1084 1483 1143 1533 sive
1169 1483 1301 1534 Venerem
1327 1484 1385 1533 sive

250 1553 342 1616 Athon,
362 1553 381 1603 i.
400 1567 424 1601 ο.
444 1556 560 1613 noctem,
579 1567 649 1616 quae
665 1551 792 1614 omnium,
843 1553 929 1604 Athon
951 1553 1040 1614 dices,
1070 1553 1197 1603 tenebras
1222 1557 1249 1604 et
1277 1558 1384 1603 noctem

251 1639 321 1688 quae
338 1623 367 1672 in
384 1635 472 1672 rerum
486 1627 586 1672 nature.
597 1627 674 1684 sunt,
693 1637 792 1687 parcns
843 1623 977 1686 declarat,
996 1621 1144 1687 eadamque
1158 1623 1239 1673 etiem
1249 1623 1383 1686 omuibus,

251 1698 293 1744 est
311 1709 344 1742 sc
361 1691 487 1757 genitrix.
523 1693 647 1756 Namque
667 1708 720 1742 uox
738 1707 793 1742 orn·
842 1709 912 1759 quae
936 1693 965 1742 in
986 1707 1074 1743 rerum
1098 1698 1196 1743 natura
1214 1692 1282 1743 fiunt
1303 1697 1384 1759 atque

250 1765 324 1814 nium
342 1777 430 1813 rerum
448 1762 551 1812 semino
570 1766 598 1812 et
616 1763 695 1812 initia
717 1763 744 1811 in
763 1777 792 1812 se
841 1765 869 1814 in
887 1763 973 1813 locem
991 1761 1139 1827 prodeunt,
1164 1763 1317 1827 praesidere
1340 1779 1384 1814 ea-

250 1833 389 1885 contiuere
411 1836 535 1896 putatur,
561 1837 592 1881 ut
614 1832 677 1883 inde
701 1832 792 1884 omnia
842 1836 957 1899 demque
967 1832 1039 1882 alere
1057 1848 1090 1883 sc
1103 1834 1206 1884 nutrire
1218 1833 1382 1899 perhibetur.

251 1904 414 1968 provenient
426 1907 508 1967 atque
527 1902 657 1968 originem
670 1903 790 1968 cupiunt.
842 1904 910 1954 Inde
926 1903 960 1953 ud
974 1902 1074 1953 Isidem
1091 1903 1202 1968 propius
1218 1903 1324 1954 aceedit
1342 1919 1385 1954 οι-

250 1975 342 2036 Qnere
363 1977 391 2022 ct
413 1973 463 2023 hos
490 1971 532 2022 illi
565 1977 740 2024 consecratus
764 1977 791 2021 et
842 1973 1024 2039 demqueiere
1039 1972 1306 2024 habetattributeet
1321 1989 1385 2025 vac·

250 2043 429 2104 blemensis,
451 2057 505 2106 quo
523 2041 611 2092 Osiris
628 2043 741 2106 periisse
752 2041 793 2090 di·
843 2059 901 2096 cam
921 2057 1007 2108 aeque
1026 2048 1227 2104 consecratam
1252 2059 1303 2094 nec
1324 2045 1385 2108 ipsa
1460 2093 1464 2109 ,

251 2115 336 2178 citur,
354 2111 434 2162 Nilus
451 2111 555 2162 recedit
573 2116 601 2162 et
618 2117 691 2162 terre
707 2111 792 2162 nuda-
842 2113 923 2165 aliter
935 2114 991 2163 iere
1004 2119 1238 2178 repraesentetur,
1257 2115 1384 2165 cornibus

251 2191 309 2244 tur,
327 2197 381 2232 nox
398 2181 506 2246 longior
523 2181 567 2243 fit,
587 2181 716 2232 tenebrae
735 2197 791 2231 ore·
843 2182 886 2234 vel
905 2183 980 2234 diaco
1000 2183 1071 2233 inter
1090 2183 1142 2234 duo
1166 2198 1268 2234 coruus
1284 2185 1384 2249 posito,

251 2257 332 2304 scuut
347 2251 470 2316 lucisque
494 2256 638 2315 superatur
659 2267 693 2302 ac
717 2251 793 2302 tube-
843 2253 958 2317 ullisque
986 2251 1173 2304 consimilibus
1197 2253 1277 2304 houm
1306 2257 1385 2304 orne-

252 2324 304 2372 soit
330 2322 386 2383 ris,
413 2325 445 2370 ut
473 2321 568 2371 scribit
593 2320 732 2372 Plutarch.
759 2321 793 2370 de
844 2323 942 2374 mentis
960 2323 1081 2388 cdcoqne
1099 2324 1159 2388 ipso
1177 2323 1267 2388 capito
1284 2323 1383 2373 bovino

252 2391 325 2444 Isido
340 2396 367 2441 et
386 2389 494 2440 Osiride
512 2406 572 2455 cup.
597 2391 641 2442 ³9.
659 2407 723 2455 pag.
741 2389 793 2441 366
843 2395 989 2453 instrueta3
1003 2394 1039 2444 oi.
1053 2393 1131 2444 modo
1144 2393 1221 2444 Hirt:
1239 2391 1381 2444 Abhandll.
1399 2417 1409 2436 ι

252 2480 274 2513 s·
293 2462 340 2512 50¹
362 2463 450 2523 wyte.
476 2463 563 2520 „Erat
584 2476 618 2511 ee
643 2460 694 2510 dee
716 2461 793 2510 Atar-
844 2463 870 2514 d.
889 2463 991 2514 Berlin.
1012 2463 1100 2514 Akad.
1123 2461 1188 2514 1820
1211 2461 1333 2512 et1821.
1354 2479 1381 2527 p.

252 2531 330 2582 bechi
354 2530 408 2581 ooli
429 2529 512 2580 solita
535 2530 642 2593 eudem,
673 2531 792 2595 quaein
846 2532 895 2585 137
919 2548 995 2598 seqq.
1020 2537 1048 2584 et
1070 2532 1233 2584 wilkinson.
1252 2532 1380 2582 Mauuers

252 2601 461 2652 Dodonaeorum
485 2599 661 2662 religionibus
679 2601 793 2652 Veneris
845 2607 898 2654 eto.
923 2618 978 2652 sec.
1002 2603 1128 2654 ser.111.
1154 2602 1190 2668 pl.
1214 2602 1248 2654 36
1271 2601 1332 2653 coli.
1355 2601 1380 2652 1.

252 2671 354 2722 Diones
371 2671 478 2721 nomine
499 2669 660 2722 celebretur.
696 2671 794 2736 Arguit
844 2690 871 2738 p.
888 2671 937 2723 381
958 2689 1015 2738 seq.
1053 2674 1086 2724 In
1109 2673 1181 2723 notis
1204 2671 1384 2738 hieroglyphi-

252 2741 394 2792 colnmbsc
418 2740 568 2805 symbolum
587 2741 620 2791 ab
641 2757 673 2792 ca
691 2740 793 2806 gauteri
843 2743 960 2794 oiedeue
972 2759 1068 2794 nomen
1085 2743 1215 2806 scriptum
1227 2743 1384 2793 sonatiHut-

253 2811 365 2874 solitse‚
391 2815 508 2876 arguunt
532 2810 597 2872 alia,
622 2827 692 2876 quea
713 2827 793 2875 expo·
843 2813 888 2864 voh
906 2829 928 2864 a.
947 2812 1038 2863 Ardor.
1076 2813 1119 2864 Ci.
1139 2811 1259 2877 Pnrthey
1276 2811 1384 2862 adPlu-

252 2897 316 2933 nere
328 2881 438 2946 longum
452 2884 503 2930 est.
541 2881 582 2930 Αδ
599 2881 657 2931 eius
673 2881 740 2931 dece
751 2897 794 2930 sc·
844 2883 931 2934 taroh.
949 2881 969 2933 l.
988 2881 1007 2933 l.
1026 2899 1052 2946 p.
1073 2885 1124 2933 252
1143 2899 1201 2947 seq.
1217 2887 1245 2932 et
1263 2883 1384 2948 inprimis

252 2969 325 3004 crum
353 2949 470 3001 insulam
499 2967 531 3000 ax
555 2951 683 3001 universa
705 2951 793 3016 Aegy·
843 2953 944 3004 Rooth:
963 2953 1124 3004 Geschiclrte
1144 2953 1171 3003 d.
1191 2953 1293 3003 Philos.
1312 2953 1336 3004 l.
1355 2969 1382 3016 p.

251 3028 299 3088 pto
323 3023 403 3073 bourn
423 3020 603 3072 musculorum
625 3021 793 3072 deveheban-
845 3025 937 3075 ittet
953 3027 1025 3074 nott.
1038 3039 1065 3086 p.
1075 3021 1108 3074 ill
1126 3038 1203 3088 seqq.
1217 3053 1252 3064 -
1264 3023 1295 3072 ln
1308 3037 1383 3086 seqq.

252 3097 297 3142 tur
309 3107 384 3142 ossa:
398 3090 534 3142 hominum
544 3091 738 3156 Aegyptiorum
748 3105 793 3140 oa·
843 3093 942 3144 retinui
962 3083 1057 3152 πόλιςς
1088 3093 1123 3144 ci.
1146 3094 1263 3143 Bredov.
1288 3109 1313 3157 p.
1333 3094 1384 3142 264

253 3161 354 3212 devera
369 3160 571 3211 devehebantur
588 3161 746 3225 Memphim,
763 3160 790 3208 h.
843 3167 870 3214 et
887 3161 938 3213 266
957 3161 990 3212 de
1007 3162 1058 3213 hac
1074 3167 1216 3213 contrecta
1234 3163 1384 3213 accusativi

252 3230 614 3352 61131111ἵὲ66
636 3230 792 3351 hiddi
843 3234 938 3284 Μ·

253 3337 464 3422 sutllnsiridem
478 3371 566 3421 medio
582 3371 610 3421 iu
621 3370 712 3430 Delta,
727 3336 792 3419 clio3
1022 3403 1078 3455 cn
1104 3403 1186 3454 XLII

253 3457 319 3507 que,
341 3440 388 3490 uhi
407 3440 497 3490 Nilum
516 3441 714 3491 trsiioientibns
733 3455 792 3490 cos·
1081 3439 1088 3454 ’
1134 3477 1137 3480 -
1189 3440 1195 3454 “

252 3510 365 3562 meterin
382 3511 522 3574 patebant.
558 3511 647 3574 igitur
670 3513 793 3560 armento
856 3495 939 3559 Ὀσοι
948 3501 999 3558 clv
1010 3498 1047 3571 δὴ
1057 3498 1126 3562 Διὸς
1135 3502 1276 3569 Θηβαιέος
1287 3503 1384 3570 ἵδρυν-

253 3581 340 3631 allioit
357 3585 385 3630 ct
399 3581 499 3630 retinet
520 3579 572 3630 dea
589 3579 687 3640 Athon
705 3579 736 3628 iu
760 3595 792 3628 eo
843 3594 888 3628 ται
905 3571 980 3642 [οόν]
993 3575 1100 3628 Mavult
1113 3575 1276 3628 Valckenar.
1288 3577 1383 3628 scribi:

253 3651 335 3702 etism
354 3650 450 3700 similis
467 3650 566 3700 Veneri
582 3649 720 3700 Libitinae
740 3649 793 3698 uo-
844 3638 944 3705 ὅσοις
956 3641 1007 3710 μὲν
1023 3638 1058 3710 δὴ
1076 3645 1109 3696 Δ.
1125 3643 1159 3696 Θ.
1175 3643 1296 3706 ἵδρυται
1310 3637 1384 3705 [νόν.

253 3735 407 3780 manorum,
434 3735 504 3784 quoe
527 3719 678 3770 funebrium
705 3732 792 3770 rerum
845 3719 898 3771 Sed
913 3719 983 3768 bene
997 3715 1272 3782 monuitSchweigh.,
1291 3715 1385 3781 vulgu-

254 3791 371 3842 omnium
393 3805 503 3852 presses
527 3805 560 3840 ex
582 3788 792 3840 Dodonaeornur
844 3795 900 3839 turn
915 3787 986 3838 houd
1006 3785 1208 3838 sollicitandam
1227 3801 1302 3848 aare,
1325 3802 1387 3836 curn

253 3860 380 3911 sacrariis
392 3860 420 3909 iu
438 3859 548 3910 Latium
565 3859 698 3922 pervenit.
725 3859 794 3908 Eam
844 3855 976 3920 ἵδρυνται
994 3857 1064 3908 idem
1083 3857 1141 3908 iere
1159 3857 1196 3906 sit
1213 3861 1295 3922 atque
1309 3849 1387 3916 ἵδρυ-

254 3935 344 3980 autem
375 3929 524 3979 Libitinam
564 3928 673 3993 fugiunt
704 3926 794 3994 quoad
844 3923 932 3992 μένον
957 3921 1052 3992 ἔχουσι
1069 3943 1091 3976 a.
1112 3917 1245 3983 ἵδοδιιοσι
1263 3915 1384 3985 ἑαυτοῖς,

254 4003 368 4064 possunt
386 4013 492 4060 omues,
511 4001 539 4050 et
557 3999 618 4048 dira
633 4013 688 4050 non
706 3998 794 4048 miuus
845 4001 902 4058 out,
920 3996 992 4062 quod
1004 3996 1076 4046 inira
1089 3997 1126 4058 11,
1145 3997 1179 4047 tt
1193 3999 1292 4056 enatet,
1307 3989 1385 4057 idon-

253 4068 369 4118 habatur
404 4083 484 4132 quem
513 4069 688 4132 Proserpina.
725 4082 795 4131 quse
847 4057 1112 4128 οάμενοιέκτηνται.
1132 4065 1210 4118 Coui.
1225 4065 1307 4117 etiam
1317 4066 1387 4116 Pau-

254 4137 386 4204 quidquid
403 4137 439 4186 ad
461 4153 520 4188 earn
542 4138 710 4201 pervenerit,
732 4137 796 4186 reti·
846 4135 980 4196 son.111‚
1001 4136 1040 4186 15.
1066 4139 1091 4196 §-
1117 4136 1217 4187 booll.
1244 4139 1269 4200 ξ.
1289 4137 1320 4196 4,
1338 4131 1386 4183 ubi

253 4207 331 4258 net.“
360 4207 453 4258 Oreus.
472 4207 501 4256 in
519 4207 621 4258 Comm.
639 4207 705 4258 Her.
730 4221 794 4271 pao.
844 4204 918 4254 haud
934 4205 991 4256 scio
1009 4221 1043 4254 an
1061 4205 1175 4270 vulgata
1192 4203 1305 4263 ἵδρυται
1324 4202 1387 4280 reti·

256 4277 315 4328 118.
338 4277 394 4328 119.
428 4275 504 4326 Adde
518 4277 604 4326 eiusd.
618 4275 739 4341 Symbol.
754 4275 793 4326 11.
847 4274 948 4334 nendo,
967 4291 984 4324 a
1000 4275 1125 4326 bekkero
1144 4279 1250 4325 mutato
1264 4274 1292 4322 in
1307 4265 1386 4327 ἵδρυ-

254 4363 281 4412 p.
294 4345 346 4400 tto
363 4361 441 4410 seqq.
458 4345 506 4396 lv.
526 4361 552 4410 p.
564 4345 614 4397 307
628 4361 704 4411 seqq.
731 4346 795 4398 Per·
845 4358 913 4394 ιιαι.
938 4345 975 4394 Et
989 4343 1080 4396 oedem
1093 4360 1136 4396 res
1152 4345 1280 4395 continuo
1296 4339 1387 4392 decla-

244 4601 291 4610 ,μ
