2980 4932
590 214 716 278 OLIO.
740 219 764 278 I.
788 226 816 280 8.
1230 221 1270 284 23

133 387 398 471 σπουδαιέστερα
411 393 479 458 τῶν
493 389 696 480 πρηγμάτων
709 388 932 484 ὑπερετίθετο
945 387 963 461 ὁ
976 393 1197 482 Κανδαύλης,
1214 398 1272 466 ecl

138 486 181 574 δὴ
205 489 260 557 καὶ
279 487 316 556 τὸ
343 489 431 570 εἶδος
451 497 509 581 τῆς
534 494 691 582 γυναικὸς
717 493 983 589 ὑπερεπαινέων.
1018 496 1143 586 χρόνον
1170 498 1208 568 δὲ
1230 497 1272 568 ού

141 595 268 660 ποίίού
281 591 473 674 διελθόντος
486 600 582 685 (χρῆν
595 597 658 687 γὰρ
668 602 852 691 Κανδαύλῃ
863 603 1025 688 γενέσθαι
1038 606 1162 688 κακῶς)
1176 607 1271 690 ἔλεγε

138 691 223 782 πρὸς
239 691 301 764 τὺν
317 694 434 784 Γύγην
450 699 580 768 τοιάδε·
609 701 799 793 ,,Γύγη,·ού
821 705 885 794 γάρ
903 726 941 774 σε
962 709 1068 775 δοκέοι
1086 713 1276 776 πείθεσθαί

134 863 220 914 verbo
239 863 316 915 finito
334 865 400 930 poni
423 865 579 918 existiment
602 864 680 932 (citat
728 873 821 924 baum.
853 872 887 922 ad
921 871 1028 924 Platon.
1059 873 1213 939 Eutbyphr.
1244 891 1271 940 p.
1378 879 1385 892 ‘

135 937 184 988 Or.
205 935 300 1000 Poppo
320 935 403 985 Obss.
423 936 497 986 critt.
514 936 542 986 in
556 936 642 988 Thnc.
653 955 680 1004 p.
733 941 774 991 10.
792 941 834 991 11.

135 1004 208 1071 154),
228 1005 275 1054 vix
293 1021 310 1055 a
328 1021 371 1055 me
392 1005 541 1071 impetrare
559 1021 681 1072 possum.
768 1005 841 1072 ἔλεγε
858 1001 930 1072 πρὸς
947 1003 997 1060 τὸν
1019 1002 1129 1078 Γύγην]
1153 1013 1231 1062 Infra
1249 1013 1272 1076 1,

133 1075 215 1124 Ocni.
234 1075 317 1125 etiarn
328 1075 442 1124 Nitnsch
458 1075 604 1142 adOdyss.
618 1078 682 1142 XII,
736 1079 777 1130 10.
805 1077 834 1128 11
860 1071 967 1141 Γύγεα,
997 1095 1057 1129 oum
1084 1081 1164 1131 Ionee
1188 1082 1275 1134 multa

133 1143 195 1198 353·
215 1161 242 1210 P·
262 1145 323 1198 4⁰3·
343 1145 600 1220 3618031411οᾁ
620 1147 681 1210 031,
733 1149 838 1215 primae
852 1147 1042 1198 declinationis
1059 1151 1168 1200 nomine
1180 1167 1274 1201 secun-

133 1217 159 1266 4.
173 1231 199 1280 p.
217 1213 284 1266 1300
302 1215 374 1264 huuc
391 1214 481 1265 locum
500 1216 535 1266 ad
554 1233 595 1280 ea,
610 1233 680 1282 quea
733 1219 797 1269 dum
811 1217 922 1268 tertiam
941 1219 1180 1282 quoqueflectant.
1197 1219 1277 1271 Unde

133 1289 287 1336 monstrent
305 1285 449 1335 transitum
471 1286 679 1352 participiorum
731 1288 858 1350 Diodori,
866 1303 945 1352 quem
953 1287 1009 1338 vid.
1018 1303 1046 1353 p.
1057 1288 1120 1350 1111,
1129 1291 1156 1338 et
1164 1288 1277 1339 Dietscb

132 1357 162 1406 in
185 1356 297 1406 verbum
325 1355 430 1406 finitum
457 1360 486 1405 et
511 1357 572 1406 vioe
597 1373 678 1408 versa
729 1359 781 1410 boc
794 1357 857 1408 loco
868 1357 1012 1408 ediderunt
1024 1349 1129 1421 Γύγεα,
1143 1359 1277 1423 probante

133 1441 249 1492 quoque.
285 1425 347 1476 Alia
370 1439 479 1490 prorsus
500 1427 606 1476 ratione
629 1443 677 1477 no·
727 1427 845 1480 Bredov.
864 1444 891 1492 p.
908 1427 959 1478 223
978 1443 1035 1493 seq.
1056 1427 1116 1479 220.
1140 1428 1274 1493 Equidem

133 1502 220 1548 etrum
244 1496 333 1546 lecum
356 1496 510 1560 interpuugi
532 1496 593 1546 vult
616 1513 677 1548 oen·
727 1498 811 1549 libros
829 1499 946 1562 scriptos
970 1501 1081 1548 secutus
1100 1498 1200 1548 retinui
1216 1490 1275 1548 Γύ-

133 1583 180 1617 eor
198 1566 307 1632 quidam
330 1566 360 1614 in
382 1565 525 1630 Ephemer.
553 1567 677 1618 Ienenss.
728 1585 790 1634 γην,
810 1574 842 1618 ut
865 1583 925 1632 cap.
952 1568 984 1620 14
1007 1565 1123 1632 Μίδην,
1145 1569 1273 1633 quoniam

134 1639 213 1690 1817.
233 1653 275 1686 nr.
297 1635 357 1686 104.
376 1651 404 1700 p.
415 1635 480 1715 1310.
500 1635 680 1686 Cemmavult
729 1638 831 1689 uellam
841 1638 966 1688 idoneam
980 1638 1115 1702 perspicio
1129 1637 1273 1699 rationem,

134 1708 199 1774 poni
221 1711 285 1772 post
307 1719 442 1770 γοναιιιος
465 1709 492 1754 et
515 1721 548 1754 ex
571 1711 679 1757 numae·
729 1725 776 1760 cur
796 1707 966 1757 Herodotum
990 1711 1107 1771 utreque
1129 1708 1217 1756 forma
1233 1708 1276 1756 nti

135 1778 212 1828 denti
238 1766 426 1839 ὑπερετίθετο
452 1775 539 1840 repeti
563 1791 680 1826 commn-
730 1777 853 1844 potuisse
870 1791 976 1842 negem.

134 1847 245 1899 nicandi
270 1847 339 1907 vim,
364 1845 423 1895 eine
451 1845 564 1894 notione
587 1860 682 1895 secuu-
766 1838 856 1909 Γύγη,
874 1837 909 1892 ού
927 1835 980 1908 γάρ
1000 1855 1030 1892 οε
1047 1837 1138 1891 δονέοι
1156 1855 1182 1890 ιι.
1197 1857 1221 1890 τ.
1238 1841 1275 1905 i.)

135 1919 214 1969 daria
223 1914 420 1982 interrogandi.
440 1913 519 1977 Quod
532 1913 599 1964 mihi
609 1918 683 1965 certe
733 1917 810 1967 Haec
834 1917 862 1964 et
889 1913 1031 1978 sequentia
1056 1911 1090 1962 ob
1115 1910 1277 1960 elocutionis

134 1988 246 2038 videtur
264 1987 357 2036 durius
376 1999 446 2035 esee.
733 1985 907 2046 suavitatem,
927 1998 981 2048 qua
998 1983 1060 2046 ipsa
1077 1995 1121 2030 res
1138 1979 1220 2030 faudo
1238 1980 1278 2028 iu-

171 2055 262 2123 10710
284 2048 345 2120 1ἆο
368 2044 524 2118 Κανδᾶύὺῃ
546 2051 682 2118 γενέσθαι
734 2055 847 2107 eundior
861 2053 909 2103 fiet
930 2051 1055 2114 auribus,
1075 2065 1155 2116 quam
1174 2051 1197 2098 si
1215 2064 1278 2098 ocu-

135 2126 242 2193 ιιιοιύς]
263 2128 282 2177 ἱ.
302 2141 324 2176 e.
344 2129 370 2176 ia
386 2126 450 2189 satie
467 2125 530 2174 enim
547 2125 683 2175 cratonu-
734 2126 767 2176 lis
796 2123 971 2185 subiiciatnr,
1002 2121 1098 2172 laudat
1126 2119 1275 2182 Dionysius

136 2194 681 2260 danlminsortanetmfieri.Dedictione,
733 2196 823 2246 Halic.
844 2193 878 2244 de
895 2209 1015 2258 compos.
1034 2190 1128 2242 verbb.
1142 2193 1209 2239 sect.
1220 2189 1272 2238 III.

136 2285 219 2336 quam
234 2272 342 2332 praeter
354 2265 422 2315 alios
439 2264 563 2314 imitatus
575 2269 617 2314 est
629 2265 683 2314 Lu·
734 2270 759 2329 ξ,
781 2267 814 2317 24
832 2279 892 2330 sqq.
916 2263 1011 2314 Attica
1028 2260 1143 2312 dialecto
1167 2273 1275 2322 expres-

137 2340 235 2390 ciauus
259 2339 357 2400 Quom.
375 2335 455 2385 scrib.
481 2333 546 2385 hist.
571 2334 619 2398 18,
644 2333 681 2384 cf.
733 2351 773 2387 sa.
799 2335 842 2386 Ad
866 2349 944 2400 quom
968 2333 1058 2382 locum
1081 2327 1206 2377 videatur
1232 2343 1275 2377 co·

137 2408 242 2460 Herod.
262 2407 299 2468 11,
320 2405 378 2457 161.
400 2405 448 2466 IV,
472 2403 515 2454 70.
537 2405 570 2468 V,
591 2404 634 2466 02,
654 2407 680 2454 4.
733 2407 811 2471 piosa
830 2403 968 2469 Sylburgii
987 2407 1015 2450 et
1030 2395 1169 2450 Sebeeiari
1191 2413 1275 2447 anno-

138 2480 188 2540 1x,
209 2478 270 2529 100.
288 2475 371 2527 Plura
388 2474 582 2538 wyttenbach.
601 2474 636 2523 ad
653 2473 680 2524 b.
733 2477 811 2536 tatio,
831 2474 865 2523 de
882 2471 1005 2536 singulis,
1022 2466 1161 2532 inquibus
1175 2465 1276 2516 discre-

136 2549 156 2600 1.
183 2553 211 2598 et
231 2547 261 2598 C.
285 2547 319 2597 F.
342 2545 490 2595 Hermann.
516 2543 551 2594 ad
568 2545 683 2594 Luciani
733 2551 781 2611 put
798 2549 913 2606 uterque
928 2540 1052 2601 scriptor,
1071 2536 1236 2585 monentium
1246 2551 1275 2600 p.

137 2619 230 2669 locum
247 2633 275 2682 p.
296 2616 355 2666 125.
375 2613 493 2665 Ellendt.
518 2612 553 2664 ad
575 2613 681 2663 Arriae.
734 2615 768 2666 39
791 2629 850 2680 sqq.
871 2609 913 2660 ed.
932 2606 1041 2658 subael.
1077 2600 1120 2654 De
1138 2605 1276 2654 sententia

135 2687 245 2753 Exped.
269 2685 306 2746 ll,
324 2683 351 2735 3.
377 2687 402 2747 5.
427 2685 469 2734 ll.
492 2684 582 2748 Atque
600 2684 683 2734 etiam
735 2687 782 2736 Cr.
811 2677 928 2732 conferri
957 2675 1032 2724 iubet
1057 2673 1217 2724 Suetonium
1241 2673 1276 2723 de

136 2756 211 2824 apud
231 2755 396 2807 Pausaniam
418 2753 481 2803 inde
500 2753 626 2818 frequens
645 2754 683 2802 in·
734 2749 857 2816 Caligula
875 2744 963 2796 simile
981 2743 1047 2808 quid
1071 2744 1275 2824 narrantem'iu

136 2829 249 2879 venitur
271 2822 374 2890 χρῆναι
401 2823 435 2872 de
459 2823 614 2873 necessario
640 2838 683 2872 eo·
734 2823 791 2872 eius
819 2817 885 2866 Vita
912 2829 935 2864 ο.
964 2815 1007 2863 25.
1044 2811 1184 2862 Particula
1212 2827 1275 2876 γαρ,

136 2915 197 2949 rum
215 2899 323 2957 eventu,
339 2909 409 2960 quae
426 2893 461 2942 ab
479 2891 589 2943 oraculo
606 2907 683 2956 prae·
733 2904 802 2955 qnae
819 2883 970 2934 orationem
990 2881 1137 2962 exorditur,
1155 2887 1186 2930 nt
1203 2880 1277 2960 infra

137 2969 214 3019 dieta
232 2981 280 3016 een
298 2980 315 3014 a
330 2964 389 3014 fato
403 2962 554 3013 constituta
571 2963 626 3012 sint
638 2958 682 3009 vel
731 2960 753 3018 Ι,
778 2955 824 3034 1211
854 2952 965 3003 et124:
990 2965 1011 2999 οι
1031 2951 1085 2998 παῖ
1106 2945 1275 3014 Καμβοαειο,

139 3039 173 3088 de
204 3034 339 3087 faciendis
366 3034 414 3094 iis,
444 3048 513 3097 qnae
543 3029 680 3082 oraculum
732 3022 760 3076 si
778 3038 840 3089 γαρ
858 3027 911 3072 etc.
927 3019 989 3071 coll.
1002 3020 1050 3082 IV,
1062 3018 1105 3069 07.
1117 3016 1276 3080 V1,ll,mi-

136 3107 259 3160 iusserit.
279 3103 340 3155 Vid.
360 3100 474 3155 Siebelis
492 3100 527 3151 ad
544 3101 566 3161 1,
590 3099 632 3150 19.
652 3099 678 3157 5.
730 3097 801 3146 nime
817 3091 979 3158 explicanda
995 3094 1127 3152 estcerte,
1149 3087 1276 3138 utroluit

138 3180 164 3230 b.
181 3178 223 3228 Λα
237 3175 343 3226 monuit
353 3174 457 3238 laeger.
477 3168 608 3234 (Disputt.
625 3165 680 3214 He·
731 3161 967 3230 wyttenbachius,
989 3159 1037 3209 sed
1054 3161 1103 3221 ita,
1120 3162 1151 3207 ut
1168 3158 1275 3208 ratione

137 3247 243 3300 rodott.
263 3245 385 3308 Gotting.
406 3239 482 3302 1823)
502 3237 535 3287 de
546 3233 680 3286 Herodoti
731 3235 826 3285 habita
842 3231 998 3298 primitivae
1020 3229 1100 3278 buius
1124 3225 1275 3292 particulae
1312 3273 1314 3276 ,

139 3319 199 3370 fato
224 3333 248 3367 s.
277 3329 365 3364 rernm
388 3307 564 3367 necessitate,
594 3319 612 3352 a
632 3318 680 3352 uu·
731 3303 850 3354 notionis
869 3305 918 3350 aut
941 3299 1042 3348 omissa
1064 3312 1124 3348 osse
1143 3295 1276 3360 quaedam

139 3390 213 3440 mine
231 3384 325 3435 divino
347 3379 486 3444 imposita,
504 3373 577 3454 quod
594 3371 681 3436 expri-
731 3374 815 3422 verba
826 3384 919 3422 sumas
932 3365 1013 3415 facile
1032 3383 1047 3414 ο
1067 3369 1197 3441 contextu
1216 3377 1277 3426 snp-

138 3459 224 3509 mitur
246 3453 337 3504 verbis
359 3447 408 3499 ert
424 3451 452 3496 et
477 3459 529 3508 χρη
547 3441 682 3505 huiusque
731 3441 838 3506 plcnda,
852 3437 950 3502 quibus
961 3435 1141 3496 subiungatur
1150 3446 1202 3493 γαρ
1216 3445 1278 3480 eau-

139 3524 314 3578 substantiro
336 3507 434 3582 γρειύν.
460 3515 502 3563 Το
525 3510 581 3562 vid.
600 3527 627 3574 p.
648 3509 680 3560 31
733 3525 791 3558 sam
803 3505 934 3562 reddens3
951 3507 1008 3562 eut,
1021 3500 1093 3565 quod
1105 3499 1205 3559 malim,
1218 3513 1279 3561 par-

139 3614 197 3663 seq,
220 3592 291 3645 Add.
313 3587 363 3639 Pb.
389 3587 417 3636 J.
434 3585 545 3648 Ditges:
564 3580 598 3630 de
618 3577 683 3628 Fati
732 3577 818 3630 ticula
835 3567 888 3640 γὰρ
906 3571 1041 3620 referatur
1064 3568 1099 3618 ad
1118 3566 1281 3647 enuptiatio-

139 3664 213 3732 apud
245 3645 412 3712 Herodotum
452 3653 560 3703 ratione
595 3648 682 3700 Confi.
733 3665 794 3699 nem
808 3641 999 3712 postpositam,
1014 3651 1279 3718 qpaeproprreeam‚

141 3735 211 3788 1842
228 3749 255 3798 p.
273 3731 289 3780 2
308 3742 383 3791 seqq.
401 3751 437 3760 -
454 3722 574 3772 Verbum
592 3719 683 3784 γίγνε-
734 3721 763 3768 in
781 3732 835 3784 qua
852 3709 988 3780 particula
1011 3723 1064 3774 γαρ
1082 3711 1186 3791 enatat,
1206 3711 1280 3758 ante·

142 3804 213 3855 οδαι
230 3815 291 3851 cnm
312 3794 450 3847 adverbiis
474 3793 595 3842 iunctum
614 3789 684 3854 opti·
736 3787 831 3839 cedere
856 3781 987 3843 debebat,
1015 3777 1119 3829 causan
1145 3777 1282 3829 sententia

140 3887 244 3926 morum
273 3868 436 3932 scriptorum
464 3861 595 3927 probatur
623 3875 683 3920 usu,
736 3862 767 3908 nt
791 3853 921 3922 primaria
946 3849 1105 3917 praemissa.
1150 3848 1195 3897 Ita
1227 3847 1279 3900 boc

141 3959 191 3994 neo
201 3938 316 3991 multum
328 3936 407 3986 abest
422 3933 598 3984 Latinorum:
612 3933 684 3992 mele,
735 3927 797 3979 loco
813 3925 900 3991 fingas
918 3921 1086 3974 Herodotum
1105 3918 1228 4000 peribere
1250 3920 1279 4000 ip

142 4015 204 4064 bene
223 4025 279 4060 esee
298 4012 351 4058 eto.
370 4007 448 4069 Quae
459 4003 509 4056 Gr.
524 4001 605 4052 citet:
624 4001 686 4050 Ast.
738 3998 828 4048 animo
841 3993 982 4075 babuisse:
994 3987 1088 4073 ποίεε,
1102 3987 1283 4072 οπως-δεη-

143 4083 177 4134 ad
208 4077 334 4130 Platonis
363 4077 430 4126 Rem
463 4071 539 4137 publ.
567 4087 595 4135 p.
625 4069 686 4125 311,
739 4081 799 4118 οεαι
820 4077 943 4131 γομνην·
969 4075 1003 4110 ου
1033 4074 1098 4124 γαρ
1127 4071 1157 4106 οε
1179 4054 1280 4108 δοντα,

143 4148 294 4210 (ioettliug.
330 4145 365 4196 ad
399 4143 514 4196 Aristot.
551 4137 634 4191 Polit.
665 4139 687 4200 Ι,
739 4137 818 4188 Cous.
837 4137 859 4198 1,
871 4137 914 4186 24.
934 4131 968 4184 30
988 4135 1040 4180 etc.
1064 4128 1156 4192 ibique
1174 4125 1281 4176 adnott.

144 4220 169 4273 3.
199 4237 228 4285 p.
257 4215 317 4269 203.
341 4215 482 4280 Muegrav.
509 4209 544 4261 ad
568 4208 689 4274 Euripid.
739 4209 824 4271 Quem
848 4201 982 4256 Herodoti
1003 4213 1082 4250 usum
1106 4212 1139 4246 ex
1162 4196 1283 4244 Homero

145 4291 237 4344 Orest.
256 4303 299 4338 τι.
319 4287 362 4349 74,
380 4285 414 4335 iis
433 4297 506 4334 nunc
523 4279 593 4330 adde
610 4277 690 4331 Stall-
738 4275 914 4344 repetendum
935 4269 1028 4322 docuit
1049 4279 1135 4330 nuper
1156 4263 1286 4312 accurate
