2980 4932
239 307 291 354 xn

238 457 333 540 dum,
362 477 427 544 quo
448 455 500 520 rel
523 455 655 540 singula
674 458 845 544 scriptoris
867 457 969 520 rerba
990 479 1029 520 ac
1051 459 1234 522 sententiae
1256 457 1309 522 rel
1329 461 1388 546 ip-

239 597 296 640 sae
317 597 370 640 res
393 575 533 639 traditae
550 573 689 638 clariore
710 577 745 639 in
768 575 841 640 luce
861 576 1114 645 collocarentur.
1142 575 1288 664 fidesque
1309 576 1386 642 He-

237 693 345 760 rodoti
371 693 546 778 insigniter
572 692 830 759 confirmaretur.
874 695 914 759 ld
934 712 1023 760 oerte
1045 697 1081 760 in
1102 695 1162 759 hae
1183 694 1288 759 altera
1307 695 1385 759 edi-

238 815 327 879 tione
357 833 409 876 me
442 821 589 875 secutum
627 833 699 876 esse
730 813 899 901 profiteor:
933 838 1011 879 num
1042 823 1213 878 assecutus
1248 815 1311 878 sim
1340 815 1382 878 in

236 943 330 998 tanta
355 932 464 1018 operis
497 952 518 993 a
543 953 596 994 me
625 935 770 1018 suscepti
796 932 882 998 mole
913 944 1068 1022 tantaque
1092 935 1237 997 omniurn
1263 955 1380 998 rerum

237 1053 397 1118 varietate
425 1061 459 1114 et
480 1049 692 1135 difficultate,
720 1051 778 1117 alii
799 1053 996 1136 diiudicent,
1028 1054 1085 1139 qni
1104 1061 1263 1138 qnantum
1283 1049 1380 1116 labo-

235 1173 298 1254 ris,
322 1181 480 1259 quantum
507 1171 676 1235 molestiae
704 1171 740 1235 in
761 1171 814 1236 his
841 1172 1082 1237 exanclandum
1103 1170 1223 1252 fuerit,
1250 1179 1380 1257 quanta

236 1313 332 1375 eura,
357 1301 479 1378 quanta
494 1292 603 1355 cautio
625 1291 659 1354 in
674 1289 826 1354 omnibns
843 1291 1047 1374 adhihenda,
1069 1291 1149 1355 satis
1164 1297 1377 1378 perspectum

236 1411 410 1478 habuerint
430 1420 487 1474 aut
507 1410 570 1496 ipsi
592 1407 674 1472 adeo
696 1409 823 1494 experti
846 1411 921 1475 sint

320 1527 546 1593 Emendandis
574 1525 818 1614 typothetarum
849 1527 1016 1593 erroribus
1044 1527 1212 1612 egregiam
1238 1546 1375 1612 operam

235 1649 372 1715 navavit
402 1653 546 1724 Georor'us
571 1649 736 1710 Amathous
767 1652 866 1724 Koch,
894 1648 946 1712 rir
983 1646 1193 1711 doctissimus
1226 1643 1375 1730 mihique

234 1767 537 1834 coniunctissimus:
572 1764 665 1828 ouius
698 1763 906 1850 diligentiam
945 1766 974 1829 si
1012 1785 1096 1853 quae
1131 1762 1374 1849 effugerunt⁸),

234 1888 270 1953 id
287 1909 360 1952 mea
380 1887 489 1974 potius
511 1881 712 1970 negligentia
734 1885 805 1948 sivo
827 1886 955 1950 incuria
975 1883 1100 1948 factum
1122 1905 1194 1948 esse
1216 1883 1309 1946 scito.

318 2009 369 2072 Ao
391 2005 532 2090 denique
551 2024 593 2066 ne
615 2003 695 2089 quid
717 2005 826 2090 operis
849 2004 1014 2092 splendori
1034 2003 1181 2084 deesset,
1204 2000 1370 2064 redemtor

234 2125 484 2190 honestissimus
512 2141 551 2182 ae
579 2119 620 2182 de
648 2118 751 2186 literis
785 2126 906 2188 nostris
934 2122 1164 2185 meritissimus
1192 2119 1276 2182 nihil
1302 2139 1373 2181 non

234 2244 331 2326 lecit,
357 2263 423 2327 qno
447 2249 600 2325 typorum
622 2243 823 2324 praestantia
841 2250 975 2327 totoque
998 2247 1133 2302 externo
1155 2235 1272 2298 habitu
1289 2237 1372 2299 haee

234 2383 269 2426 se
296 2356 538 2424 commendaret
562 2355 678 2438 editio,
714 2357 874 2422 instructa
908 2363 1078 2443 praeterea
1110 2359 1143 2414 et
1169 2353 1371 2438 imaginibus

232 2479 323 2564 ligno
356 2475 470 2540 incisis
499 2495 607 2538 rorum
641 2473 683 2538 ab
712 2473 879 2539 Herodoto
905 2473 1100 2538 traditarum
1126 2479 1158 2533 ot
1180 2469 1372 2536 delineatio-

234 2599 330 2662 nibus
360 2594 503 2660 locorum
534 2603 567 2658 et
598 2594 768 2677 regionum
794 2592 836 2656 ab
857 2592 1014 2656 historiae
1042 2600 1135 2678 patre
1158 2589 1371 2678 perlustrata-

232 2739 316 2783 rum.
369 2712 558 2778 Scribebam
590 2711 832 2796 lleidelhergae
864 2717 1005 2774 exeunte
1035 2731 1137 2774 mens.
1184 2709 1368 2797 Septembr.

232 2831 461 2901 MDCCCLV.

302 3161 328 3226 *)
348 3161 438 3210 lluius
457 3159 564 3223 generis
588 3157 644 3206 iere
670 3159 734 3206 aunt
751 3153 834 3205 haee:
861 3171 887 3220 p.
910 3155 959 3205 198
983 3154 1042 3206 Col.
1062 3157 1100 3206 ll.
1119 3155 1167 3206 lin.
1183 3155 1217 3206 29
1236 3169 1286 3219 pro
1305 3152 1366 3203 ethi-

231 3263 323 3299 corum
340 3247 392 3311 leg.
413 3243 581 3294 ethnicorum.
608 3270 640 3278 —
664 3258 690 3307 p.
711 3241 759 3293 201
780 3241 837 3292 Col.
858 3243 895 3292 11.
913 3240 961 3292 lin.
980 3242 1014 3292 30
1032 3258 1081 3307 pro
1100 3258 1165 3308 quoe
1182 3239 1234 3304 leg.
1255 3253 1304 3303 quo
1329 3263 1361 3271 -

232 3351 258 3399 p.
278 3333 330 3384 208
348 3329 406 3382 Col.
422 3331 444 3380 1.
460 3331 507 3381 lin.
521 3331 555 3382 36
567 3345 617 3396 pro
630 3330 753 3380 invenire
770 3328 822 3395 leg.
843 3331 964 3381 inveniri.
985 3357 1017 3366 —
1036 3345 1063 3395 p.
1077 3330 1127 3381 353
1140 3325 1199 3378 Col.
1214 3327 1252 3376 11.
1266 3323 1314 3373 lin.
1329 3322 1359 3372 21

233 3437 282 3486 pro
298 3435 332 3471 ex
351 3417 441 3470 Sehol.
462 3417 577 3468 Theoor.
597 3417 648 3482 leg.
669 3425 694 3467 et
712 3415 801 3466 Sohol.
822 3415 936 3468 Theoor.
958 3443 990 3452 —-
1008 3433 1034 3482 p.
1056 3418 1106 3466 444
1126 3414 1184 3464 Col.
1207 3414 1244 3462 11.
1264 3411 1312 3460 liu.
1331 3409 1365 3460 36

232 3523 281 3575 pro
295 3505 391 3572 optime
407 3505 458 3570 leg.
473 3505 572 3570 optimi.
595 3529 628 3539 -
646 3519 673 3568 p.
693 3502 743 3554 523
762 3501 820 3552 Col.
838 3504 860 3554 1.
874 3503 921 3554 lin.
939 3503 970 3554 41
991 3519 1040 3568 pro
1054 3501 1162 3551 Cleobis
1176 3499 1228 3564 leg.
1243 3497 1363 3549 Ghuobis.

232 3623 265 3632 -
292 3611 318 3660 p.
339 3591 387 3644 541
409 3591 467 3642 Col.
488 3593 525 3642 Il.
547 3591 594 3641 liu.
612 3591 645 3642 33
664 3605 713 3656 pro
730 3589 834 3640 Graeco
851 3589 904 3656 leg.
924 3589 1046 3640 osacen.
1073 3611 1105 3620 -
1132 3601 1158 3648 p.
1175 3585 1227 3635 616
1247 3583 1305 3633 Col.
1325 3583 1362 3634 11.

232 3683 279 3732 lin.
294 3681 328 3732 25
342 3695 391 3746 pro
410 3695 456 3728 eor
468 3677 519 3744 leg.
531 3693 575 3728 eor
587 3677 671 3727 etlin.
684 3677 718 3726 45
729 3693 778 3742 pro
795 3678 950 3743 septaginta
963 3673 1015 3739 leg.
1031 3671 1212 3736 septuaginta.
1226 3695 1259 3704 —
1274 3687 1300 3734 p.
1314 3670 1364 3720 746

232 3767 290 3818 Col.
311 3767 348 3818 ll.
368 3763 415 3814 lin.
436 3765 453 3814 3
471 3779 520 3830 pro
540 3754 656 3814 ἐνεῖναι
674 3761 725 3828 leg.
745 3755 875 3813 ἐπεῖναι.
894 3789 926 3797 -
944 3776 971 3825 p.
991 3757 1042 3810 753
1062 3755 1119 3806 Col.
1139 3755 1176 3804 11.
1196 3753 1243 3802 lin.
1265 3753 1298 3804 16
1316 3771 1363 3818 pro

232 3871 267 3906 en
283 3847 383 3920 ἠθέων
401 3851 452 3916 leg.
473 3839 501 3910 ἒξ
520 3839 627 3914 ἠθέων.
654 3875 686 3885 -
710 3865 736 3914 p.
755 3849 806 3900 7611
831 3847 888 3899 Col.
908 3845 1049 3898 1111145
1069 3858 1117 3908 pro
1140 3839 1294 3905 Thyphonis
1311 3839 1361 3904 leg.

233 3939 381 4008 Typhonis.
402 3964 435 3972 -
453 3951 479 4000 p.
493 3935 543 3985 7113
562 3934 619 3984 Col.
633 3935 670 3984 11.
689 3933 738 3985 lin.
752 3935 785 3986 36
805 3951 854 4000 pro
872 3938 1041 4000 opponunler
1059 3929 1111 3994 leg.
1133 3935 1310 3994 opponuntur.
1330 3953 1361 3961 -

232 4041 258 4092 p.
278 4025 326 4076 781
348 4023 405 4074 Col.
426 4019 463 4073 11.
483 4019 529 4070 lin.
549 4022 583 4070 45
605 4035 654 4085 pro
677 4019 767 4071 Vorke
785 4021 838 4086 leg.
859 4017 959 4070 I'orlre.
982 4075 986 4082 ¹

643 4261 945 4270 Ἣ
