3086 4952
262 301 323 364 222
694 304 961 367 HERODOTI

261 505 303 566 κη
322 476 360 548 τό
380 481 538 568 μέγαθος.
570 483 631 547 τοῦ
649 478 712 566 μέν
731 476 773 568 δὴ
796 477 931 570 πράτου
960 479 1088 551 κύκλου
1109 487 1145 552 οί
1163 487 1395 573 προμαχεῶνές

262 589 326 652 εἰσι
344 584 476 667 λευκοὶ,
494 587 555 650 τοῦ
573 581 611 650 dt
629 584 791 672 δευτέρου
805 586 961 672 μέλανες,
979 593 1095 676 τρίτου
1113 587 1151 656 δέ
1170 587 1297 657 κύκλου
1315 615 1392 676 φοι-

260 694 384 772 νίκεοι,
402 685 563 776 τετάρτου
582 685 619 755 δέ
633 687 786 774 κυάνεοι,
804 691 956 777 πέμπτου
972 690 1011 760 δέ
1025 690 1276 781 σανδαράκινοι.
1303 689 1392 762 οὕτω

261 788 398 860 πάντων
415 795 483 860 τῶν
500 788 635 860 κύκλων
655 795 690 860 οἰ
707 797 940 880 προμαχεῶνες
958 791 1156 882 ἠνθισμένοι
1176 797 1240 864 εἰσὶ
1258 794 1392 885 φαρμά-

261 915 359 964 κοισι.
392 893 454 964 δύο
474 893 512 963 δέ
534 897 568 962 οἰ
591 902 780 964 τελευταῖοί
799 901 862 964 εἰσι
884 891 902 966 ό
923 896 985 986 μέν
1007 902 1348 989 καταργυρωμένους,
1376 893 1393 967 ό

160 1029 164 1038 ·
264 998 302 1068 δὲ
318 1000 678 1087 κατακεχρυσωμένους
698 1005 783 1086 ἔχων
803 998 881 1080 τούς
899 1007 1147 1090 προμαχεῶνας.

213 1103 254 1164 99
347 1108 458 1173 Ταῦτα
480 1101 542 1189 μέν
561 1098 603 1192 δὴ
625 1097 644 1171 ό
663 1101 811 1192 Δηιόκης
838 1106 951 1199 ἑαυτῷ
974 1133 1010 1174 τε
1036 1109 1157 1196 ἐτείχεε
1178 1106 1233 1174 καὶ
1257 1105 1334 1194 περὶ
1354 1101 1394 1173 τά

262 1209 390 1277 ἑωυτοῦ
414 1211 519 1290 οἰκία,
544 1203 603 1276 τόν
632 1206 669 1275 δὲ
694 1205 797 1277 ἄλλον
819 1213 926 1297 δῆμον
948 1211 1042 1298 πέριξ
1071 1213 1204 1281 ἐκέλευε
1227 1207 1266 1279 τό
1289 1225 1394 1296 τεῖχος

262 1313 395 1380 οἰκέειν.
429 1311 723 1399 οἰκοδομηθέντων
746 1310 783 1380 δὲ
802 1311 940 1382 πάντων
947 1365 956 1400 ,
983 1312 1108 1402 κόσμον
1128 1314 1228 1385 τόνδε
1247 1312 1395 1403 Δηιόκης

262 1413 392 1505 πρῶτός
413 1416 482 1483 ἐστι
513 1408 531 1483 ό
552 1414 856 1502 καταστησάμενος·
892 1415 973 1506 μήτε
995 1420 1119 1488 ἐσιέναι
1144 1415 1234 1508 παρὰ
1256 1419 1395 1506 βασιλέα

262 1585 336 1634 nium
353 1583 490 1634 Diodorus
509 1583 616 1634 Siculus
631 1583 727 1647 XVII,
744 1584 803 1647 110,
856 1591 1000 1651 augmento
1023 1587 1060 1638 os.
1079 1586 1195 1638 Bredov.
1215 1604 1242 1652 p.
1266 1587 1332 1648 297,
1350 1585 1396 1651 qui

263 1655 309 1720 qui
327 1654 458 1705 ambitum
480 1654 682 1704 Ecbstenorum
707 1655 804 1705 stodiis
856 1656 925 1706 idem
952 1657 1131 1708 conferendus
1159 1674 1184 1723 p.
1211 1657 1260 1708 317
1289 1657 1323 1707 ob
1350 1671 1396 1706 ou-

262 1734 358 1775 εειιιιαιι
376 1727 553 1790 quinquaginta
571 1723 699 1775 absolvit.
855 1731 990 1792 gmentum
1000 1728 1028 1777 in
1038 1724 1397 1792 νοτσοκαταρηυροιμένους

297 1793 395 1858 τρίτου
414 1788 444 1845 δὲ
459 1792 575 1861 scrinios]
587 1795 618 1845 In
631 1793 673 1844 hie
690 1799 718 1845 et
727 1810 803 1861 seqq.
855 1797 1015 1864 neglectum,
1034 1799 1062 1847 in
1085 1798 1168 1848 verbo
1187 1809 1396 1861 κατακεχρυσω-

264 1865 392 1915 omissum
407 1866 484 1916 vides
502 1865 660 1930 articulum,
679 1881 757 1931 quem
775 1865 803 1914 in
854 1862 958 1931 μένους
976 1869 1158 1920 observatum.
1195 1869 1308 1918 Lateres
1330 1881 1396 1916 suro
1502 1897 1505 1900 -

263 1935 486 1986 antecedentibus
514 1932 583 2000 (τοῦ
614 1967 650 1975 -
679 1928 802 1999 πρώτου,
855 1942 882 1987 et
900 1943 1012 2002 urgento
1032 1939 1199 1989 extrinsecus
1218 1937 1352 1987 obductos
1369 1936 1397 1984 in

263 2003 325 2054 τοῦ
340 2037 376 2045 -
394 2001 543 2070 δευτέρου)
563 2006 686 2056 additum
703 2005 805 2055 inveni·
856 2009 1028 2073 Assyriorum
1063 2009 1173 2074 palatiis
1207 2011 1398 2058 commemoret

264 2091 333 2138 mus,
352 2077 380 2124 in
399 2092 452 2142 quo
476 2091 553 2125 nemo
577 2081 650 2126 certe
673 2074 804 2126 haerebit.
856 2078 981 2128 Inventos
1006 2079 1115 2144 Leyerd
1139 2077 1260 2128 Nineveh
1282 2077 1337 2128 end
1362 2077 1397 2126 its

263 2145 340 2195 -ln
351 2160 425 2212 seqq.
440 2146 597 2210 scripsimus
615 2161 676 2194 eum
688 2149 804 2195 reecntt.
857 2148 933 2198 Item.
951 2148 991 2198 11.
1010 2163 1037 2212 p.
1055 2149 1106 2200 417
1126 2148 1188 2199 οο11.
1207 2146 1269 2198 2118.

264 2212 501 2280 σανδαράκινοι,
534 2219 648 2264 occentu
677 2219 805 2276 retracto,
892 2207 946 2266 δάο
964 2211 995 2264 δὲ
1013 2210 1043 2266 οἰ
1064 2215 1220 2267 τελευταῖοί
1239 2212 1292 2265 είοι
1311 2205 1326 2265 ὁ
1346 2209 1398 2280 μὲν

264 2302 342 2352 quem
365 2288 392 2336 in
417 2291 537 2336 extreme
560 2284 666 2348 syllebe
688 2285 805 2334 editores
856 2299 881 2334 κ.
913 2301 936 2335 r.
965 2283 1003 2349 l.]
1031 2286 1075 2335 lte
1098 2287 1268 2351 scripsimus,
1295 2287 1399 2335 reieote

264 2357 367 2421 priores
390 2356 451 2406 inde
474 2354 509 2404 ab
533 2355 568 2403 H.
597 2353 735 2416 Stephano
759 2369 805 2417 po·
856 2369 965 2420 prorsus
984 2355 1256 2419 distirrctione,quem
1276 2353 1322 2402 olii
1335 2360 1398 2418 post

266 2431 385 2477 suerent.
409 2423 575 2488 Intelligitur
598 2427 687 2472 eutem
713 2422 807 2472 subru-
857 2419 988 2485 είσ1,ε11ἰ
1011 2430 1075 2474 ente
1099 2420 1153 2474 εἰσὶ
1177 2423 1327 2488 ponebant,
1352 2437 1397 2471 sc-

266 2495 479 2555 1οε111εοοῐοτ,
498 2492 587 2558 qualis
610 2496 653 2542 est
678 2491 806 2542 sendsrs·
857 2498 937 2543 centu
955 2493 1047 2544 addito
1065 2493 1128 2543 huie
1140 2493 1232 2543 verbo.
1251 2522 1287 2530 -
1304 2491 1346 2541 Ad
1355 2505 1397 2540 sr-

266 2579 323 2626 ατε,
340 2563 550 2615 ιααιίαταοίινοιίι.
569 2563 638 2612 Nom
655 2562 806 2612 sandaraca
856 2569 1011 2628 gumentum
1034 2564 1129 2613 verbb.
1160 2553 1175 2612 ὁ
1198 2554 1248 2626 μὲν
1272 2575 1396 2622 καταρ-

267 2634 336 2684 ἰδοιυ
357 2638 412 2694 est,
444 2632 515 2697 quod
542 2631 625 2697 vulgo
646 2631 805 2697 'appellentr
856 2630 1088 2698 χυρωμένους,
1108 2625 1122 2682 ό
1141 2626 1397 2695 δέκατακεχροσω-

263 2704 351 2753 νοιίιεν
367 2701 663 2765 Solmesel-Areeoiks.
682 2701 805 2752 Arserit·
855 2699 958 2766 μένους
988 2697 1059 2768 ἔχων
1094 2695 1162 2760 τοὺς
1193 2698 1398 2766 προμαχεῶνας

264 2773 344 2834 rubin,
363 2777 391 2823 et
409 2787 479 2838 quae
502 2771 556 2822 elie
579 2777 688 2823 exstent
706 2787 805 2836 cogno·
856 2772 928 2823 conf.
951 2773 1059 2838 Polybii
1084 2772 1173 2828 locum
1197 2786 1278 2836 suprs
1304 2769 1398 2821 leuda-

263 2844 345 2904 mine,
364 2843 396 2892 de
415 2842 512 2907 quibus
531 2842 586 2892 vid.
606 2842 759 2892 Leonherd.
778 2843 805 2891 in
857 2847 923 2893 tum.
952 2844 1011 2905 „Ac
1034 2843 1203 2909 splendorem
1222 2841 1398 2906 opulentiam-

264 2913 481 2979 Oryctognosiee
496 2913 654 2978 compendio
672 2914 745 2964 Sect.
763 2913 805 2962 lo.
857 2928 909 2977 que
936 2912 1016 2963 huius
1040 2915 1112 2965 sedis
1140 2912 1231 2978 regiae
1260 2905 1399 2961 colle'udst

265 2997 288 3034 e.
308 2999 335 3035 r.
353 2983 472 3048 Reslger
488 2998 551 3047 μορ.
572 2982 621 3034 ltu
640 2997 696 3048 seq.
737 2981 807 3032 Con·
858 2997 964 3048 quoque
975 2983 1077 3035 Auctor
1093 2984 1155 3034 libri
1174 2982 1207 3032 de
1225 2981 1324 3031 mundo
1337 2995 1397 3043 σιμ.

211 3081 215 3088 ·
266 3059 309 3103 tro
336 3051 483 3118 φοινίκεος
517 3051 585 3117 (qua
612 3069 680 3104 voce
708 3053 808 3102 Noster
858 3053 883 3102 6.
907 3069 934 3118 p.
954 3053 1005 3104 21ss
1029 3055 1070 3105 ed.
1096 3055 1200 3118 Xapp.;
1225 3049 1312 3102 simile
1333 3063 1398 3100 vero

267 3137 331 3172 usus
350 3137 456 3187 quoque
481 3122 807 3185 est11,132.vl1,7o.
858 3127 1011 3173 structurae
1032 3139 1117 3190 genus
1140 3121 1272 3186 hodieque
1289 3121 1317 3169 in
1334 3118 1400 3170 mul·

268 3193 322 3255 IX,
344 3194 391 3256 2¹2)
411 3191 532 3242 declaret
557 3191 673 3243 colorem
700 3193 808 3257 punice·
859 3193 894 3242 tis
913 3194 985 3258 apud
1000 3194 1128 3245 Sinenses
1148 3198 1175 3244 et
1192 3191 1274 3241 Indos
1293 3187 1399 3254 oppidis

268 3277 313 3311 um
334 3277 356 3312 s.
378 3277 563 3324 purpureum
588 3262 677 3312 colore
696 3262 807 3312 subruto
859 3263 968 3328 reperiri
986 3271 1077 3315 monet
1097 3264 1198 3328 Oeylus
1216 3262 1243 3310 iu
1266 3260 1339 3310 Hist.
1365 3258 1400 3307 de

267 3323 808 3397 (hellroth)benedistinguendum,rud·
858 3333 963 3383 l'Aced.
994 3334 1040 3384 dee
1068 3335 1208 3399 Inscripti.
1240 3329 1340 3380 XXXI.
1370 3343 1398 3391 p.

268 3414 331 3458 νεος
349 3407 392 3452 est
408 3405 548 3464 caeruleus,
561 3417 614 3451 vox
634 3418 666 3451 ex
680 3401 808 3462 Homero,
860 3403 923 3453 w
941 3405 983 3454 Cr.

267 3472 400 3534 Pindaro,
424 3470 485 3522 eliis
509 3473 632 3536 cognitu
660 3472 695 3522 ef.
719 3471 808 3521 Blem-

268 3541 340 3593 lield.
352 3541 472 3592 Glosssr.
491 3543 518 3592 iu
532 3541 657 3606 Aeschyl.
676 3543 750 3592 Pers.
763 3541 807 3592 83.

303 3604 473 3676 ἠνθισμένοι
499 3605 553 3661 εἰσὶ
581 3603 806 3676 φαρμάκοισι]

269 3673 405 3747 φάρμακα
422 3682 454 3731 de
472 3681 596 3733 coloribus
615 3681 683 3741 dici,
707 3695 739 3729 ex
757 3679 808 3729 hoc
894 3670 1006 3742 πρῶτός
1024 3669 1080 3727 έστι
1103 3667 1117 3726 d
1141 3663 1399 3738 καταστησάμενος·

268 3752 328 3816 ipso
345 3752 406 3802 loco
424 3750 551 3802 admonet
566 3750 685 3800 Thomas
696 3750 808 3814 Megist.
859 3741 928 3813 μήτε
954 3740 1057 3798 ἐσιέναι
1082 3763 1107 3798 κ.
1128 3744 1206 3810 τ.1.]
1234 3744 1313 3806 Quod
1332 3741 1401 3791 dixit

269 3837 292 3870 s.
311 3836 338 3870 r.
362 3836 426 3886 μσς.
450 3819 511 3870 885.
538 3820 627 3884 ,,Αδι1.
651 3819 761 3872 Suidsm
784 3835 807 3868 e.
859 3815 976 3883 κόσμον,
993 3819 1011 3869 i.
1032 3833 1055 3868 e.
1078 3819 1211 3868 rationem
1230 3819 1312 3878 etque
1330 3811 1402 3862 ordi-

190 3917 196 3930 ·
269 3907 295 3940 v.
315 3888 465 3940 Philemon.
484 3887 808 3955 Grummet.peg.18(l.“
860 3904 919 3938 uem
943 3889 1046 3954 imperii
1069 3884 1277 3938 administrandi
1298 3897 1402 3948 regom·

270 3960 312 4008 Cr.
332 3959 432 4008 Attulit
443 3973 550 4025 quoque
559 3959 691 4010 Graevius
710 3959 744 4008 ed
756 3958 809 4007 Lu·
859 3973 911 4022 que
928 3959 1053 4020 adeundi,
1071 3959 1168 4022 ideoq.
1184 3971 1243 4020 cap.
1258 3955 1328 4004 dlxit
1338 3949 1402 4001 δια-

270 4029 341 4078 cion.
358 4029 391 4079 Τ.
410 4028 459 4078 IV.
480 4045 505 4093 p.
524 4027 576 4080 488
593 4029 635 4080 ed.
654 4030 715 4093 Bip.
737 4027 808 4077 huuc
860 4030 991 4091 κοσμεῖν,
1022 4029 1094 4094 quod
1116 4028 1203 4092 ipsum
1229 4023 1292 4074 inde
1316 4022 1359 4072 rol
1383 4039 1401 4072 ε

268 4097 366 4160 locum,
384 4112 463 4162 quem
480 4099 519 4147 ite
537 4097 639 4150 reddit:
661 4112 808 4162 propugno-
860 4096 1026 4161 philosophis
1039 4097 1190 4148 adhibitum
1208 4096 1235 4144 in
1253 4094 1337 4143 totius
1354 4107 1402 4142 ns-

267 4169 325 4216 cola
337 4167 643 4230 pictavartucoloribur.
660 4183 741 4232 quum
760 4157 808 4216 σἰν-
860 4172 938 4217 turae
955 4168 1034 4217 rebus
1058 4166 1215 4217 ordiosndis
1241 4169 1267 4214 et
1289 4161 1403 4212 admini-

268 4233 364 4295 δίζειν
387 4251 410 4286 s.
437 4225 603 4296 ἐπανθίζειν
630 4239 667 4287 sit
694 4239 807 4300 μίκρετι.
860 4237 978 4288 strendis
997 4241 1156 4298 monstrent,
1170 4249 1239 4301 quoe
1254 4231 1344 4284 Ideler
1361 4235 1404 4282 st·

265 4305 365 4372 floridis
385 4304 510 4357 coloribus
535 4308 644 4369 inficere.
680 4306 723 4357 Ad
750 4320 809 4370 per·
859 4305 924 4357 tulit
947 4306 982 4356 ed
1005 4305 1147 4357 Aristotel.
1173 4303 1314 4355 Meteorol.
1338 4301 1401 4354 Vol.

171 4413 174 4419 .
268 4373 333 4426 teeti
362 4374 475 4426 formem
503 4365 674 4441 ἠνθισμένοι
703 4379 808 4425 retento
859 4376 883 4426 1.
902 4391 929 4440 p.
947 4374 1007 4428 646.
1040 4373 1082 4426 Ad
1103 4377 1291 4441 argumentum
1313 4371 1404 4436 ipsum

1040 3576 1106 3626 Cir.
1125 3575 1221 3626 XCIX.
