3008 4924
503 271 898 333 EUTERPu.n.un
1206 267 1263 328 rffl

136 449 170 526 ές
183 451 248 534 γῆν
261 447 317 514 καὶ
335 439 558 524 ὁπλισθέντας
572 448 685 537 χαλκῷ
699 440 853 531 ἀγγέλλει
872 447 941 512 τῶν
958 470 1007 523 τις
1021 447 1221 530 Αἰγυπτίων
1235 442 1268 519 ἐς

136 549 176 618 τά
199 553 275 618 ἕλεα
299 545 500 637 ἀπικόμενος
520 553 567 641 τῷ
590 555 797 640 Ψαμμητίχῳ
824 542 884 632 (ὥς
904 543 966 616 οὐκ
994 545 1078 616 Idolo
1104 544 1268 636 πρότερον

136 659 248 747 χαλκῷ
262 650 388 742 ἀνδρας
402 647 650 738 ὁπλισθέντας),
666 646 710 732 ὡς
723 651 856 739 χάλκεοι
871 647 992 741 ἀνδρες
1006 648 1182 739 ἀπιγμένοι
1202 644 1268 717 ἀπὸ

137 757 309 845 θαλάσσης
330 760 527 844 λεηλατεῦσι
545 752 582 824 τὸ
603 761 731 826 πεδίον.
768 751 786 824 ὁ
808 754 852 824 δὲ·
866 751 987 842 μαθών
1010 751 1047 823 τὸ
1068 750 1268 844 χρηστήριον

138 859 413 950 ἐπιτελεύμενον,
437 866 520 948 φίλα
542 883 578 927 τε
597 875 683 928 τοῖσι
695 856 786 928 Ἴωσι
810 858 866 926 καλ
887 859 998 948 Καρσὶ
1018 861 1180 942 ποιέεται,
1211 861 1272 924 καί

138 1061 245 1127 θησαν.
279 1064 303 1113 Α
328 1061 457 1124 Caribus,
487 1060 585 1126 quibus
611 1075 677 1110 usus
731 1056 847 1122 dorus¹1,
861 1057 903 1121 96,
916 1058 945 1108 iu
954 1071 1057 1108 summa
1068 1055 1192 1122 quemvis
1203 1070 1267 1104 eon-

138 1132 347 1182 Psemmitiohns
366 1146 477 1196 regnum
490 1131 616 1191 obtinuit,
632 1146 679 1180 no·
730 1128 852 1178 sentiens
875 1143 936 1177 eum
953 1125 1107 1189 Herodoto,
1131 1140 1209 1190 quem
1228 1139 1268 1173 se·

138 1219 199 1252 men
228 1201 444 1266 Καγομεμφίται
471 1201 543 1266 perti
570 1200 678 1250 cuidam
730 1198 972 1248 cutueLareherus
986 1196 1208 1247 Psammiticbum
1222 1209 1269 1258 po-

139 1271 298 1336 blenrphidis
310 1271 424 1322 inditum
437 1286 497 1320 eese
507 1270 603 1320 scribit
614 1285 678 1336 quo·
729 1271 770 1317 nit
789 1267 824 1317 nd
847 1283 959 1334 regnum
982 1275 1105 1317 ereetum
1129 1279 1192 1316 ann.
1216 1266 1268 1314 1159

139 1358 189 1407 que
208 1341 361 1407 Polyaenus
378 1339 441 1403 Vll,
461 1341 486 1391 3.
730 1353 755 1388 a.
775 1337 838 1387 Chr.
861 1354 899 1401 ο,
921 1342 982 1400 aut,
1008 1338 1031 1386 si
1054 1335 1204 1392 Diodorum
1229 1349 1269 1384 se-

174 1403 309 1478 ἐκβάντας
336 1404 368 1459 dl
392 1401 419 1466 ἐς
442 1407 496 1474 γῆν
523 1405 572 1459 sul
599 1399 677 1462 inre
728 1408 776 1472 qui
792 1406 886 1470 malis,
905 1423 932 1458 a.
951 1406 1002 1458 939
1021 1406 1056 1470 (t.
1075 1407 1136 1456 Vll.
1161 1421 1187 1470 p.
1209 1406 1268 1455 191.

138 1480 259 1538 σθέντας
280 1477 374 1546 χαλκῷ
392 1495 418 1528 ιι.
437 1495 460 1528 τ.
479 1477 515 1545 λ.]
538 1480 574 1529 Hi
597 1494 676 1528 secu·
729 1477 779 1528 113
797 1475 860 1526 οοΙΙ.
878 1491 941 1542 pag.
962 1477 1017 1542 74).
1055 1476 1130 1526 Alius
1155 1475 1269 1525 aliorum

138 1552 220 1601 satiri
249 1551 369 1615 pendent
391 1565 408 1598 a
434 1549 516 1598 verbo
544 1541 676 1614 ἀγγέλλει,
728 1547 878 1596 sententies
902 1547 1087 1612 suppeditabit
1105 1545 1201 1596 Beckr'
1216 1546 1269 1595 Au-

138 1637 198 1670 oum
217 1621 257 1669 ita
273 1621 372 1671 Noster
388 1620 538 1668 orationem
555 1618 679 1669 exordia·
727 1616 785 1666 leit.
805 1632 829 1666 s.
842 1616 1070 1682 Weltgeechiohte
1087 1615 1111 1666 1.
1128 1631 1192 1680 pag.
1208 1615 1269 1665 723.

137 1697 196 1752 tur,
221 1705 254 1738 ao
284 1691 308 1738 si
336 1694 399 1754 post
430 1688 520 1738 dicere
547 1688 679 1738 voluisset
729 1685 809 1749 Quod
826 1701 890 1736 vero
909 1687 1067 1752 peregrinos
1086 1685 1185 1735 milites
1203 1701 1270 1734 mer-

137 1759 288 1822 λεηλατείν.
325 1761 416 1822 Aqua
426 1763 516 1807 temen
528 1758 679 1808 accusativi
729 1756 853 1806 senarios
887 1756 1097 1806 Psammitiehue
1131 1755 1269 1817 conduxit,

139 1843 199 1878 cunr
226 1827 359 1876 infinitivo
382 1832 520 1877 structura
547 1828 574 1878 in
597 1827 679 1876 aliam
729 1841 842 1891 quorum
860 1841 912 1891 ope
933 1842 1045 1892 regnum
1067 1831 1095 1876 et
1119 1827 1270 1891 acquireret

139 1899 265 1962 deinceps
290 1897 389 1946 transit
413 1901 576 1946 structuram
603 1896 679 1946 verbi
730 1903 758 1946 et
772 1896 934 1960 acquisitum
952 1901 1065 1958 teneret,
1085 1895 1136 1945 hoe
1151 1896 1180 1944 iu
1188 1894 1269 1945 rebus

139 1967 208 2017 liniti
226 1981 286 2016 eum
301 1964 435 2030 particula
449 1960 487 2023 ὡς
501 1958 555 2031 (ὥς
566 1957 678 2032 χάλκεοι
729 1966 872 2030 Aegyptiis
896 1966 1008 2016 multum
1036 1967 1130 2031 utique
1151 1965 1270 2015 valuisse

138 2029 241 2099 ἄνδρες
264 2063 297 2072 -—
324 2033 500 2100 λεηλατεῦσι)
528 2036 562 2086 ob
595 2035 680 2086 verba
729 2035 851 2096 videtur,
879 2051 953 2099 eum,
981 2037 1026 2101 qui
1049 2035 1270 2086 Psammitiehum

138 2107 218 2156 eredo
232 2105 488 2170 plurainterposita.
522 2106 563 2155 'l'u
577 2105 632 2156 vid.
646 2105 680 2154 de
730 2105 818 2155 seenti
835 2111 899 2155 sunt
916 2122 1007 2171 reges,
1028 2107 1183 2171 peregrinos
1203 2105 1270 2154 mili-

139 2175 292 2226 istiusmodi
303 2175 447 2225 structuris
461 2175 559 2226 blattb.
573 2177 618 2228 Gr.
633 2175 679 2226 Gr.
731 2181 772 2225 tes
785 2180 812 2224 et
824 2175 877 2240 ipsi
887 2177 1055 2226 retinuerint.
1081 2175 1187 2241 Reliqui
1198 2175 1270 2226 enim

138 2263 200 2311 pag.
223 2245 288 2295 1299
314 2251 342 2295 et
359 2245 431 2295 conf.
455 2260 524 2309 quse
548 2245 576 2295 in
596 2245 680 2295 Creu·
733 2245 862 2310 Aegyptii
893 2247 926 2312 (ii
955 2247 1127 2310 praesertim,
1161 2248 1207 2310 qui
1235 2245 1270 2294 ad

139 2317 194 2365 ceri
212 2315 318 2366 Melett.
339 2315 394 2364 dixi
412 2315 465 2366 111.
486 2331 548 2380 pag.
571 2317 601 2378 12
620 2330 677 2379 seq.
731 2315 846 2364 militurn
878 2316 990 2379 tribum,
1027 2317 1268 2381 „Kriegerlrnate“‚

139 2385 217 2450 Quod
236 2401 299 2435 vero
317 2402 379 2436 uer-e
396 2383 547 2452 (χαλκηῑε
562 2383 677 2450 Kupler)
728 2385 986 2454 pertinebantthoe
1008 2401 1089 2451 aegre
1110 2385 1206 2437 tulisse
1231 2385 1271 2434 ri-

138 2463 257 2506 urmatoe
276 2455 305 2522 (i.
330 2471 354 2505 e.
377 2455 480 2505 tlroroce
499 2471 576 2506 aeneo
600 2454 679 2505 odeo·
730 2454 841 2518 dentur,
867 2461 898 2506 ut
915 2456 985 2506 hune
1003 2457 1037 2507 ob
1060 2471 1170 2506 eaueem
1191 2455 1270 2506 multi

138 2542 189 2591 que
207 2526 288 2576 etiam
307 2523 401 2592 clypeo
420 2523 468 2574 tali
486 2525 621 2588 obtectos)
640 2525 679 2575 di·
729 2525 863 2576 seditione
872 2533 946 2576 mota
956 2527 984 2576 in
999 2527 1170 2592 Aethiopiam
1185 2527 1270 2576 disee-

138 2598 176 2646 eit
195 2597 274 2646 Iones
297 2601 378 2662 atque
403 2595 500 2657 Cares,
525 2595 576 2645 lroe
599 2595 679 2646 rudes
730 2595 838 2656 derent3
858 2611 912 2660 qua
928 2596 961 2646 de
979 2613 1009 2646 re
1026 2597 1082 2648 vid.
1106 2599 1209 2650 Herod.
1229 2597 1268 2656 ll,

138 2666 244 2716 indicat
257 2671 351 2730 gentes
360 2665 500 2730 minusque
507 2664 604 2728 cultus,
618 2681 679 2717 enm
730 2665 764 2716 30
782 2665 843 2716 οοΙΙ.
864 2668 980 2716 Heeren.
992 2667 1086 2718 ldeen.
1103 2668 1140 2729 ΙΙ,
1160 2669 1184 2718 2.
1204 2682 1269 2731 pag.

135 2737 206 2798 ferri
226 2751 292 2785 usus
313 2735 341 2784 iu
361 2735 444 2786 ermis
467 2735 580 2800 aliisque
598 2737 678 2785 rebus
730 2735 782 2785 399
803 2751 859 2801 seq.
901 2737 969 2807 {ose
993 2737 1071 2787 sedes
1099 2739 1176 2802 regia
1197 2751 1268 2786 nunc

138 2805 300 2854 necessariis
319 2805 354 2854 sd
372 2809 489 2854 aetutem
508 2806 561 2854 iarn
584 2805 680 2854 cultio·
730 2804 867 2866 Salutat,
890 2821 953 2856 nem
971 2805 1051 2855 buius
1070 2806 1144 2856 urbis
1164 2805 1268 2854 incolae

138 2889 194 2923 rem
211 2873 367 2923 referendus
389 2874 435 2922 eit.
470 2873 559 2937 Supra
581 2875 603 2936 Ι,
629 2875 679 2924 215
729 2874 951 2926 Psammitiebnm
970 2876 1113 2940 praecipue
1131 2875 1269 2923 adiuvisse

138 2941 311 3007 Massagetes
328 2943 429 2992 Noster
451 2943 535 2992 refert
557 2957 619 2994 aere
637 2948 679 2992 st·
729 2943 870 3007 videntur,
889 2959 940 2995 nec
960 2945 1054 3009 procul
1071 2943 1133 2994 inde
1152 2945 1268 2994 Graeco-

138 3027 190 3075 que
208 3027 275 3062 euro
294 3011 351 3060 solo
367 3011 421 3073 uti,
445 3016 472 3060 et
497 3012 577 3061 simili
599 3012 679 3062 modo
729 3028 788 3062 rnnr
800 3015 1026 3064 mercenariorum
1039 3015 1114 3064 fuere
1130 3018 1220 3063 cestra
1233 3011 1269 3062 ad

138 3087 244 3132 veteres
262 3080 422 3131 Germaniae
439 3081 563 3132 nationes
586 3083 678 3132 aeneis
729 3082 822 3132 urbem
839 3083 987 3147 Bubastin‚
1011 3084 1097 3133 donec
1118 3083 1153 3132 eb
1175 3081 1269 3133 Amasi

139 3151 220 3200 ermis
239 3165 303 3200 usae
321 3165 381 3200 esee
399 3151 562 3214 occepimus.
596 3151 680 3202 Plura
728 3151 867 3216 Memphin
881 3159 1121 3218 transponerentur
1133 3153 1185 3217 (11,
1198 3155 1267 3217 lbi).

139 3221 223 3270 Liukr
242 3219 346 3270 Urwelt
362 3225 415 3270 etc.
435 3235 498 3285 pag.
517 3221 679 3286 263.Aegy·
728 3251 764 3261 —
781 3223 824 3273 Cr.
848 3222 884 3272 ed
906 3227 1093 3289 argumentum
1118 3223 1267 3274 Herodotei

138 3290 227 3354 ptios‚
245 3305 306 3339 enm
324 3305 386 3339 aere
405 3295 524 3340 armatos
543 3291 617 3340 viros
631 3292 679 3340 mi·
728 3289 782 3342 loci
796 3293 912 3342 conferri
927 3293 985 3344 vult
1002 3294 1106 3344 Leuke:
1125 3295 1179 3344 Les
1198 3295 1268 3358 priu-

138 3365 275 3422 rurentur,
301 3359 429 3410 cultiores
448 3361 502 3408 iarn
520 3359 605 3410 fuisse
624 3361 678 3410 ser·
727 3362 825 3426 oipaux
843 3378 999 3414 monumens
1016 3365 1128 3428 Egyptt.
1152 3363 1188 3414 du
1213 3380 1268 3414 mu·

138 3445 238 3495 reaque
255 3443 330 3478 arma
347 3430 376 3479 in
393 3445 444 3479 usu
461 3429 589 3482 habuisse
608 3430 678 3481 idern
728 3430 774 3481 see
792 3433 965 3498 britannique
988 3433 1085 3492 (houd.
1106 3433 1182 3495 1827)
1202 3449 1265 3499 pag.

139 3499 202 3550 iude
220 3497 325 3564 colligit
342 3499 384 3580 εἰη
405 3498 510 3549 doctus.
530 3527 565 3536 —
583 3499 678 3552 Caete·
727 3503 761 3552 25
776 3507 803 3552 et
822 3503 864 3564 26,
887 3503 934 3553 ubi
950 3503 1090 3567 inscriptio
1111 3504 1216 3555 Graeca
1240 3507 1268 3552 in

137 3585 196 3619 rum
215 3566 350 3634 χαλκέους
366 3565 473 3632 ἀνέρας
490 3585 522 3618 ex
537 3571 676 3621 Herodoto
728 3572 853 3636 Aegypto
876 3573 987 3624 inventa
1011 3573 1160 3637 explicatur
1183 3575 1268 3622 Hero·

138 3639 217 3688 affert
240 3638 368 3690 Euatatb.
387 3654 449 3704 pag.
472 3639 547 3703 1931,
567 3641 599 3690 111
617 3641 677 3692 sire
729 3641 786 3691 doti
804 3643 974 3705 narratione,
999 3657 1080 3707 quem
1099 3644 1269 3693 verissimum

138 3725 202 3774 pag.
225 3708 300 3771 1937,
320 3709 349 3759 31
371 3708 489 3774 itemque
502 3709 633 3760 Libanius
643 3712 677 3761 T.
729 3711 804 3760 ducit
821 3712 922 3763 Lealre.
960 3715 1035 3763 Haeo
1056 3713 1197 3777 inscriptio
1222 3727 1269 3761 an-

138 3779 175 3828 11.
196 3778 334 3844 psg.120,
359 3783 470 3828 notante
488 3777 678 3846 Weseelingio.
729 3782 891 3846 tiquiseimis
909 3783 1072 3838 Graecorum
1094 3783 1180 3832 literis
1206 3797 1268 3831 exa-

172 3847 243 3910 φίλα
263 3875 298 3884 -
323 3843 458 3914 ποιέεται]
481 3847 501 3896 i.
527 3863 550 3898 e.
576 3849 680 3914 benigne
730 3857 792 3901 rata
803 3851 975 3902 inveniturin
985 3867 1062 3902 crure
1077 3851 1175 3902 colossi
1184 3867 1268 3917 prope

137 3920 244 3980 excipit,
261 3919 424 3982 protestavit,
443 3923 474 3968 ut
486 3917 519 3982 V,
536 3917 579 3969 37.
608 3921 681 3985 Kay-
731 3925 849 3972 vaterem
874 3921 966 3972 urbem
990 3921 1155 3986 Psnmpolim
1181 3935 1213 3983 s.,
1238 3927 1269 3970 ut

138 4003 181 4036 aer
199 3986 233 4037 ad
245 3985 404 4038 Philostrut.
419 3988 452 4038 de
465 3994 600 4054 gymueet.
614 4004 678 4054 pag.
730 4004 802 4040 nune
814 3997 923 4052 vocent,
941 3991 1089 4056 lpeumbul.
1100 4005 1122 4041 e.
1139 3991 1269 4042 Abusam·

138 4055 182 4106 94.
204 4055 254 4106 188
268 4057 344 4108 reddi
359 4057 430 4108 vult:
446 4059 538 4120 foedus
552 4063 593 4109 r'or‘t
604 4067 678 4122 (curn
729 4059 775 4109 bul
794 4061 821 4108 in
839 4061 900 4125 ipsa
911 4061 1014 4121 Nubin3
1032 4065 1095 4124 post
1108 4059 1210 4125 Anglos
1222 4060 1268 4110 do-

137 4125 250 4176 lonibus
272 4131 300 4175 et
320 4126 456 4192 Caribus).
492 4127 544 4177 Sed
569 4129 680 4178 obstant
729 4135 787 4179 etos
806 4130 896 4180 Vorke
915 4134 943 4179 et
961 4130 1053 4180 Leuke
1073 4129 1146 4179 edita
1162 4135 1189 4179 et
1208 4129 1267 4179 illu·

138 4195 364 4274 ipee,sequeutiu
386 4195 482 4248 rerba:
507 4195 558 4246 καί
579 4211 676 4262 σφεας,
728 4203 816 4248 etrnta
836 4203 878 4248 est
896 4213 912 4247 ε
930 4199 1045 4248 Franzio
1065 4199 1105 4249 inr
1123 4199 1203 4264 Corp.
1223 4199 1267 4249 ln-

137 4261 242 4326 μεγαλα
259 4259 483 4329 νπισχνειίμενος
498 4265 594 4316 πείθει
612 4283 637 4316 ιι.
652 4283 676 4316 τ.
728 4269 834 4332 scripti.
852 4269 964 4318 Graece.
984 4267 1113 4320 9ο1.ΙΙΙ.
1132 4283 1172 4319 nr.
1186 4269 1265 4320 5126.

137 4331 161 4381 λ.
175 4361 210 4371 -
220 4333 305 4384 Panlo
320 4333 397 4385 aliter
414 4335 481 4387 baeo
493 4341 602 4386 enarret
613 4337 677 4388 Dio·
727 4352 792 4403 pag.
811 4338 860 4390 591
881 4351 937 4402 seq.
952 4340 981 4387 et
991 4351 1009 4387 s
1025 4337 1093 4393 nur.
1105 4338 1204 4391 Roscio
1223 4339 1266 4390 ine
