3096 4930
229 301 291 362 110
661 297 930 358 HERODO'PI

161 489 223 552 204
231 477 436 568 προβάτοισι.
484 472 531 543 Tri
550 474 611 562 μὲν
631 471 673 563 δὴ
694 469 775 562 πρὸς
802 473 946 562 ἑσπέρην
966 477 1024 562 τῆς
1043 471 1215 561 θαλάσσης
1238 471 1361 560 ταύτης

229 588 287 672 τῆς
301 587 453 667 Κασπίης
470 579 670 667 καλεομένης
683 572 701 646 ὁ
715 574 892 656 Καύκασος
912 572 1067 666 ἀπέργει,
1088 575 1128 645 τὰ
1148 576 1185 646 dl
1210 573 1293 666 πρὸς
1310 572 1361 664 ἠοῖ

230 714 265 755 τε
278 687 334 755 καλ
348 681 443 774 ἥλιον
457 679 681 752 ἀνατέλλοντα
701 686 819 750 πεδίον
833 676 1015 765 ἐκδέκεται,
1030 686 1160 768 πλῆθος
1173 677 1313 770 ἄπειρον
1327 676 1361 762 ἐς

229 788 372 872 ἄποψιν·
401 791 462 856 τοῦ
477 777 526 855 oio
545 783 587 875 δὴ
603 790 724 855 πεδίου
737 789 798 853 τοῦ
811 784 959 872 μεγάλου
972 781 1035 854 οὐκ
1051 781 1227 873 ἐλαχίστην
1239 790 1361 873 μοίρην

229 896 403 984 μετέχουσι
425 894 459 959 ol
477 891 712 976 Μασσαγέται,
733 884 786 958 ἐπ’
809 884 869 969 οὓς
891 883 909 958 ὁ
933 893 1046 978 Κῦρος
1066 894 1141 976 ἔσχε
1164 895 1361 978 προθυμίην

230 1099 313 1148 tiores
328 1100 422 1160 gentes
437 1093 488 1143 hee
502 1094 571 1143 iure
586 1096 770 1158 superent-
821 1107 890 1158 quse
912 1091 1012 1142 dieitur
1036 1091 1159 1156 Kiprels,
1187 1091 1216 1140 in
1237 1088 1361 1141 occiden-

231 1170 263 1218 In
286 1181 359 1230 seqq.
384 1164 571 1228 rescripsimus
592 1163 720 1212 librorum
737 1179 770 1212 ex
820 1161 870 1212 teli
882 1167 959 1226 perte
972 1165 1061 1212 terrae
1072 1161 1228 1211 Turkesten
1242 1165 1270 1210 et
1284 1160 1311 1209 in
1325 1157 1359 1206 iis

229 1235 394 1287 auctoritate
411 1231 490 1298 μίξιν
508 1229 526 1285 d
536 1226 548 1282 ὲ
566 1249 614 1299 pro
632 1233 707 1298 vulg.
726 1231 770 1296 μί-
821 1231 937 1296 eampis,
956 1232 1003 1297 qui
1015 1231 1123 1296 proprie
1139 1231 1282 1281 adterrem
1292 1229 1360 1280 Gets

230 1305 276 1370 ξίν
293 1319 336 1355 τε.
467 1326 488 1360 ο
819 1302 974 1368 pertineant
986 1300 1054 1365 („im
1069 1300 1249 1368 eigentlicuen
1266 1299 1362 1350 Gebiet

819 1387 873 1421 von
891 1371 1000 1438 Gete“).
1037 1373 1078 1422 De
1092 1371 1256 1436 Massagetis
1276 1369 1361 1418 omni-

819 1442 870 1492 bus
883 1445 1004 1491 veterum
1025 1442 1186 1506 scriptorum
1202 1439 1269 1490 locis
1288 1437 1362 1488 edhi-

411 1493 476 1544 CM’·
494 1492 586 1542 cmv·
820 1512 886 1562 bitis
897 1511 1048 1576 disputavit
1062 1525 1169 1576 quoque
1178 1510 1278 1560 Ukert:
1292 1509 1361 1558 Geo-

820 1580 914 1646 greph.
935 1581 961 1630 d.
974 1581 1081 1632 Griech.
1101 1596 1128 1630 u.
1147 1581 1239 1630 lioenr.
1258 1579 1313 1639 111,
1334 1580 1360 1628 ’2.

821 1669 847 1717 p.
860 1651 908 1700 eil
929 1666 1015 1716 seqq„
1032 1651 1060 1700 id
1078 1665 1159 1700 unum
1177 1649 1210 1699 de
1224 1650 1362 1712 Message-

822 1722 858 1771 tis
887 1724 961 1770 certo
983 1720 1153 1785 pronuntiari
1179 1733 1259 1784 posse
1286 1723 1362 1768 retus

822 1791 862 1855 (p.
881 1789 958 1854 575),
984 1789 1142 1840 oboriente
1164 1789 1246 1839 meris
1270 1788 1363 1851 Caspii

822 1875 914 1911 earum
933 1859 1011 1910 sedes
1028 1860 1198 1925 quaerendos
1217 1873 1291 1919 esse,
1315 1873 1362 1907 ne·

822 1945 874 1994 que
887 1945 952 1980 vero
964 1930 1119 1980 securetius
1132 1929 1261 1980 constitui
1272 1942 1361 1992 posse.

266 1607 310 1665 Τὰ
322 1609 374 1680 μὲν
387 1606 422 1678 δὴ
437 1605 509 1677 πρὸς
521 1601 644 1675 ἕσπέρην
655 1607 703 1674 τῆς
716 1609 768 1658 θα-

228 1679 333 1748 λάσσης
352 1675 466 1748 ταύτης]
488 1681 620 1746 Intelligit
637 1681 769 1746 regiones,

231 1773 300 1824 quae
312 1771 328 1804 e
339 1755 438 1820 Cuspio
451 1753 517 1803 rneri
531 1751 697 1802 occidentem
712 1767 770 1800 ver-

230 1843 276 1876 sus
292 1826 361 1875 sitne
374 1829 450 1884 sunt,
465 1827 495 1873 ut
513 1839 574 1872 mox
591 1813 625 1870 τὰ
641 1811 713 1884 πρὸς
730 1811 770 1884 ἠοῖ

230 1911 258 1946 τε
277 1891 325 1945 καλ
340 1883 422 1960 ἥλιον
439 1883 627 1942 ἀνατέλλοντα
646 1891 770 1955 regiones

231 1961 1362 2100 umfflwfflmmme

231 2107 289 2171 spio
307 2104 376 2154 meri
394 2103 471 2156 sites.
503 2103 545 2152 Cl.
564 2100 771 2164 Schweighseu-
823 2071 860 2121 H·
879 2086 906 2134 l'·
927 2070 977 2120 457
997 2068 1083 2134 ’ψ’
1103 2069 1149 2134 ‘lui
1167 2072 1195 2118 ⁰t
1213 2069 1271 2133 ip⁸⁸
1289 2072 1363 2117 vm

231 2191 284 2226 ser.
303 2174 338 2224 ed
355 2175 377 2236 Ι,
391 2171 441 2224 2ολ
460 2177 487 2222 et
504 2176 573 2222 nott.
592 2169 626 2220 ud
639 2171 687 2232 IV,
702 2172 745 2220 li.
822 2156 880 2190 “¹¹¹¹
893 2140 967 2190 '⁰⁰⁰⁸
986 2139 1105 2221 Quem
1124 2139 1302 2222 immin.
1314 2151 1361 2201 ΡΝ

823 2211 1020 2259 Turcomsnms
1043 2209 1137 2260 haben
1159 2207 1232 2269 vult,
1257 2221 1304 2271 qur
1327 2205 1362 2256 ed

266 2274 369 2326 πεδίον
387 2265 543 2336 ἐκδέκεται,
562 2270 676 2336 πλῆθος
693 2261 772 2322 ἄπει·
822 2280 932 2330 fluvium
955 2279 1025 2328 Miss
1048 2277 1133 2342 (nude
1156 2278 1243 2342 ipsum
1265 2291 1363 2325 nomeu

232 2362 285 2413 ρον
308 2337 335 2402 ἐς
354 2335 468 2404 ἄποψιν
486 2359 511 2394 ²⁸·
530 2359 554 2392 ῑ-
574 2341 610 2409 lu]
630 2344 691 2393 Νθῐῑ
712 2358 772 2406 1108-
823 2347 1360 2413 duruerint)habitaverintintremootem

232 2433 290 2468 sum
310 2416 375 2481 quin
393 2414 560 2476 adscribam,
578 2428 648 2478 quae
665 2412 773 2476 egregie
822 2418 890 2468 Urel
909 2423 937 2468 et
953 2418 1041 2468 lecum
1058 2417 1121 2468 drel
1138 2417 1166 2465 in
1179 2415 1290 2480 regions
1301 2414 1361 2462 curi

232 2489 266 2538 de
281 2486 333 2536 hoo
349 2485 409 2536 loeo
428 2489 626 2535 commentatus
644 2486 686 2532 etl
703 2483 773 2532 Mee-
824 2488 1001 2548 serenissime.
1031 2488 1074 2537 lte
1089 2487 1211 2535 nimirum
1226 2487 1362 2534 statueret

232 2573 279 2608 ren
299 2555 396 2623 (ldeen
420 2555 442 2616 Ι,
462 2556 487 2604 '2-
506 2569 570 2618 pag·
595 2548 674 2614 2112)τ
700 2551 772 2615 „Die
823 2553 1363 2622 uiehwsld(Geographuesccspdlee-

231 2623 543 2677 nncrmesslicheEbcnc
561 2653 597 2662 -
615 2622 707 2672 deutet
724 2621 774 2670 eni
823 2643 867 2678 ren
882 2643 908 2692 p.
921 2626 1060 2692 reason),
1074 2641 1153 2690 quem
1165 2624 1287 2689 sequitur
1298 2625 1365 2674 For.
1388 2667 1393 2677 ,

232 2697 276 2747 die
292 2695 390 2746 wellen
404 2692 634 2759 Sleppenlllnder‚
659 2691 703 2742 (lle
726 2691 772 2740 lle-
822 2699 909 2763 bigot,
941 2697 974 2746 In
985 2701 1058 2746 tem
1068 2696 1246 2761 Kirfflnorum,
1260 2693 1365 2744 inson.

232 2767 298 2817 reits
313 2766 340 2814 in
354 2765 402 2815 der
415 2779 528 2829 grossen
542 2761 683 2826 Boeberey
698 2761 773 2811 ihren
823 2768 900 2833 gnrin
919 2765 1089 2816 meridionali
1110 2771 1193 2831 atque
1212 2763 1365 2816 Bucherius

146 2840 150 2846 '
231 2837 342 2900 Actsng
365 2833 479 2885 nehmen
497 2832 550 2884 und
576 2831 633 2882 sioh
656 2831 772 2882 ulsdenn
824 2835 1030 2902 septentrionali
1044 2841 1121 2900 μη,
1135 2837 1365 2900 Munngnnnnpn.

232 2907 261 2957 in
280 2906 327 2956 der
343 2920 457 2970 grooten
475 2905 608 2967 Tortorey
630 2908 709 2952 uniet
726 2900 773 2950 dtr
823 2908 864 2958 nit
888 2907 1013 2957 Getterer
1040 2907 1067 2954 in
1090 2905 1241 2956 comment.
1268 2904 1364 2954 societ.

231 2979 400 3038 Benennung
418 2975 465 3024 der
481 2973 613 3038 Surgerey
631 2971 685 3020 und
702 2971 773 3021 Mou-
823 2977 946 3040 oniting,
975 2976 1008 3025 Τ,
1035 2975 1110 3026 xlv,
1139 2991 1203 3041 ring,
1229 2975 1255 3026 9,
1297 2975 1366 3024 con.

229 3049 304 3112 ηολτη
326 3045 413 3094 neben
434 3045 494 3094 dem
513 3042 607 3094 Laude
625 3042 713 3108 quur
731 3042 773 3090 bl·
822 3051 866 3096 trs
885 3045 1008 3110 Helling.
1025 3043 1125 3106 (Wicn.
1139 3045 1249 3096 Iehrbb.
1262 3044 1365 3094 LXIII.

233 3133 266 3166 το
289 3115 337 3165 der
354 3115 436 3164 Kette
459 3115 507 3164 des
525 3112 600 3162 Altei
621 3111 717 3161 hinnul
733 3127 773 3161 cr·
822 3132 848 3180 p.
876 3114 936 3179 131)
959 3115 1092 3166 Herodoti
1116 3116 1289 3180 Massagetes
1311 3129 1366 3163 non

233 3183 389 3235 strecken.“
429 3183 530 3233 Aurum
561 3181 631 3232 enirn
659 3182 771 3232 multum
823 3185 891 3236 elios
909 3199 970 3233 esse
987 3184 1046 3234 vult
1064 3191 1146 3252 etque
1161 3185 1366 3248 Alanorposte-

233 3259 315 3318 etque
334 3267 389 3315 oet,
407 3268 460 3316 quo
483 3253 657 3317 Matttgetae
675 3253 714 3302 ull
733 3251 772 3299 (ll-
822 3271 868 3306 ree
899 3254 1013 3315 eetetis,
1042 3255 1183 3305 Ammiano
1206 3253 1365 3304 Marcellino

233 3327 331 3375 cuntur
350 3321 383 3384 (I,
402 3319 475 3386 ⁰215),
493 3335 547 3372 non
567 3321 646 3372 eliter
666 3322 719 3370 nisi
738 3336 771 3370 ex
822 3323 944 3389 inprimis
955 3327 1068 3375 auctore
1080 3325 1184 3386 XXIII,
1207 3324 1248 3374 ld.
1263 3323 1364 3394 xxlil,

232 3398 324 3444 monte
332 3392 405 3443 Airai
413 3391 678 3456 occiperepoterent.
694 3389 772 3441 Unde
822 3397 848 3457 2,
872 3394 918 3458 qui
937 3409 1009 3458 quee
1027 3393 1060 3445 de
1079 3395 1174 3444 Alanis
1192 3394 1310 3456 scripsit,
1332 3407 1365 3440 ee

233 3463 312 3514 simul
330 3463 406 3528 ipsse
422 3462 503 3511 huius
522 3462 611 3526 gentis
630 3459 707 3510 sodes
724 3459 773 3510 eli·
823 3479 888 3514 nene
904 3479 936 3513 ex
955 3461 1031 3528 perte
1048 3464 1157 3530 quidem
1173 3463 1208 3512 ab
1224 3460 1362 3510 Herodoto

233 3538 366 3600 quatenus
377 3531 482 3582 deliniri
492 3535 627 3596 poterunt,
648 3545 714 3595 quos
730 3545 772 3579 su·
823 3533 906 3583 duote
929 3532 1014 3582 videri
1037 3537 1163 3598 possunt,
1191 3531 1251 3595 ipso
1275 3527 1363 3578 iudice

233 3621 282 3670 pre
305 3603 340 3654 etl
366 3603 390 3665 I,
415 3601 463 3652 201
488 3600 639 3664 attigimus.
682 3601 772 3663 Atque
822 3603 927 3653 Ukerto
943 3602 960 3651 l.
980 3601 997 3652 l.
1018 3619 1045 3667 p.
1065 3603 1116 3651 554
1133 3616 1205 3664 seq.,
1231 3598 1299 3647 bene
1317 3596 1363 3646 ed-

233 3677 286 3724 ium
314 3671 460 3724 Bennoliuu
486 3671 514 3720 ln
538 3669 690 3734 Geograph·
719 3670 772 3718 He·
823 3676 962 3732 monente,
982 3672 1030 3722 hos
1050 3671 1150 3720 Alanos
1168 3683 1197 3717 re
1214 3683 1278 3716 vers
1299 3681 1364 3729 gen-

232 3743 321 3794 rodot.
338 3741 463 3807 peg.473
483 3755 541 3804 seq.
561 3743 680 3788 veterum
698 3738 772 3788 locos
822 3743 890 3791 tium
909 3741 1090 3791 Asiaticorum
1112 3736 1254 3788 colluviem
1279 3737 1364 3786 luisse

232 3814 266 3862 de
288 3811 453 3874 Massagetis
472 3809 611 3870 (Strobou.
636 3809 685 3860 XI.
708 3823 770 3873 pag.
822 3809 1160 3872 undeounquecolleetem.
1193 3808 1283 3872 Atque
1293 3807 1364 3856 Mas-

232 3881 280 3932 511
303 3895 360 3944 seq.
377 3880 490 3930 Diodor.
509 3877 592 3929 Sicul.
613 3879 652 3938 ΙΙ,
671 3878 696 3930 3.
724 3878 772 3927 dr·
823 3881 925 3944 sugetis
937 3878 1037 3928 Alanos
1057 3893 1164 3942 quoque
1178 3876 1311 3927 contineri
1325 3877 1365 3926 iu·

232 3947 506 4013 rien-Expeditior.
523 3948 570 4009 IV,
584 3948 625 3999 17.
644 3945 771 4011 Ptolem.)
822 3949 898 4000 dicet
918 3947 1020 3997 Ritter:
1046 3945 1195 3998 Erdkunds
1215 3947 1279 3998 vll.
1299 3961 1364 4011 μσς.

231 4017 356 4080 collegit,
381 4031 435 4080 qno
453 4018 487 4068 de
505 4017 578 4068 veris
599 4016 708 4068 sedibus
727 4032 772 4066 ec·
822 4018 883 4070 ott.

233 4086 355 4138 curatius
374 4087 459 4136 stetui
481 4090 583 4150 posset.
619 4087 771 4150 Scriptores
857 4081 910 4134 rori
925 4071 966 4132 civ
984 4075 1137 4148 director
1162 4099 1188 4134 κ.
1208 4099 1232 4133 τ.
1258 4081 1293 4148 λ.]
1312 4085 1365 4132 He-

233 4154 373 4206 Herodoto
384 4155 547 4218 posteriores
557 4155 651 4206 melius
663 4155 774 4206 edoctos
823 4153 925 4205 roldius
950 4155 1034 4204 scribi
1054 4154 1115 4204 vult
1138 4144 1240 4203 τούτου
1259 4139 1300 4200 siv
1328 4143 1365 4214 δὴ

234 4239 295 4275 esse
312 4225 465 4284 contendit3
485 4239 553 4288 quos
576 4225 600 4274 si
621 4239 774 4290 sequemur,
824 4221 876 4273 rori
900 4220 1018 4285 πεδίον,
1049 4225 1219 4288 approbante
1243 4221 1364 4272 Dietseh.

234 4296 407 4358 Massagetes
433 4293 553 4344 tenuisse
580 4297 667 4344 terres
690 4309 776 4358 usque
827 4293 947 4356 (Iehrbb.
967 4295 986 4344 i.
1005 4293 1104 4344 Philol.
1118 4291 1278 4356 u.Psedeg.
1292 4291 1365 4340 LXI.

234 4363 385 4420 odlmeom
399 4361 541 4418 dicendum
564 4378 596 4417 ee
612 4363 640 4416 in
655 4363 775 4432 regione,
826 4379 890 4434 pag.
914 4361 987 4433 432),
1011 4378 1099 4432 neque
1120 4379 1185 4418 vero
1210 4361 1239 4416 in
1262 4363 1366 4412 textum
