3032 4916
249 255 311 320 658
684 253 947 316 HERODO'PI

250 427 390 527 χώραςὸ
406 429 581 518 Αἰγύπτου
595 427 754 519 βασιλεῦς
769 431 976 519 Σέσωστρις,
991 432 1029 498 ot
1039 426 1101 516 pio
1115 432 1259 508 πλεῦνες
1271 423 1386 498 οὐκέτι

250 637 394 703 vulgatum
413 623 519 699 doses,
538 649 553 684 e
571 631 710 684 Sanctolt.
729 630 790 684 cod.
843 630 940 698 caligis
958 631 1047 682 acutis
1064 630 1123 680 sive
1138 632 1259 682 comatis
1273 630 1386 682 indutus

251 711 385 757 mutatum
402 705 431 754 in
447 695 546 768 ὅριοι,
566 718 626 752 cum
645 700 693 752 alii
711 701 791 752 codd.
844 707 899 765 est,
916 702 961 750 vix
980 701 1143 766 Aegyptium
1161 717 1253 767 regem
1270 707 1318 752 snt
1337 702 1385 750 mi·

251 767 337 843 ὅρον,
355 775 405 826 elii
417 762 501 838 ὅρων
516 773 626 823 terrent.
656 772 742 822 Koen.
756 771 791 821 ad
844 773 919 823 litem
937 769 1071 834 declaret,
1095 769 1144 821 sed
1160 771 1301 836 Assyrium
1319 771 1386 836 Scy-

252 849 365 912 Gregor.
384 843 506 895 Corinth.
522 859 549 908 p.
562 843 613 894 407
628 841 793 906 probaverat
843 843 953 893 thamve
970 842 1062 906 potins
1073 848 1277 906 repraesentare
1294 841 1386 892 ridea-

251 905 351 980 d'oeov3
363 915 410 964 sed
420 912 475 962 vid.
483 912 599 963 Bredov.
606 928 633 977 p.
641 910 700 974 31³,
714 927 792 977 quem
844 919 888 962 tur
899 912 1034 961 homiuem
1044 909 1079 976 *),
1098 911 1173 961 alind
1189 915 1280 961 tamen
1290 913 1385 961 iuven·

251 989 365 1036 recentt.
397 982 457 1034 edd.
492 987 567 1033 recte
603 983 690 1032 secuti
718 986 790 1032 sunt.
843 988 901 1033 tum
933 985 976 1032 est
1009 981 1037 1030 in
1065 981 1147 1046 Syria
1173 987 1384 1044 monumentum,

253 1054 332 1118 Quod
356 1053 391 1104 ad
415 1053 502 1118 ipsam
523 1053 706 1102 narrationem
729 1051 792 1101 sttl-
843 1050 916 1118 quod
933 1065 1080 1116 exgenere
1097 1066 1198 1115 eorum,
1217 1067 1286 1118 quae
1299 1053 1385 1102 Hero-

252 1130 313 1188 uet,
336 1127 420 1189 neget
442 1123 534 1188 zoega
557 1123 590 1172 de
609 1120 739 1173 obelisco.
764 1136 791 1187 p.
843 1123 923 1172 dotus
941 1121 968 1172 h.
980 1121 999 1171 l.
1014 1120 1159 1186 descripsit
1176 1121 1288 1188 ipseque
1306 1123 1383 1184 vidit,

221 1219 225 1228 =
252 1193 304 1246 578
321 1209 390 1260 seq„
407 1191 664 1243 Sesostridemvere
682 1192 731 1241 lies
749 1205 793 1241 co·
842 1197 916 1243 certe
940 1191 1038 1253 tuisse,
1067 1191 1187 1242 dubiteri
1207 1196 1310 1258 nequit.
1351 1193 1384 1242 lu

251 1264 357 1315 lomnes
371 1263 509 1329 posuisse,
528 1263 605 1312 euius
622 1263 730 1312 nomine
746 1275 794 1310 vo·
842 1261 916 1312 valle
930 1265 1048 1326 anguste
1067 1261 1234 1328 rupibusque
1251 1263 1384 1328 praecipi·

252 1341 333 1385 cetae
357 1337 412 1384 sint
431 1337 565 1398 quotquot
588 1329 731 1382 columnae
757 1329 792 1380 ad
844 1332 916 1383 tibus
938 1331 1065 1396 utrinque
1087 1331 1206 1396 incluse,
1233 1347 1382 1398 perquam

251 1409 372 1456 veterum
400 1415 494 1468 regum
525 1403 677 1467 potentium
708 1405 794 1452 statu·
843 1403 978 1467 Lyncea,
991 1405 1022 1451 ut
1040 1415 1111 1452 nnnc
1129 1407 1252 1466 vocetur,
1271 1401 1383 1454 Nshrel

251 1481 297 1526 tse
311 1473 432 1525 creditne
446 1472 557 1522 inerint.
573 1469 793 1523 Palaestinensca
843 1471 913 1522 Kelb
925 1471 1011 1521 undas
1024 1485 1097 1522 mere
1109 1487 1204 1523 versus
1216 1473 1311 1536 volvit,
1329 1488 1384 1523 non

252 1545 359 1610 quidem
377 1544 436 1593 iure
454 1541 615 1593 Sesostridis
633 1541 687 1592 dici
702 1556 793 1607 posse,
843 1541 924 1607 longe
940 1555 957 1590 a
967 1542 1068 1606 Beryto
1085 1556 1108 1592 s.
1122 1543 1217 1593 Beirnt
1233 1544 1383 1609 complures

252 1629 312 1664 cnm
326 1613 393 1663 nibil
405 1627 455 1662 nos
470 1611 579 1662 credere
589 1617 673 1674 vetat,
688 1615 793 1662 conter-
843 1616 991 1662 cernuntur
1008 1612 1120 1677 rupibus
1138 1612 1291 1678 insculptae
1307 1614 1384 1664 tebn-

251 1685 351 1734 minem
378 1682 516 1748 regionem
540 1686 598 1732 tem
623 1683 714 1747 prisco
738 1682 793 1731 ism
843 1681 900 1744 lna,
925 1695 994 1746 quse
1012 1681 1177 1748 Aegyptium
1195 1684 1321 1734 exhibent
1341 1699 1382 1733 re-

251 1753 524 1819 aevergyptiorum
539 1751 649 1818 regibus
662 1749 792 1802 tributum
843 1765 904 1818 gem
924 1752 1068 1816 victorem,
1093 1753 1140 1818 qui
1163 1755 1301 1818 captivum
1326 1754 1382 1804 viu-

251 1823 422 1890 pependisse.
438 1822 492 1873 Sed
504 1822 538 1872 de
549 1821 682 1873 columni
694 1821 729 1871 ab
738 1823 793 1872 He·
843 1825 917 1872 ctum
951 1821 1042 1887 gladio
1074 1821 1246 1889 iuguleturua
1280 1824 1383 1890 deoque

251 1895 349 1944 rodoto
368 1893 396 1943 iu
407 1892 486 1943 Ionis
503 1893 568 1942 risis
583 1893 621 1942 nil
634 1893 701 1943 certi
718 1890 791 1941 elfir-
842 1889 982 1941 oblaturus
1008 1895 1063 1942 est:
1088 1891 1198 1944 additae
1220 1899 1284 1944 sunt
1301 1899 1384 1946 notae

250 1963 319 2014 meri
338 1977 418 2028 posse
435 1977 523 2028 neque
540 1960 641 2013 similes
659 1963 728 2012 istee
740 1962 791 2012 Ae·
841 1959 1078 2026 hieroglyphicas,
1107 1963 1205 2028 quibus
1229 1965 1384 2014 continetur

252 2033 355 2099 gyptiis
374 2031 483 2083 omnino
501 2031 600 2094 iciam
620 2032 728 2096 quaesi
747 2045 792 2081 ve·
841 2045 940 2081 nomeu
960 2031 1060 2082 nareis
1082 2047 1105 2084 s.
1127 2031 1281 2085 Sesostridir
1305 2035 1384 2084 sdeo·

251 2115 297 2152 rae
315 2102 430 2164 inerint,
449 2115 504 2152 non
517 2101 578 2154 ideo
593 2115 661 2167 opus
678 2117 695 2151 s
712 2101 792 2152 Seso-
842 2115 907 2167 que,
940 2101 964 2150 si
995 2105 1069 2152 recte
1098 2101 1233 2155 intellexit
1258 2105 1383 2170 Lepsios,

251 2171 336 2222 stride
362 2177 467 2221 erectas
493 2171 555 2221 illss
583 2175 694 2236 putere,
721 2183 791 2236 quse
841 2171 900 2236 ipse
913 2185 1009 2234 annus,
1028 2187 1081 2238 qno
1099 2187 1131 2223 es
1147 2189 1195 2225 rex
1212 2179 1386 2240 perpetrasse

250 2257 267 2291 a
292 2239 414 2306 profugis
441 2244 489 2290 sut
519 2240 622 2290 colonis
648 2239 792 2305 Aegyptiis
841 2240 978 2305 putandus
991 2242 1042 2305 sit,
1059 2243 1252 2311 quartusregni
1266 2245 1318 2310 sui,
1337 2246 1384 2310 qui

250 2311 315 2376 poni
331 2309 500 2374 potuissent3
520 2308 744 2375 quemadmodum
763 2309 792 2357 iu
843 2310 899 2361 lere
917 2312 1044 2361 convenit
1060 2327 1121 2364 cum
1140 2327 1212 2364 auno
1233 2313 1300 2366 1889
1319 2319 1385 2365 unte

249 2379 395 2444 Aethiopia
411 2378 572 2429 Sesostridis
590 2379 728 2429 columnus
748 2377 793 2444 (ds
843 2379 905 2431 Chr.
923 2395 952 2432 n.
969 2396 1002 2432 ex
1021 2382 1143 2434 eiusdem
1160 2384 1213 2434 viri
1230 2383 1304 2436 docti
1322 2399 1385 2450 sup·

251 2448 349 2514 quibus
360 2448 460 2498 Strabo
472 2451 590 2498 testetur
602 2449 676 2500 xvl.
689 2463 716 2513 p.
731 2447 791 2499 789.
842 2451 992 2515 putatione.
1019 2453 1059 2502 Ac
1075 2453 1189 2518 primum
1207 2453 1315 2521 quidem
1331 2454 1384 2504 hoc

250 2517 341 2570 XVII.
360 2533 387 2583 p.
407 2515 471 2580 790)
496 2532 513 2567 e
530 2518 726 2570 mercatoribus
745 2533 792 2583 po·
842 2527 1044 2572 monumentum
1071 2523 1151 2574 nobis
1180 2525 1301 2576 innotuit
1324 2539 1384 2575 sse-

250 2587 304 2638 tius
330 2587 358 2636 iu
382 2587 454 2652 regis
481 2585 623 2652 honorem,
651 2603 730 2654 quam
756 2587 791 2638 eb
842 2589 897 2640 culi
914 2591 1092 2657 praeterlapsi
1115 2593 1169 2645 fine
1186 2595 1214 2645 in
1232 2611 1314 2661 opere
1331 2595 1382 2644 viri

249 2657 301 2708 hoc
319 2657 379 2722 ipso
397 2657 501 2721 positus
519 2657 614 2710 inisse.
649 2657 791 2708 Hactenus
842 2659 917 2710 docti
941 2661 1054 2712 &aseer
1079 2663 1192 2730 Voysge
1213 2666 1383 2731 pittoresqne
1467 2681 1473 2690 ·

249 2728 351 2793 Zoega.
393 2727 470 2789 Quae
492 2732 623 2792 quantum
640 2732 792 2793 repugnent
842 2729 876 2780 de
893 2729 921 2780 la
938 2731 1016 2796 Syrie
1036 2729 1127 2796 (1798)
1145 2734 1206 2786 Vol.
1225 2735 1263 2786 11.
1282 2735 1320 2802 pl.
1339 2737 1382 2786 78.

249 2797 380 2848 historiae
396 2797 560 2848 testimoniis
583 2797 704 2863 ipsisque
721 2797 790 2849 adeo
842 2800 888 2858 77;
912 2801 1067 2851 accuratius
1091 2802 1223 2855 dederunt
1239 2805 1321 2872 Angli
1338 2805 1382 2854 in:

250 2867 430 2918 monumentis
441 2866 529 2916 adhuc
542 2867 743 2933 superstitibus,
758 2867 791 2918 de
841 2869 984 2921 Transact.
999 2871 1030 2921 of
1044 2871 1090 2922 the
1105 2874 1211 2940 society
1226 2875 1257 2926 oi
1267 2875 1383 2926 Litsrst.

227 2937 347 3012 ,quibus
369 2936 404 2989 sd
421 2937 465 3000 11,
487 2935 535 2988 102
554 2937 721 3002 monuimus,
746 2953 791 2989 ex·
840 2938 902 2989 Vol.
926 2939 980 2991 Ill.
1001 2942 1032 2992 P.
1060 2941 1084 2993 l.
1107 2959 1134 3008 p.
1157 2945 1216 2996 105.
1241 2945 1284 2996 Pl.
1311 2945 1336 2996 1.
1355 2947 1382 2994 2.

238 3021 350 3072 ponere
379 3005 425 3056 rix
451 3021 529 3072 opus.
571 3007 625 3058 Sed
656 3007 790 3059 secedunt
841 3006 933 3076 (1837)
951 3025 983 3061 ac
1001 3013 1144 3078 praecipue
1154 3014 1271 3080 Lepsios
1282 3014 1382 3066 Annei.

249 3091 357 3142 quoque
372 3077 427 3127 alie
440 3078 663 3142 esqueoertiore.
691 3079 790 3142 Quam·
841 3077 905 3130 dell’
923 3080 993 3130 luat.
1018 3082 1143 3136 Archeol.
1162 3083 1223 3135 Vol.
1240 3085 1275 3136 Χ.
1301 3101 1328 3151 p.
1351 3087 1383 3134 12

249 3161 330 3210 quem
348 3148 418 3196 enim
436 3146 472 3196 ad
492 3143 563 3196 hunc
580 3147 714 3198 Herodoti
729 3163 790 3199 nar·
841 3163 917 3215 seqq.
927 3149 1002 3201 Mon.
1017 3151 1089 3203 ined.
1107 3153 1176 3204 Tav.
1191 3153 1222 3205 21
1250 3155 1297 3217 (cl.
1311 3155 1384 3205 cius-

248 3215 381 3265 rstionem
399 3215 445 3264 vix
463 3216 564 3266 reterre
581 3216 677 3268 licebit
695 3217 791 3284 imagi·
840 3218 899 3270 dem
918 3219 970 3268 viri
989 3219 1061 3271 docti
1079 3223 1177 3274 Notice
1195 3239 1242 3274 sur
1259 3224 1299 3276 les
1319 3225 1384 3275 bas-

248 3299 310 3334 nem
333 3285 468 3350 quendem
492 3287 552 3350 rupi
577 3287 740 3352 insculptam
761 3288 789 3337 in
839 3288 931 3339 relisis
948 3289 1049 3356 Egypt.
1072 3296 1100 3342 et
1116 3293 1193 3346 Pers.
1212 3294 1245 3346 de
1261 3295 1385 3360 Beyront

248 3353 307 3418 via,
325 3369 396 3420 quse
407 3353 537 3405 Sardibus
556 3354 698 3422 Smyrnam
713 3356 789 3408 ducit
839 3373 873 3409 en
891 3358 968 3424 Syrie
983 3375 1061 3416 ,eveo
1086 3377 1140 3413 une
1156 3361 1281 3429 plancho.
1300 3367 1382 3416 Rom.

248 3423 275 3472 iu
293 3423 428 3487 lancibus,
444 3423 789 3491 quibusnomeuKnrabel,
841 3427 919 3494 1838)
946 3430 1096 3496 iterumque
1124 3448 1203 3499 qnam
1233 3436 1385 3486 accuratis-

248 3497 351 3558 septem
381 3494 466 3544 ferma
496 3493 621 3545 horarum
649 3497 740 3560 spatio
772 3511 789 3547 s
839 3497 944 3548 simeln
954 3515 1034 3565 opere
1044 3501 1385 3566 splendidissimozDeuk-

248 3563 364 3630 Smyrna
381 3563 505 3624 remotis,
533 3577 607 3627 cum,
627 3579 696 3630 quse
715 3565 789 3616 exhi·
840 3568 923 3618 mitler
934 3583 983 3619 aus
993 3571 1110 3637 Aegypt.
1122 3587 1149 3623 n.
1160 3573 1285 3640 Aethiop.
1297 3575 1383 3626 Abtb.

246 3632 326 3684 betur
338 3633 424 3700 ligura
437 3631 575 3683 bellatoris
589 3650 611 3685 s.
626 3634 728 3700 militis,
743 3635 789 3702 qui
839 3637 894 3688 111.
919 3637 957 3704 pl.
975 3639 1023 3692 197
1050 3657 1083 3692 sc
1108 3642 1195 3694 torma
1217 3645 1313 3695 minori
1338 3645 1385 3698 in:

247 3701 355 3754 hastam
372 3703 496 3764 sinistre,
521 3717 613 3754 eroum
638 3704 733 3755 dextre
749 3709 789 3756 te·
838 3707 1063 3761 Monstsbericht.
1094 3711 1121 3762 d.
1145 3713 1234 3764 Alsed.
1259 3714 1285 3766 d.
1309 3713 1387 3764 Wie-

143 3825 146 3830 ,
246 3777 293 3823 net
307 3787 389 3824 menn
404 3772 564 3838 braccisque
575 3773 744 3826 brevioribus
760 3780 788 3827 et
838 3777 945 3830 senscb.
972 3796 996 3830 s.
1015 3779 1087 3832 Berl.
1104 3781 1170 3833 Juni
1191 3783 1266 3836 1851.
1285 3799 1311 3851 p.
1328 3784 1386 3837 888

248 3931 488 3946 U——n--n———u-

299 4033 322 4083 1)
336 4031 389 4074 Vid.
404 4033 495 4088 Kieperl
509 4037 543 4076 in:
559 4037 706 4091 Arclracolog.
723 4038 778 4080 Zeit.
795 4039 851 4080 1813.
868 4052 900 4081 ur.
916 4041 946 4092 n,
960 4043 996 4094 qni
1028 4044 1096 4084 rimus
1110 4043 1150 4084 hoc
1165 4049 1326 4084 monumentum
1343 4055 1384 4084 es-

249 4081 333 4132 hibuit,
349 4085 376 4124 de
405 4098 432 4128 uo
446 4087 492 4130 vid.
508 4087 572 4128 Wols
587 4089 621 4129 in:
637 4089 843 4132 dunelmensem.
860 4104 893 4133 nr.
908 4095 933 4133 so
952 4099 972 4133 et
987 4055 1082 4146 nitimur.
1100 4093 1176 4135 Zeitno
1196 4125 1201 4135 .
1218 4095 1274 4135 laet.
1291 4093 1381 4146 Belluff.

250 4147 282 4174 nr.
299 4135 383 4187 2781).
429 4137 455 4186 13,
472 4138 681 4180 Welrlrer:llhein.
698 4139 754 4183 llius.
771 4139 796 4181 ll.
813 4141 836 4181 l·'.
853 4141 878 4190 11,
893 4144 912 4183 ³.
929 4155 950 4196 p.
965 4145 1004 4185 181)
1017 4158 1063 4196 neq.
1093 4145 1145 4186 Cum
1159 4109 1384 4198 illiricumque·

248 4189 411 4225 monumentum
426 4201 474 4228 esee
488 4195 585 4230 statuunt
600 4191 658 4231 idom
674 4191 763 4245 llieperl
783 4193 805 4232 in
819 4193 935 4236 Arcbnool.
956 4195 1010 4236 7.(’11Ι
1027 4197 1083 4236 titt.
1113 4213 1127 4239 ·.
1144 4199 1190 4245 188,
1214 4197 1305 4250 lapsine
1323 4198 1383 4243 ibid.

248 4236 303 4279 lete.
320 4248 342 4288 p.
356 4236 402 4284 271,
417 4237 501 4289 leyen-o
516 4239 611 4282 niniven
626 4244 668 4282 sud
684 4244 712 4284 its
726 4245 820 4284 remulus
836 4243 861 4285 ll.
878 4258 899 4296 p.
916 4246 952 4286 lei
966 4259 1011 4298 ιιι).
1028 4248 1065 4288 tet
1086 4248 1223 4290 llrsoorcrioe
1238 4263 1271 4288 or
1333 4251 1375 4290 tto

245 4285 345 4394 Ι1ξίιιιίὲιιιι
371 4283 409 4328 ilie
424 4289 529 4336 l‘lrooulz.
549 4291 574 4344 ll,
596 4294 614 4338 l.
630 4307 651 4346 p.
667 4295 717 4344 279,
736 4295 864 4335 (irnlolcnd.
883 4297 965 4339 lssrleur.
985 4299 1006 4338 (1.
1025 4297 1132 4340 licii-olio.
1153 4301 1226 4352 liolsql.
1248 4257 1385 4344 l'n'ri’e'ntne'
