3064 4940
196 249 256 312 136
629 243 897 310 HERODOTI
950 291 958 308 .

193 421 505 514 καταλαμβάνοντες
517 419 596 504 τούς
609 421 814 512 φεύγοντας,
836 429 954 510 ἔλεγον
973 415 1013 490 τὰ
1028 421 1249 510 ἐντεταλμένα
1264 413 1330 489 ὑπὸ

194 525 454 618 Πεισιστράτου,
474 529 636 616 θαρσέειν
655 555 691 598 τε
713 525 924 606 κελεύοντες·
959 526 1014 594 καὶ
1035 521 1169 595 ἀπιέναι
1191 527 1332 594 ἕκαστον

145 634 249 704 diist
274 629 314 702 τὰ
341 633 480 702 ἑωυτοῦ.
519 634 744 720 Πειθομένων
771 631 808 701 δὲ
836 636 905 700 τοῖν
928 627 1137 719 Ἀθηναίων,
1172 623 1261 699 οὕτω
1289 625 1331 717 δὴ

193 743 434 825 Πεισίστρατος
452 733 489 805 τό
509 742 623 825 τρίτον
644 733 735 825 σχόν
755 732 918 826 Ἀθήνας,
951 736 1108 824 essaeos
1130 729 1192 822 τὴν
1206 759 1329 822 τυραν·

193 847 273 912 nidor
294 839 505 930 ἐπικούροισί
530 867 566 909 τε
588 847 740 910 πολλοῖσι
760 841 816 908 καὶ
837 835 1016 929 χρημάτων
1042 836 1233 917 συνόδοισι,
1262 839 1331 905 τῶν

194 945 255 1036 μὲν
283 940 448 1028 αὐτόθεν,
477 948 544 1012 τόν
574 942 612 1011 δὲ
639 940 704 1013 ἀπὸ
731 942 927 1034 Στρυμόνος
954 946 1105 1030 ποταμοῦ
1130 939 1330 1023 συνιόντων,

194 1047 341 1139 ὁμήρους
355 1075 390 1118 τε
407 1053 475 1118 τοῖν
495 1045 775 1136 παραμεινάντων
791 1045 983 1136 Ἀθηναίων
998 1046 1054 1114 καὶ
1068 1042 1113 1134 μὴ
1128 1043 1248 1115 αὐτίκα
1263 1071 1329 1132 (μυη

193 1249 310 1315 ἵππους]
331 1250 350 1302 i.
367 1266 390 1301 e.
410 1251 494 1313 ,filios
514 1247 599 1315 (auos)
613 1252 739 1312 impositos
789 1249 849 1299 erit.
886 1248 948 1301 Vid.
975 1247 1138 1300 Wiedmsnn
1160 1248 1188 1298 in
1210 1263 1243 1298 ea
1261 1263 1332 1298 com·

194 1325 263 1388 equis
278 1320 439 1386 praemisit.“
458 1321 500 1370 De
512 1319 650 1370 locutione
663 1318 736 1369 conf.
789 1319 971 1378 mentatione,
990 1334 1071 1384 quam
1090 1317 1125 1369 ad
1145 1317 1168 1382 1,
1187 1317 1221 1368 30
1238 1316 1332 1370 lauda·

196 1393 218 1455 1,
237 1392 280 1454 60,
299 1391 346 1440 ubi
365 1390 398 1440 de
415 1389 505 1454 Phya:
527 1380 554 1445 ἒς
571 1377 647 1455 ἅρμα
667 1378 739 1505 Arpis-
789 1389 877 1439 vimus
898 1405 924 1454 p.
944 1391 988 1440 25.
1007 1386 1331 1452 Dunclrerol'Geschicht.

194 1454 330 1526 βόσαντες
350 1461 417 1524 ibiq.
449 1463 506 1508 not.
536 1451 604 1516 τοὺς
633 1459 688 1506 παῖ
706 1471 740 1512 ας
790 1458 816 1509 d.
837 1458 953 1510 Alterth.
973 1458 1011 1509 11.
1035 1474 1063 1524 p.
1083 1457 1156 1523 538.)
1175 1457 1347 1514 Herodotus

193 1533 239 1582 hic
255 1531 289 1580 de
309 1527 373 1578 liliis
391 1528 459 1594 ipsis
478 1527 627 1590 Pisistrati,
637 1543 687 1577 nec
706 1526 739 1576 de
789 1527 817 1578 b.
838 1527 857 1578 1.
876 1530 904 1579 in
922 1544 1039 1580 errorem
1063 1528 1192 1578 incidisse
1215 1527 1331 1590 videtur,

195 1601 266 1663 aliis,
279 1615 306 1648 v.
319 1614 343 1649 c.
363 1598 460 1660 servis,
478 1597 684 1664 intelligendum
696 1595 740 1646 vel
791 1599 837 1664 qui
856 1614 916 1649 cum
934 1601 1041 1650 alteram
1056 1599 1194 1649 Pisistrati
1213 1598 1333 1648 domina-

195 1672 257 1722 inde
275 1670 353 1734 sequi
371 1667 487 1732 videtur,
507 1669 579 1733 quod
591 1669 615 1730 1,
635 1667 677 1719 61.
700 1666 738 1717 le·
788 1667 891 1719 tionem
910 1670 1001 1721 dicere
1018 1669 1151 1732 debuerit,
1171 1671 1269 1719 terrimo
1286 1683 1334 1732 po·

195 1741 283 1806 gimus
315 1741 348 1791 de
379 1739 540 1790 Pisistrato:
575 1728 737 1802 ἐβουλεύετο
789 1740 884 1791 suerit.
938 1795 940 1799 ,

195 1807 253 1876 ἅμα
276 1814 350 1861 τοῖσι
377 1807 477 1858 παισίν
501 1814 553 1859 etc.
585 1809 642 1859 Nec
666 1807 737 1858 ratio
823 1805 870 1859 acl
904 1800 1055 1874 χρημάτων
1083 1799 1246 1869 συνόδοισι,
1277 1803 1334 1856 τῶν

195 1884 257 1948 ipsa
275 1881 413 1932 abhorret.
789 1871 840 1944 pls
862 1867 1003 1942 αὐτόθεν,
1026 1875 1083 1928 τῶν
1109 1871 1141 1928 dl
1165 1868 1223 1928 ἀπὸ
1247 1875 1335 1940 Στρο-

230 1947 278 2001 ιιαὶ
295 1943 409 2000 ἀπιέναι
428 1943 545 2006 ἕκαστος
563 1937 608 1996 ἐπὶ
624 1935 738 1996 τᾶἕων-
789 1940 878 2013 μόνος
916 1945 1047 2013 ποταμοῦ
1078 1938 1246 2013 συνιόντων]
1277 1944 1335 1996 τῶν

195 2019 258 2087 τοῦ]
290 2020 345 2083 Qui
365 2010 479 2069 ἀπιέναι
503 2017 668 2068 infinitivum
689 2031 737 2080 pre
789 2011 840 2082 priv
859 2034 947 2084 aeque
963 2035 996 2070 ac
1014 2015 1072 2067 cciv
1091 2010 1122 2066 dl
1138 2017 1172 2068 ad
1185 2008 1335 2082 χρημάτων

196 2091 358 2155 imperativo
377 2089 422 2139 hic
440 2088 528 2152 accipi
550 2086 660 2146 volunt,
687 2099 741 2134 non
791 2088 972 2140 referendum,
1001 2089 1099 2138 Moneo
1119 2091 1230 2152 propter
1247 2087 1333 2136 virum

196 2161 284 2210 minus
304 2158 368 2208 mihi
386 2173 403 2207 a
423 2173 505 2207 sensu
528 2155 582 2205 loci
600 2155 742 2204 aberrasse
792 2157 902 2207 doctum
928 2156 1022 2222 (θωνα
1051 2157 1158 2221 history
1181 2157 1212 2206 of
1234 2157 1336 2206 Graeco

196 2229 337 2290 videntur,
363 2241 444 2291 quarn
468 2227 501 2286 ii,
527 2224 573 2288 qui
600 2223 742 2274 nominati·
791 2227 839 2277 IV.
855 2241 881 2291 p.
901 2226 972 2292 145),
991 2226 1036 2291 qui
1054 2225 1087 2275 de
1105 2225 1278 2276 mercenariis
1297 2226 1336 2274 in.

196 2314 259 2350 vum
283 2291 416 2358 ἕκαστος,
445 2295 507 2344 olim
525 2293 682 2357 vulgatum,
709 2307 742 2341 ex

197 2365 389 2418 anacoluthiae
408 2379 507 2430 genere
524 2363 640 2428 quodam
660 2360 743 2425 expli-

197 2438 254 2488 cari
271 2450 353 2501 posse
371 2439 478 2500 putant.
511 2435 601 2552 (puers
625 2447 684 2482 curn
703 2447 743 2480 re-

198 2509 283 2559 centt.
313 2504 374 2555 edd.
403 2503 501 2570 scripsi
537 2515 655 2564 καστον,
681 2517 743 2565 prc-

198 2578 281 2628 bante
299 2589 406 2640 quoque
423 2573 545 2624 Schoene
560 2587 622 2637 pag.
643 2575 669 2622 5.
683 2571 741 2621 eius

145 2679 148 2688 ·
199 2644 449 2707 commentationis,
478 2657 559 2708 quam
588 2641 623 2691 ad
653 2641 681 2703 1,
707 2641 741 2690 27

198 2715 319 2768 laudavi.

378 2885 444 2936 Cer.
465 2884 564 2936 LXIV.

236 2978 311 3041 οὕτω
330 2980 366 3070 δι’]
381 2987 584 3050 Πεισίστρατος
593 2978 624 3036 τό
644 2985 743 3049 τρίτον

201 3053 276 3126 σχὼν
291 3051 425 3123 Ἀθηνας]
444 3058 551 3109 Accidit
568 3058 619 3107 hoc
634 3056 741 3122 Olymp.

200 3131 272 3192 LIX,
292 3131 318 3180 4.
337 3145 359 3178 ι.
381 3129 429 3180 541
450 3144 476 3179 a.
494 3127 557 3178 Chr.
577 3143 620 3188 n.,
639 3131 670 3176 ut
688 3129 743 3175 sta·

200 3201 253 3250 tuit
271 3197 394 3258 Vosmel;
418 3197 474 3247 rid.
499 3192 570 3247 nott'.
594 3195 629 3246 ad
649 3196 672 3258 1,
698 3196 741 3248 59.

200 3268 330 3322 Narravit
355 3268 454 3318 Noster
476 3266 543 3317 haec
567 3265 675 3316 omnino
694 3265 742 3328 ita,

201 3345 240 3402 ut,
262 3353 331 3403 quae
349 3337 382 3388 de
390 3337 536 3388 Pisistrato
555 3351 665 3386 narrare
684 3351 743 3386 coe-

200 3411 296 3476 pisset,
310 3423 342 3458 ea
352 3412 379 3457 et
392 3407 563 3457 continuaret
578 3411 605 3456 et
617 3404 743 3456 adfinem

200 3478 361 3546 perduceret
382 3477 427 3526 vel
445 3475 517 3526 ultra
536 3492 568 3527 ea
591 3477 653 3541 ipss
677 3479 743 3525 tem-

201 3547 281 3616 pors',
312 3549 339 3596 in
369 3562 440 3612 qnae
466 3546 569 3613 legatio
597 3561 613 3596 a
641 3545 743 3596 Croeso

201 3621 286 3670 missa
316 3618 344 3667 in
375 3617 491 3668 Graecia
521 3617 555 3666 ad
578 3631 744 3682 cognoscen-

202 3689 252 3740 des
266 3688 392 3738 civitates
410 3688 616 3751 potentissimas
634 3685 743 3736 foedere

202 3759 255 3809 sibi
273 3757 460 3822 adiungendus
478 3757 587 3817 incidit3
609 3771 689 3820 quam
707 3755 743 3804 le-

201 3828 338 3894 gationem
357 3826 381 3874 si
404 3841 464 3876 cum
484 3825 604 3876 Schultz.
629 3825 742 3890 (Appar.

202 3899 264 3948 crit.
284 3895 362 3958 Spes.
382 3895 419 3944 II.
438 3911 465 3958 p.
486 3894 518 3946 1³
538 3895 607 3960 seq.)
626 3894 661 3944 ad
679 3911 743 3944 aun.

793 2294 880 2360 telligi
898 2296 994 2358 voluit,
1013 2309 1081 2359 quos
1099 2295 1162 2344 inde
1181 2309 1198 2343 a
1215 2293 1335 2357 Strymo·
1373 2353 1376 2361 .

793 2365 834 2414 nis
845 2366 1000 2429 regionibus
1017 2363 1167 2414 conductos
1186 2377 1277 2412 secum
1289 2362 1335 2410 ha-

792 2434 884 2483 buerit
901 2435 1075 2484 Pisistratus.
1102 2432 1135 2483 Iu
1160 2431 1334 2498 pecuniarum

793 2503 940 2566 reditibus,
964 2503 1010 2569 qui
1034 2519 1065 2552 ex
1089 2501 1150 2567 ipsa
1179 2500 1272 2552 Attica
1295 2515 1335 2549 re-

793 2574 874 2640 gione
904 2562 1054 2639 (αὐτόθεν)
1083 2572 1263 2638 cogebantur,
1296 2585 1336 2620 re-

793 2643 915 2708 spexisse
941 2648 1007 2708 puto
1031 2641 1200 2692 Herodotum
1225 2639 1337 2690 metalla

792 2714 908 2776 Lauria,
931 2713 1003 2764 unde
1027 2717 1169 2778 argentum
1195 2711 1335 2778 provenie-

793 2783 852 2834 bat.
889 2785 967 2847 Quae
996 2782 1103 2849 quidem
1136 2782 1182 2832 illo
1216 2787 1337 2847 tempore

795 2853 856 2919 plns
892 2851 1038 2918 protulisse
1078 2851 1218 2914 videntur,
1255 2867 1336 2917 qnam

793 2922 922 2989 posthac;
949 2923 988 2973 ita
1008 2927 1039 2982 ut
1063 2922 1174 2974 fodinae
1192 2923 1335 2974 Strabonis

794 2998 915 3058 tempore
928 2993 1069 3058 neglectae
1081 2993 1137 3044 iere
1146 2994 1281 3054 iacerent.
1294 2993 1336 3042 De

793 3063 834 3113 his
854 3064 964 3128 copiose
983 3063 1121 3126 disseruit,
1135 3067 1262 3114 monente
1282 3063 1336 3123 (r,

793 3133 913 3185 Boeckh.
942 3138 999 3184 tum
1023 3134 1051 3182 in
1079 3133 1225 3185 Oeconom.
1256 3131 1338 3182 Athe-

794 3203 896 3254 niense.
915 3203 939 3254 1.
957 3219 983 3268 p.
1005 3201 1065 3266 ³31,
1088 3210 1146 3254 tum
1164 3205 1193 3255 in
1207 3201 1338 3268 peculiari

794 3272 942 3338 scriptione
955 3274 1059 3324 inserta
1069 3277 1256 3326 commentatt.
1269 3272 1338 3322 Aca·

795 3343 865 3395 dem.
884 3359 941 3410 reg.
966 3343 1150 3395 Berolinensis
1173 3359 1236 3393 aun.
1260 3340 1335 3392 1815.

793 3413 900 3464 Deinde
918 3414 964 3464 ubi
984 3415 1088 3464 reditus
1113 3415 1213 3464 Noster
1234 3410 1300 3460 dicit
1319 3423 1336 3456 a

794 3483 938 3548 Strymone
962 3483 1044 3535 fluvio
1067 3483 1269 3548 provenientes,
1297 3478 1336 3525 in-

793 3552 896 3619 telligit
913 3553 1025 3604 metalla
1044 3553 1170 3612 Thracia,
1189 3563 1274 3613 eaque
1289 3561 1336 3595 au-

794 3637 849 3684 rea,
868 3622 1014 3688 dequibus
1032 3620 1174 3687 postmodo
1193 3616 1337 3669 Athenien·

794 3707 838 3741 ses
864 3693 1067 3757 disceptabant,
1097 3694 1207 3740 auctore
1230 3686 1337 3749 Thucy-

795 3761 857 3811 dide
875 3763 898 3823 1,
919 3763 977 3813 100.
998 3761 1081 3811 Plura
1098 3759 1167 3809 idem
1183 3755 1337 3808 Boeckhius

795 3831 813 3881 l.
832 3830 851 3879 l.
871 3847 935 3896 pag.
955 3828 1006 3880 334
1025 3845 1081 3894 seq.
1106 3859 1141 3868 -
1165 3827 1207 3878 Ad
1230 3825 1337 3876 univer-

795 3915 854 3950 sam
864 3901 1026 3950 sententiam
1034 3899 1105 3950 conl.
1118 3896 1250 3960 Polyaeni
1262 3896 1337 3946 Stra-

202 3968 253 4019 552
273 3964 428 4026 referimus,
452 3963 480 4012 id
502 3963 582 4030 longe
608 3964 745 4014 antecedit
795 3975 852 4034 tog,
876 3969 903 4030 Ι,
927 3971 971 4020 21,
1002 3973 1027 4031 5,
1051 3971 1067 4019 2
1087 3967 1120 4019 de
1142 3965 1203 4018 dolo
1226 3981 1338 4016 naman.

202 4043 326 4100 lflmllffl'ss
361 4047 407 4094 0⁸2
437 4033 535 4096 quibus
564 4033 674 4084 tertium
704 4049 744 4084 re·
796 4044 864 4101 tem,
890 4053 942 4104 quc
967 4039 1145 4090 Athenienses
1175 4037 1337 4087 Pisistratus

204 4121 263 4156 mm
290 4101 394 4168 P⁰ffi¹¹⁸
419 4107 461 4152 0⁸⁸
483 4102 656 4153 Ρῑδῑδῑῐῦῐῑῑῦ·
690 4103 745 4153 Sed
796 4109 907 4173 ceperit.
929 4108 1037 4158 Laudat
1061 4113 1203 4174 praeterea
1220 4105 1291 4156 hanc
1309 4105 1338 4154 in

203 4171 290 4227 voluit
307 4171 407 4221 Noster
425 4171 531 4221 omnino
548 4173 678 4235 indicare,
697 4189 746 4224 cur
795 4194 851 4228 rem
874 4177 1024 4228 Larcherus
1042 4178 1154 4228 Maxim.
1178 4178 1244 4242 Tyr.
1262 4175 1337 4225 Dies.

205 4247 331 4302 Croesus,
342 4239 547 4290 Atheniensium
562 4241 642 4291 rebus
654 4243 746 4308 cogni·
795 4247 896 4298 XXIX.
917 4245 1024 4313 (XIII.)
1042 4252 1066 4314 5,
1084 4247 1110 4300 3.
1123 4263 1149 4314 p.
1163 4247 1223 4299 349.
1242 4251 1270 4296 et
1284 4245 1338 4295 alia

204 4317 255 4383 tie,
280 4309 388 4364 eosdem
412 4310 465 4361 sibi
494 4311 646 4363 adsciscere
669 4314 744 4364 nolu·
796 4317 938 4383 quaedam.
