3058 4928
506 307 818 396 νύττοντα.
840 315 884 373 ιο.
907 316 951 372 ιο.
1239 307 1297 370 τοι

119 478 372 570 132ἆνθριύτιον
386 478 572 568 Αἰγύπτιοί
586 487 650 551 εἰσι
669 487 705 552 σι’
720 480 955 572 ποιησάμενοι,
984 483 1040 553 καὶ
1062 477 1153 570 τταρᾶ
1170 481 1301 552 τούτων

152 582 552 674 ’ἝΒληνεςμεμαθήκασι
605 583 1299 677 eeupqpnnaeoepornnhovroes·cipio

162 685 226 777 peip
245 695 422 776 φαίνονται
442 692 479 758 ἐκ
497 695 624 758 πολλοῦ
643 715 703 759 τεν
716 689 839 780 χρόνον
853 689 1068 779 ποιεύμεναι,
1085 694 1122 759 αἱ
1134 689 1170 759 δὲ
1181 685 1295 778 Ἐλλη-

162 793 253 860 νικαὶ
277 793 397 860 νεωστὶ
419 791 638 881 ἐποιήθησαν.
680 801 954 884 Πανηγυρίζονσι
977 795 1014 864 δὲ
1036 791 1216 881 Αἰγύπτιοι
1233 790 1296 862 ούκ
1304 806 1344 868 59

162 891 248 977 ἅπαξ
269 899 330 964 τού
350 899 527 982 ἐνιαυτοῦ,
555 895 744 986 πανηγύρις
766 897 802 964 δὲ
821 896 961 987 συχνὰς,
987 897 1130 986 μάλιστα
1155 896 1218 985 μὲν
1241 899 1297 966 καὶ

163 999 403 1089 προθυμότατα
429 1001 463 1079 ἐς
484 999 675 1088 Βούβαστιν
699 1000 799 1070 πόλιν
825 1007 866 1092 τῇ
888 997 1076 1090 Ἀρτέμιδι,
1099 999 1242 1090 δεύτερα
1265 1004 1299 1082 ἐς

163 1181 208 1216 τοι
227 1182 253 1217 ιι.
272 1183 296 1217 τ.
315 1163 353 1233 1.]
377 1159 548 1233 πανηγύρις,
572 1184 642 1235 quae
665 1174 708 1219 est
758 1167 884 1234 praedita
906 1167 1025 1220 hebebet
1046 1167 1188 1234 Aegyptus
1216 1167 1299 1232 (coni.

163 1235 286 1302 legitima
297 1237 391 1288 talium
409 1238 546 1288 nominum
564 1239 652 1290 forma
664 1254 707 1291 ec·
759 1239 849 1290 Streb.
860 1238 948 1289 XVII.
961 1254 985 1304 p.
997 1238 1048 1289 802
1061 1253 1084 1289 s.
1094 1254 1121 1303 p.
1131 1239 1179 1289 541
1191 1238 1300 1302 Tzech,

164 1308 282 1358 cusetivi
304 1307 376 1372 apud
399 1307 582 1372 Herodotum,
611 1310 708 1375 scripsi
758 1309 922 1374 wesseling.
936 1307 971 1358 ad
982 1307 1095 1359 Diodor.
1106 1308 1128 1370 l,
1138 1309 1172 1358 85
1186 1312 1213 1358 ct
1224 1321 1301 1372 pree·

164 1393 225 1427 cnm
243 1382 358 1428 recenti.
371 1377 430 1428 edd.
468 1379 530 1428 vid.
548 1379 664 1432 Bredov.
678 1395 705 1445 p.
759 1379 837 1444 cipue
864 1377 1014 1443 Champoll.
1043 1378 1165 1443 l'Egypt.
1190 1391 1253 1428 sous
1280 1376 1300 1428 l.

163 1447 224 1510 264,
238 1448 283 1513 qni
297 1447 368 1498 idem
381 1464 407 1514 p.
419 1447 470 1500 263
483 1449 565 1498 etiam
577 1449 610 1500 de
621 1450 707 1500 dativi
759 1449 840 1500 Phar.
860 1447 915 1500 rol.
933 1448 958 1499 1.
977 1464 1004 1513 p.
1027 1446 1088 1499 365.
1107 1447 1149 1510 ΙΙ,
1168 1449 1201 1498 42
1226 1451 1254 1497 et
1273 1463 1299 1512 p.

164 1517 251 1567 forma
273 1517 431 1568 Herodotee
448 1508 513 1568 Ἴσι.
528 1516 570 1582 (ut
594 1520 637 1584 ΙΙ,
662 1521 705 1572 iil.
760 1517 834 1582 190).
853 1519 890 1570 At
901 1517 966 1568 urbe
979 1517 1155 1569 celeberrime
1167 1517 1221 1568 fuit
1234 1516 1301 1568 haee

165 1586 225 1652 170)
256 1587 380 1638 omnibus
411 1587 478 1638 locis
501 1587 593 1638 allatis
617 1589 708 1641 admo·

163 1656 232 1707 nuit.
259 1649 446 1722 προσαγωγὰς
458 1657 611 1708 Gronovius
625 1660 708 1724 expll-

164 1726 222 1774 ouit
240 1727 391 1790 oblationes,
416 1727 445 1776 in
468 1727 529 1792 ipse
547 1728 708 1794 interprete-

163 1795 238 1844 tione
266 1796 368 1845 Latina
401 1811 503 1861 ponens
535 1797 706 1849 adductiones.

164 1863 272 1926 Melius,
292 1865 397 1928 opinor,
414 1865 581 1930 Schweigh.:
601 1869 708 1932 „Hesy-

164 1933 225 1983 chio
250 1927 420 1999 τιροσαγωγὴ
443 1939 486 1984 est
515 1935 707 2000 τιροσὲλεοσις,

163 2009 252 2053 reete:
277 2007 403 2066 accessio,
429 2019 526 2068 nempe
548 2006 584 2055 ed
606 2008 708 2057 deorum

163 2089 241 2136 arar,
258 2071 440 2136 suppliceiic.“
466 2074 508 2124 Tu
529 2075 600 2127 coni.
616 2077 705 2141 Epist.

163 2143 199 2192 ad
214 2142 314 2208 Ephes.
330 2143 367 2206 11,
386 2141 428 2192 18.
442 2143 495 2206 IlI,
511 2145 542 2194 12
559 2149 586 2194 et
598 2147 627 2196 in
638 2146 708 2196 Pho·

163 2213 196 2260 tii
214 2211 346 2262 Biblioth.
367 2211 435 2262 Cori.
454 2213 516 2264 280.
539 2229 566 2278 p.
583 2215 649 2278 540,
672 2215 704 2267 el

164 2282 207 2332 cd.
220 2281 308 2332 Bekk.
342 2281 522 2333 Schneiderue
536 2283 565 2333 iu
577 2286 645 2338 Lex.
658 2284 706 2338 Gr.

164 2367 186 2402 s.
204 2367 230 2402 v.
249 2351 339 2402 reddit
356 2355 478 2403 solemnes
495 2356 560 2403 ritui
577 2369 707 2406 semorum

163 2422 266 2487 diesque
281 2423 372 2485 sertor.
393 2449 428 2458 -
451 2421 493 2473 ed
514 2437 589 2489 eeqq.
607 2422 708 2489 τεκμή-

163 2505 227 2554 ριον
248 2488 280 2540 δέ
301 2505 350 2555 μοι
367 2483 472 2540 τούτου
496 2485 562 2542 τόδε
580 2494 623 2547 Gr.
644 2510 706 2545 cou-

162 2561 226 2610 ierri
245 2560 305 2612 vult
318 2561 402 2612 Woli.
417 2561 452 2611 ed
463 2564 641 2616 Demosthen.
654 2565 706 2615 Le-

161 2631 231 2694 ptin.
251 2646 313 2697 peg.
333 2633 384 2683 225
403 2632 478 2682 etin
494 2631 576 2685 indic.

355 2803 420 2856 Cer.
440 2802 514 2855 LIX.

198 2896 226 2963 ἐς
258 2897 418 2973 Βούβαστιν
449 2898 535 2957 πόλιν
561 2906 597 2976 τῇ
621 2900 707 2974 'Apri-

163 2971 236 3040 psdr]
254 2991 293 3026 sc.
311 2975 533 3041 πανηγυρίζουσι
551 2978 602 3045 (ad
615 2977 708 3039 fesium

163 3044 338 3094 celebrandum
367 3047 538 3112 οσαοτοίιιιιι).
588 3047 706 3097 Dianam

164 3114 326 3178 Aegyptiam
341 3115 441 3164 Noster
457 3123 648 3167 commemorat
665 3111 707 3167 iu-

165 3182 206 3232 lra
225 3183 263 3246 11,
282 3182 325 3235 83.
347 3185 411 3247 155,
429 3185 475 3234 ubi
493 3187 548 3238 vid.
585 3189 627 3237 De
645 3187 707 3237 reli-

165 3266 218 3316 quo
241 3259 399 3318 argumento
420 3256 492 3305 coni.
511 3257 556 3320 ΙΙ,
574 3257 618 3308 60.
645 3257 704 3308 138.

165 3321 244 3382 Quod
254 3338 319 3372 vero
330 3323 407 3373 iestis
416 3325 574 3390 pompisque
583 3326 706 3392 frequen·

164 3390 238 3440 tibus
255 3393 297 3442 uti
313 3393 461 3456 Aegyptios
474 3395 630 3446 Herodotus
642 3397 706 3448 ecri-

163 3459 218 3522 bii,
247 3460 275 3510 id
297 3475 446 3526 sanequam
472 3463 587 3515 maxime
611 3467 707 3517 confir·

164 3534 253 3594 ment,
282 3545 352 3595 quae
375 3529 491 3594 plurima
511 3534 540 3583 in
561 3535 707 3601 Aegyptio-

163 3615 222 3650 rum
234 3598 395 3666 anaglyphis
410 3600 559 3664 pieiurieve
572 3606 655 3655 variis
669 3605 707 3656 lo-

164 3671 204 3720 cis
217 3671 429 3736 conspiciuntur,
447 3671 494 3720 ubi
506 3677 534 3722 et
548 3673 584 3722 dii
600 3689 707 3740 repree-

164 3745 307 3790 sectentur
326 3745 354 3790 et
367 3753 494 3805 pompae,
514 3742 585 3793 leste
599 3743 706 3795 illorum

757 1589 832 1654 ipse,
859 1603 940 1654 quem
958 1587 1046 1638 modic
1068 1587 1096 1637 iu
1114 1586 1195 1638 Delte
1219 1588 1301 1637 sitem

757 1659 849 1723 prodit
867 1658 1033 1709 Herodotus.
1076 1654 1128 1723 [Ad
1144 1657 1301 1708 occidente-

757 1727 810 1778 lem
835 1729 960 1778 nimirum
984 1727 1033 1777 illa
1055 1741 1129 1777 crem
1151 1726 1301 1777 Phatnitici

758 1797 834 1847 fluvii
852 1797 907 1847 eite
924 1802 998 1860 eret,
1022 1796 1070 1847 ubi
1087 1811 1158 1846 nnnc
1176 1795 1236 1848 loco
1254 1811 1301 1847 nc·

758 1883 819 1917 men
846 1867 955 1917 Bceeair
980 1868 1039 1918 sive
1063 1865 1196 1918 Aboueair.
1237 1865 1299 1917 vid.

758 1935 966 1987 Scblichthorst.
976 1935 993 1989 l.
1005 1935 1023 1986 l.
1035 1951 1061 2000 p.
1072 1936 1106 1986 70
1117 1951 1175 2000 eeq.
1204 1935 1301 1986 Cham-

758 2005 822 2070 poll.
840 2005 986 2070 l.1.11.p.
1002 2003 1074 2070 len]
1107 2005 1149 2055 De
1166 2005 1246 2056 huius
1259 2021 1300 2056 re·

756 2073 904 2141 ligionibus
921 2080 1016 2125 auctor
1034 2080 1076 2125 est
1086 2075 1198 2125 Diodor.
1214 2075 1298 2127 Sicul.

758 2145 782 2208 1,
799 2145 846 2208 85,
869 2145 916 2196 ubi
934 2159 1031 2195 nomen
1050 2144 1126 2194 urbis
1144 2145 1207 2195 inde
1224 2160 1300 2211 repe-

757 2215 806 2278 tit,
824 2215 895 2280 quod
910 2215 964 2264 Isis
982 2215 1011 2264 in
1022 2214 1091 2265 bove
1107 2213 1242 2265 Osiridem
1259 2230 1300 2266 se·

756 2284 885 2348 pelivisse
908 2285 1004 2334 fertur.
1049 2284 1180 2335 Greecem
1198 2289 1300 2350 etymo·

756 2353 856 2419 logiam
881 2355 997 2404 nominis
1019 2345 1167 2416 Βούσιρις,
1192 2369 1209 2402 e
1229 2350 1300 2418 βούς

757 2429 784 2473 et
799 2414 909 2487 Ὄσιρις
927 2424 1051 2485 ductam,
1075 2423 1164 2473 ineius
1182 2423 1300 2488 explicet

757 2493 910 2559 Stephanus
923 2494 991 2558 Bye.
1008 2493 1037 2541 in
1054 2507 1115 2542 voc.
1131 2507 1157 2556 p.
1173 2493 1224 2544 210
1235 2494 1300 2544 Ber-

755 2563 810 2614 kel.
844 2563 921 2624 Quae
933 2577 982 2612 nos
998 2575 1053 2612 non
1065 2575 1211 2612 moramur.
1241 2563 1299 2612 Irun

755 2633 847 2698 Zcega
866 2631 899 2682 de
917 2631 1046 2682 obelisco.
1065 2647 1092 2696 p.
1111 2631 1175 2694 288,
1192 2637 1300 2696 postea·

756 2717 837 2768 quem
854 2701 921 2752 haec
940 2703 1000 2766 ipse
1018 2701 1121 2766 attigit,
1140 2701 1181 2750 ite
1195 2702 1298 2766 pergit:

756 2771 912 2835 „„Sobrior
918 2770 1075 2821 Herodotus
1086 2770 1114 2820 id
1124 2774 1230 2820 tentum
1239 2785 1300 2836 pro·

754 2842 804 2904 (lit,
821 2841 850 2890 in
859 2839 949 2891 Busiri
961 2840 1060 2906 oppido
1073 2840 1101 2889 in
1113 2839 1201 2890 medio
1217 2840 1300 2892 Delta

757 2911 811 2961 sito
830 2911 974 2960 maximum
994 2909 1081 2960 luisse
1099 2909 1191 2960 fanum
1208 2909 1300 2973 Isidie,

756 2985 840 3046 etque
861 2981 890 3030 in
911 2985 1002 3030 annua
1020 2979 1178 3029 celebritate
1197 2979 1236 3028 ibi
1254 2980 1300 3030 ob·

757 3049 846 3100 eunde
857 3050 1012 3100 uuiversum
1025 3048 1152 3113 populum
1165 3047 1300 3100 Oeiridem

756 3120 886 3184 plangere
911 3118 1145 3169 consuevisse.“¹‘
1183 3118 1298 3182 Deinde,

757 3189 926 3254 interpositis
942 3187 1009 3239 lucie
1027 3187 1190 3238 Herodoteis
1207 3188 1245 3252 ΙΙ,
1264 3189 1299 3240 59

758 3265 785 3310 ct
801 3259 844 3321 ol,
863 3257 968 3323 Coptici
989 3258 1119 3307 sermonis
1143 3271 1193 3322 ope
1213 3258 1299 3308 nomi-

757 3329 799 3379 nis
827 3328 959 3378 ratiouem
984 3325 1063 3376 aliter
1091 3326 1229 3391 explicans
1251 3327 1299 3378 du·

757 3405 831 3449 ctum
848 3397 996 3448 arbitretur
1011 3411 1044 3446 ex
1059 3395 1206 3452 Be-Ousiri.
1227 3397 1298 3462 qnod

757 3470 794 3521 sit
803 3468 910 3520 Osiridis
919 3466 1074 3532 sepulchrum
1083 3465 1297 3530 (viiiablonelr.

756 3554 833 3590 voec.
846 3539 975 3603 Aegypti.
987 3551 1015 3602 p.
1030 3533 1086 3598 54).
1106 3536 1175 3585 Tum
1187 3535 1226 3585 sic
1240 3551 1298 3599 per-

757 3609 811 3674 git:
831 3605 952 3670 „„Quod
970 3621 1030 3656 cum
1048 3619 1129 3669 preve
1149 3603 1298 3654 intellexis-

757 3683 818 3728 sent
834 3675 946 3736 Grneci,
970 3675 1005 3724 erl
1023 3689 1100 3724 suem
1118 3671 1239 3739 linguam
1257 3689 1298 3724 re-

757 3747 905 3812 spicientes
923 3743 1057 3795 Osiridem
1075 3744 1103 3792 in
1118 3743 1189 3793 bore
1207 3743 1297 3808 sepul-

164 3809 339 3860 inhonorem
362 3810 499 3862 instituta.
537 3812 620 3863 Plura
640 3813 707 3864 wil·
757 3822 814 3867 tum
840 3814 1027 3865 linxerunt.““
1071 3813 1132 3875 Qua
1158 3812 1186 3861 in
1213 3828 1298 3864 musa

163 3877 271 3931 kineou.
292 3879 419 3930 Menners
438 3884 490 3931 etc.
514 3897 569 3936 sec.
590 3898 642 3934 ser.
667 3885 704 3936 Il.
755 3886 888 3937 hacteuus
911 3899 971 3934 cnm
994 3883 1085 3947 Zoega
1108 3881 1176 3931 iacit
1201 3882 1297 3932 (iham-

165 3962 192 4011 p.
211 3947 262 4000 270
280 3965 355 4016 seqq.
374 3949 433 4000 377.
756 3955 867 4021 pollion.
886 3953 1020 4019 (l'Egypt.
1040 3967 1062 4002 s.
1081 3951 1098 4001 l.
1113 3951 1195 4000 Phar.
1208 3951 1246 4001 11.
1266 3967 1293 4015 p.

156 4074 169 4096 n
199 4010 317 4082 δεύτερα
344 4010 372 4076 ἐς
398 4010 533 4083 Βούσιριν
562 4013 646 4071 πόλιν
671 4019 707 4088 τῇ
758 4026 809 4076 185
828 4022 932 4088 seqq),
957 4022 1008 4072 etsi
1027 4021 1055 4070 in
1073 4019 1233 4084 explicando
1250 4036 1297 4070 no·

166 4085 221 4150 Ισι]
239 4087 281 4137 De
297 4089 355 4153 ipeo
375 4088 446 4140 sesto
463 4090 519 4140 vid.
539 4091 580 4153 ll,
600 4091 632 4144 81
657 4091 706 4141 ibi·
757 4093 828 4144 mine
839 4092 996 4157 longissime
1007 4090 1042 4140 eb
1055 4105 1085 4141 eo
1096 4089 1209 4140 recedit.
1226 4090 1297 4140 Nam

164 4169 216 4218 que
233 4161 302 4210 nott.
342 4157 420 4219 Quod
437 4159 472 4208 ad
490 4159 582 4210 urbem
600 4162 706 4213 Busirin
756 4179 817 4213 cum
835 4163 864 4211 in
877 4163 1028 4212 Roeetteue
1045 4159 1222 4224 inscriptione
1237 4158 1298 4209 Osi-

165 4224 278 4287 attinet,
308 4225 376 4278 heec
401 4228 524 4292 disputat
556 4229 706 4281 Creunerue
756 4231 822 4282 ridis
836 4230 938 4280 nomini
949 4227 1080 4280 articulus
1089 4229 1240 4294 Aegyptius
1251 4228 1299 4279 ad·

164 4289 600 4366 (Commflerodd.p.110eeq.)=
615 4301 707 4364 „Que-
756 4301 830 4352 ditus
848 4299 1007 4364 reperietur,
1025 4303 1052 4348 et
1066 4297 1214 4363 Coptorum
1230 4311 1299 4363 qno-

164 4365 227 4410 tucr
251 4361 366 4428 emplius
393 4365 493 4430 oppida
522 4367 574 4420 hoo
598 4369 706 4420 nomine
757 4384 808 4437 que
837 4373 1009 4421 monumente
1039 4366 1225 4419 emendatiora
1251 4382 1299 4417 no·

205 4462 372 4507 ereccon.
398 4465 420 4507 1.
892 4526 895 4534 Ι
1044 4448 1084 4511 36
