2980 4932
331 1156 543 1262 Divenditis
579 1197 697 1284 prioris
736 1197 889 1262 editionis
932 1189 1153 1260 voluminibus
1187 1211 1275 1256 nova
1312 1215 1394 1258 cum
1445 1189 1446 1192 '

246 1312 393 1404 paranda
414 1321 501 1377 essct
522 1313 639 1397 editio,
662 1314 759 1379 huius
780 1335 887 1402 neque
906 1309 1080 1377 consilium
1099 1331 1204 1397 neque
1225 1312 1394 1378 rationem

247 1442 374 1499 mutare
408 1432 579 1515 constitui,
618 1433 677 1498 sed
704 1433 740 1498 id
768 1455 865 1521 quam
893 1430 1037 1496 maxime
1063 1430 1133 1516 egi,
1161 1439 1213 1514 ut,
1241 1453 1328 1518 quae
1358 1433 1395 1497 in

247 1551 357 1639 priore
383 1549 526 1615 editione
555 1561 798 1639 spectaveram,
829 1573 869 1617 ea
893 1551 928 1615 in
955 1549 1059 1614 altera
1086 1570 1215 1637 quoque
1241 1558 1393 1617 tenerem

247 1667 429 1756 meliusque
459 1669 542 1734 adeo
576 1680 786 1758 praestarem.
843 1671 953 1753 Quare
980 1679 1055 1735 ante
1090 1668 1202 1734 omnia
1226 1666 1394 1735 Herodoti

248 1787 351 1856 verba
371 1785 489 1874 relegi,
517 1787 604 1854 haud
626 1790 757 1878 quidem
780 1791 874 1858 novis
896 1789 1054 1857 librorum
1073 1789 1392 1876 manuscriptorum

249 1908 405 1975 subsidiis
421 1907 610 1993 instructus,
633 1931 717 1997 quse
733 1933 848 1977 vereor
865 1931 943 1975 sane
958 1916 994 1973 ut
1010 1929 1154 1996 unquam
1172 1907 1296 1995 acquiri
1314 1931 1392 1996 pos

249 2031 330 2112 sint,
351 2025 409 2092 scd
424 2028 556 2112 egregie
571 2027 703 2093 adiutus
722 2030 868 2096 virorum
884 2028 1053 2094 doctorum
1071 2047 1170 2115 opera
1188 2026 1223 2090 in
1239 2024 1393 2092 Herodo-

248 2156 321 2212 teae
333 2146 490 2210 orationis
502 2145 607 2210 forma
619 2146 815 2235 dialectique
827 2148 952 2212 ratione
965 2144 1148 2208 accuratius
1159 2147 1393 2230 cognoscenda

249 2271 281 2328 et
303 2263 399 2350 quasi
427 2262 624 2329 stabilienda
648 2262 733 2328 bene
756 2266 880 2352 posita:
905 2283 970 2349 qua
991 2263 1026 2325 in
1044 2283 1080 2324 re
1104 2269 1278 2346 quantum,
1306 2265 1391 2330 alios

249 2389 286 2445 ut
311 2389 456 2464 taceam,
484 2379 720 2460 Quaestionum
748 2383 936 2448 criticorum
966 2379 1007 2444 dc
1035 2377 1175 2443 dialecto
1199 2377 1393 2450 Herodotea

249 2499 343 2565 libris
365 2508 518 2586 quatuor,
537 2522 618 2588 quos
636 2501 768 2588 scripsit
786 2505 877 2567 Ferd.
900 2503 963 2564 Jut.
994 2501 1077 2562 Caes.
1100 2499 1269 2565 Bredovr'as
1295 2500 1393 2592 (Lip-

250 2620 336 2703 siae,
370 2617 532 2682 sumtibus
565 2626 598 2682 ct
624 2620 712 2707 typis
742 2619 781 2684 B.
818 2619 859 2684 G.
893 2617 1060 2684 Teubneri
1085 2615 1391 2704 MDCOOXLVl),

251 2737 406 2821 debeam,
434 2738 571 2824 quaevis
598 2735 668 2802 fere
691 2737 788 2802 huius
812 2736 966 2803 editionis
983 2737 1106 2824 pagina
1122 2735 1239 2804 docere
1255 2742 1392 2827 poterit.

250 2855 543 2922 Emendationibus
564 2878 692 2944 quoque
710 2858 835 2945 aliquot
851 2861 962 2941 Cobet,
983 2855 1048 2923 viri
1064 2857 1284 2944 sagacissimi,
1306 2881 1392 2924 usus

156 2995 161 3006 ·
251 2997 340 3059 sum,
370 2997 452 3063 quas
482 2975 659 3062 singularis
687 2980 875 3056 strimarii,
903 2977 1038 3042 rectoris
1066 2975 1240 3042 Leidensis
1269 2976 1393 3044 doctis·

251 3097 340 3179 simi,
363 3095 594 3162 benevolentia
616 3095 730 3162 adme
752 3097 934 3162 transmisit
946 3096 990 3182 *).
1034 3094 1150 3183 Neque
1177 3095 1212 3162 in
1233 3093 1295 3161 hac
1315 3119 1392 3165 ver-

321 3419 347 3486 *)
367 3423 519 3484 Nonnulla,
540 3439 612 3489 quae
624 3423 660 3474 ad
675 3437 717 3472 me
733 3429 932 3488 pervenerunt,
952 3439 1013 3475 cum
1026 3423 1133 3492 reliqua
1147 3428 1222 3491 typis
1240 3427 1296 3476 iam
1313 3424 1393 3477 edita

252 3514 361 3573 essent,
379 3509 406 3560 h.
426 3509 444 3560 l.
465 3510 626 3561 subiiciam:

321 3599 351 3660 1,
373 3597 413 3648 11.
439 3613 465 3662 p.
483 3599 517 3648 28
541 3599 582 3650 cd.
601 3603 686 3650 nostr.
709 3597 737 3646 in
754 3596 859 3647 verbis:
884 3587 905 3646 οὗ
928 3591 960 3646 δὲ
976 3587 1067 3662 ἡμέρη
1091 3590 1241 3660 τάχιστα
1264 3587 1390 3662 ἐγεγόνεε

252 3685 355 3736 Cobeto
369 3685 463 3749 spuria
484 3684 595 3734 videtur
608 3701 662 3735 vox
680 3675 803 3748 τάχιστα.
823 3710 856 3719 -
875 3685 904 3745 Ι,
919 3683 960 3735 18.
976 3701 1002 3749 p.
1016 3681 1048 3733 41
1064 3682 1134 3732 idem
1147 3681 1245 3732 verbs:
1258 3676 1389 3734 Σαδυάτ-

250 3785 301 3834 της
318 3761 370 3834 γὰρ
390 3755 475 3826 οὗτος
492 3765 541 3818 καὶ
554 3760 569 3819 ὁ
581 3761 632 3819 τὸν
646 3760 776 3842 ,πόλεμον
794 3762 925 3834 συνάψας
940 3783 1051 3834 prorsus
1064 3767 1148 3817 deleri
1164 3766 1234 3817 vult.
1254 3794 1287 3804 -
1304 3769 1328 3831 1,
1342 3773 1386 3822 24.

249 3872 276 3922 p.
291 3855 323 3908 51
343 3855 464 3921 praefert
475 3855 569 3908 Cobet.
589 3847 867 3919 κατεργάσεσθαι.
887 3881 920 3890 -
935 3858 964 3918 l,
978 3854 1021 3908 31.
1035 3870 1061 3918 p.
1077 3854 1110 3904 70
1127 3852 1211 3904 scribi
1223 3853 1295 3904 idem
1308 3857 1388 3908 vult:

248 3939 311 3993 τοῦ
327 3933 475 4010 ιἰνθροθπφ
490 3944 586 4008 τυχεῖν
604 3929 722 4006 ἄριστόν
733 3933 789 3988 ἐστι
807 3955 856 4005 pro
869 3938 943 4005 vulg.
964 3932 1009 3991 τό.
1031 3966 1063 3975 -
1082 3940 1111 4002 Ι,
1131 3939 1173 3990 32.
1192 3955 1219 4004 p.
1239 3941 1272 3990 75
1290 3956 1386 3993 vocem

246 4018 372 4086 ἄνουσος
389 4033 547 4094 suspectam
564 4028 648 4080 habet
667 4027 746 4078 idem.
770 4052 803 4062 -
827 4025 855 4086 1,
875 4025 917 4076 41.
938 4043 964 4092 p.
983 4027 1017 4077 88
1036 4041 1085 4091 pro
1104 4024 1177 4090 vulg.
1197 4015 1384 4091 ἅπολαμπρθ-

245 4129 306 4164 αεαι
330 4115 416 4166 scribi
439 4115 499 4167 vult
522 4105 814 4178 ἆπολαμπρααέεαι,
840 4112 912 4178 quod
936 4113 1008 4165 idem
1032 4113 1142 4165 restitui
1165 4112 1241 4164 iubet
1264 4113 1381 4166 Bredov.

243 4217 270 4268 p.
284 4201 345 4254 375.
364 4229 397 4238 -
415 4203 444 4266 1,
462 4201 505 4252 52.
525 4216 551 4265 ρ.
573 4199 621 4250 107
639 4197 811 4250 scribendum
824 4203 937 4251 auctore
951 4199 1045 4250 Cobet.
1066 4197 1118 4264 τῆς
1132 4191 1234 4266 λόγχης
1247 4217 1296 4266 pro
1314 4199 1382 4269 τῇσι

243 4279 367 4354 λόγχῃσι.
395 4313 428 4322 -
456 4287 484 4348 1,
502 4285 545 4336 53.
566 4301 592 4348 p.
614 4283 672 4334 108.
698 4285 751 4335 Pro
768 4285 842 4350 vulg.
862 4278 1040 4350 προσθέοιτο
1061 4285 1153 4338 Cobet.
1173 4288 1379 4340 coniunctivum

240 4374 338 4440 reponi
353 4371 414 4424 vult
431 4367 611 4434 προσθῆται,
635 4383 730 4421 vocem
756 4370 881 4436 Κροῖσος
899 4370 986 4422 deleri
1005 4375 1033 4423 et
1051 4369 1205 4422 sesuldum
1223 4373 1326 4424 mutari
1349 4375 1379 4424 iu
