3032 4916
517 277 764 339 EUTHRPFI.
787 277 829 338 II.
852 285 912 340 116.

1223 275 1282 340 681

152 453 315 543 ξίνδμον,
332 447 376 534 ὥς
388 447 578 542 ἀπηνείχθη
592 449 685 540 ἇγοιν
697 449 845 543 Ἑλένην,
860 457 902 542 τῇ
916 479 951 522 τι
968 450 1009 542 δή
1020 449 1104 542 ἄλλῃ
1120 451 1282 542 πλαζόμε-

155 585 231 644 νος,
246 559 302 627 καὶ
318 551 362 637 cde
376 559 410 636 ἐς
425 561 565 626 Σιδῶνα
577 563 635 647 τῆς
649 566 809 648 Φοινίκης
822 553 970 626 ἀπίκετο.
1011 557 1230 646 ἐπιμέμνηται
1248 556 1284 626 δὲ

154 659 260 732 αὐτοῦ
276 664 313 730 ἐν
327 658 515 750 Διομήδεος
528 657 699 752 ἀριστείῃ,
720 665 809 751 λέγει
826 661 863 732 δὲ
876 658 916 730 coi
930 667 1011 730 ἐπεα
1023 656 1130 730 οὕτω·

251 785 346 853 Ἔνθ’
371 791 443 854 ἔσαν
463 794 496 854 οἱ
508 791 614 856 πέπλοι
635 798 845 875 παμποίκιλοι,
869 792 941 874 ἔργα
962 795 1115 872 γυναικῶν

262 895 428 972 Σιδονίων,
449 885 502 970 τὰς
524 887 613 972 αὐτὸς
628 889 819 975 Ἀλέξανδρος
840 885 979 972 θεοειδής

75 1106 80 1114 ’
155 1120 209 1171 gna
226 1103 279 1154 iam
295 1101 341 1152 Illo
357 1106 477 1168 tempore
492 1103 641 1153 auctoritas
655 1103 694 1154 iu-

154 1176 208 1224 isse
226 1173 346 1234 videtur3
371 1172 474 1239 alioqui
499 1173 569 1224 enim
587 1174 622 1224 ab
641 1175 694 1224 He-

155 1244 250 1294 rodoto
270 1243 297 1293 h.
316 1241 335 1292 l.
353 1258 407 1294 non
426 1244 512 1294 citata
535 1249 562 1294 et
585 1244 613 1292 in
634 1259 695 1294 eaa·

155 1331 216 1365 men
233 1317 332 1365 vocata
351 1313 476 1364 fuissent.

191 1391 232 1458 ὡς
253 1390 455 1466 ἆπηνιίχδη],
459 1399 696 1466 wyttenbachius

156 1473 183 1522 in
198 1469 309 1523 Selectt.
323 1469 398 1521 histt.
415 1487 442 1535 p.
447 1470 498 1523 358
509 1471 544 1520 ad
555 1470 696 1536 antiquum

156 1540 265 1592 dicendi
281 1555 366 1604 genua
383 1541 467 1590 refert
485 1545 513 1590 et
528 1539 695 1620 Thucydidis

156 1615 296 1673 comparat
314 1609 441 1672 locumI,
461 1611 489 1660 1:
507 1602 558 1660 τὸν
570 1611 696 1676 πόλεμον

156 1677 247 1736 -ώς
270 1647 477 1744 dmolquoorv“
498 1681 539 1732 ur.
579 1683 696 1743 Quare

157 1750 243 1811 ctius,
263 1749 370 1834 opinor,
388 1749 522 1800 Matthiae
536 1751 582 1802 Gr
603 1751 649 1803 Gr.
669 1767 697 1816 p.

157 1821 208 1870 907
227 1835 285 1884 seq.
312 1814 350 1875 ιδς
368 1819 402 1869 ιδ
421 1820 610 1870 antecedentia
627 1821 698 1871 rela-

157 1895 214 1940 tum
232 1887 306 1951 vult,
280 1893 359 1940 tut
376 1889 457 1954 paulo
477 1891 566 1941 ante'
558 1906 612 1940 ram
632 1891 700 1942 iadi-

157 1961 289 2010 cavimus

192 2038 376 2128 ἐπιμέμνηται
395 2038 426 2094 δέ
444 2037 533 2096 αὐτοῦ
551 2036 581 2096 ἐν
593 2038 700 2112 Διομή·

158 2115 224 2174 deoc
242 2105 416 2180 ἀριστιίῃ]’
400 2115 536 2196 οιρισιιίῃ,
554 2117 627 2182 quod
644 2133 701 2168 mu-

159 2188 229 2239 tavit
247 2185 401 2236 Dindorf.
394 2201 423 2236 ιιι
438 2167 580 2252 ἆοισιηίῃ,
598 2187 700 2238 retinui

159 2275 220 2309 cum
240 2255 357 2308 Bredov.
381 2271 445 2321 pag.
472 2255 532 2307 184.
565 2257 680 2308 Verba
672 2273 700 2306 ιιι

159 2319 321 2391 Διομήδεος
338 2318 481 2391 ἀριστείῃ,
501 2340 571 2391 qaae
585 2327 701 2378 Valcke-

158 2399 236 2450 nario
259 2396 413 2448 abiicienda
435 2395 611 2461 videbantur,
630 2399 699 2448 satis

158 2473 249 2520 tuetur
267 2467 398 2518 orationis
413 2471 503 2530 tenor,
521 2473 552 2518 nt
565 2436 653 2520 bede'
645 2483 700 2518 ram

158 2536 497 2603 notavitSchweighaeus.
529 2538 559 2589 Si
568 2554 633 2590 vero
642 2554 701 2588 ιιιιι

158 2625 265 2660 versam
293 2608 456 2658 sententiam
482 2607 583 2659 habeas
613 2609 700 2658 insiti-

159 2680 244 2740 ciam,
271 2677 381 2728 minime
406 2693 466 2728 eam
494 2685 589 2730 contra
617 2677 701 2728 libros

159 2749 282 2814 equidem
300 2747 434 2806 eiecerim;
460 2763 530 2812 quaa
548 2748 641 2800 eadem
659 2753 702 2798 est

158 2817 294 2869 Nitaschii
322 2816 500 2867 sentential.
525 2818 544 2868 l.
568 2833 632 2882 pag.
660 2819 700 2880 ll,

160 2887 248 2938 ubiin
272 2890 330 2934 not.
356 2884 465 2935 hhasc
488 2887 577 2936 addit.
602 2887 701 2945 „Susti-

160 2955 265 3017 ciebat,
291 2955 315 3002 εἰ
340 2955 366 3003 ei
390 2954 461 3018 quod
488 2923 702 3035 praeceditffr
672 2947 702 3005 ἐν

156 2991 269 3080 Ἰλιάδι,
289 3022 435 3073 adderetur
452 3019 560 3088 λε’μειδ
543 3019 623 3074 dhre
612 3017 703 3075 ἔπεα

162 3083 253 3154 οὕτω,
276 3096 308 3142 nt
323 3109 386 3142 ιιιοιι
404 3083 589 3158 ἐπιμέμνηται
606 3089 637 3144 δὲ
656 3091 703 3144 καί

162 3155 191 3214 ἐν
206 3129 369 3226 Ὀδυσσείῃ,
389 3153 419 3210 ἐν
436 3161 543 3213 rotulos
556 3166 631 3214 τοισι
642 3159 704 3214 ἐπε-

162 3233 227 3283 σινί
231 3230 315 3282 ‘Ad
331 3230 463 3297 reliquum
485 3233 539 3284 loci
561 3250 704 3300 argumen-

162 3301 621 3366 tumhaecmouetVslclrenarius:,
624 3305 704 3366 ,Sunt

163 3371 280 3424 subiecti
297 3385 391 3421 versus
407 3387 440 3422 ex
458 3372 536 3424 Iliad.
554 3374 593 3434 Z‘,
613 3343 665 3426 '2'89
677 3379 705 3425 et

163 3457 239 3508 seqq.
259 3432 424 3504 Διομήδους
442 3433 570 3500 ἀριστεία
587 3413 705 3496 'vocaba-

162 3521 207 3564 tur
226 3527 243 3562 a
260 3511 445 3576 grammaticis
460 3513 540 3564 Iliad.
551 3514 593 3576 δ’,
612 3515 640 3565 in
651 3531 704 3580 qua

164 3581 314 3634 meminit'
307 3597 336 3630 ιιι
357 3585 516 3632 transcursu
539 3551 620 3648 posia
644 3585 706 3635 ale-

162 3651 260 3704 xandri
281 3651 445 3715 naviumque
468 3653 611 3704 architecti
638 3655 706 3705 Phe-

164 3722 242 3782 recli;
268 3720 315 3770 sed
332 3720 383 3771 hoo
405 3721 473 3772 nihil
492 3723 527 3773 ad
552 3723 706 3775 Herodorum

75 3811 78 3816 ·
165 3792 246 3852 iacit,
266 3791 399 3842 Homerum
417 3792 499 3843 etiam
515 3792 581 3843 alibi
593 3809 706 3844 comme-

165 3866 330 3924 morantem,
354 3862 480 3926 nuspiam
502 3867 593 3913 tamen
617 3863 707 3928 appel-

166 3933 294 3992 lationes,
320 3930 417 3995 quibus
443 3933 554 3992 Homeri
579 3934 707 3984 carminis

164 4001 285 4052 diversas
308 4000 473 4066 insignivere
500 4007 592 4067 partes
619 4019 706 4069 gram·

164 4069 267 4120 metlei.
303 4071 409 4120 Primus
426 4071 497 4122 sorte
517 4072 597 4122 Plato
615 4073 707 4124 memi-

164 4140 205 4188 nit
224 4137 351 4195 Νικαίας
369 4138 510 4205 Odyaseae
526 4142 554 4191 in
569 4143 661 4192 Mino'd
679 4159 705 4206 p.

165 4207 216 4258 319
234 4208 296 4260 Ι).“.
326 4208 379 4256 Vix
396 4213 487 4260 tamen
506 4227 599 4262 omues
616 4212 707 4261 istius·

164 4276 237 4326 modi
257 4276 455 4342 appellationes
480 4295 496 4329 a
520 4280 707 4345 grammaticis

165 4344 274 4398 serioris
288 4347 388 4396 aetatis
403 4349 530 4402 inductas
548 4349 707 4415 credideris,

745 1105 768 1155 ei
780 1103 913 1166 Platonis,
931 1101 1098 1161 Aristotelis,
1120 1103 1232 1154 aliorum
1247 1107 1285 1155 te·

745 1175 885 1234 stimonia,
904 1187 973 1237 quae
988 1172 1146 1223 Nitzschius
1163 1173 1182 1222 l.
1200 1171 1218 1224 l.
1232 1174 1288 1224 col-

745 1244 827 1311 legit,
845 1242 1004 1308 respexeris.
1041 1241 1157 1293 Gravius
1169 1243 1286 1294 sortasse

746 1315 812 1366 illud
825 1315 884 1376 erit,
904 1312 976 1378 qnod
991 1313 1117 1364 Diomedis
1129 1313 1229 1364 Aristia
1242 1329 1288 1364 vo-

747 1386 860 1436 cabatur
880 1385 978 1450 quintus
995 1381 1092 1432 Iliadis
1116 1383 1193 1446 liber,
1216 1400 1287 1444 cnm,

747 1456 793 1521 qui
812 1454 884 1520 apud
902 1453 1071 1503 Herodotum
1090 1453 1208 1503 citantur
1229 1470 1289 1505 ver·

748 1541 803 1588 sus,
816 1524 958 1575 adsecutum
969 1521 1131 1586 pertineant.
1158 1523 1211 1574 Sed
1224 1523 1288 1590 quid

747 1595 876 1660 impedit,
896 1609 948 1658 quo
967 1593 1055 1642 minus
1072 1592 1211 1644 Diomedis
1230 1593 1289 1644 ari.

748 1667 830 1716 stiam
853 1663 925 1714 ultra
947 1663 1069 1728 quintum
1097 1662 1195 1714 librum
1225 1663 1290 1714 olim

748 1734 912 1801 pertinuisse
922 1737 1081 1798 sextumque
1091 1732 1189 1783 librum
1207 1733 1290 1784 etiam

749 1803 987 1878 comprehendisse
998 1807 1160 1866 statuamus,
1169 1819 1290 1868 praeser-

749 1873 803 1927 tim
816 1890 877 1924 cnm
895 1872 944 1922 illa
965 1877 1056 1922 aetate
1079 1871 1146 1922 fines
1171 1873 1290 1940 singulo-

749 1962 808 1996 rum
827 1943 957 1993 librornm
979 1942 1088 1992 vixdum
1107 1943 1145 1992 ita
1163 1949 1291 1994 accurate

750 2014 882 2066 constitui
894 2013 1015 2078 potuisse
1029 2011 1181 2076 videantur,
1200 2029 1290 2079 quem-

751 2085 895 2136 admodum
917 2087 980 2148 post
1004 2082 1107 2132 iactum
1137 2099 1197 2134 esse
1221 2084 1290 2134 veri-

751 2154 840 2205 simile
861 2153 900 2204 fit.
938 2153 1017 2203 Coni.
1037 2153 1133 2216 Heyne
1152 2153 1284 2204 Observv.

751 2226 787 2276 ad
805 2222 917 2276 Homeri
934 2221 954 2274 l.
973 2222 991 2274 l.
1012 2227 1039 2272 et
1057 2223 1141 2274 Woll'.
1160 2222 1289 2290 Prolegg.
1342 2261 1346 2269 .

752 2295 786 2346 ad
804 2296 950 2345 Homerum
974 2310 999 2358 p.
1024 2291 1122 2354 CVIII,
1148 2299 1292 2360 utrumqne

752 2383 768 2416 a
786 2364 912 2429 Schwgb.
926 2361 1049 2414 allatum.
1085 2363 1155 2414 Sunt
1167 2362 1290 2430 denique,

752 2433 1051 2502 quiDiomedispugnas
1062 2433 1197 2499 peculiare
1210 2433 1293 2517 quod-

752 2506 813 2556 dam
829 2520 937 2555 carmen
956 2504 1042 2554 inisse
1065 2504 1246 2566 arbitrentur,
1264 2505 1293 2554 in

751 2575 846 2626 Iliadis
879 2579 1035 2624 contexam
1065 2578 1161 2638 postea
1187 2542 1292 2625 denium

751 2649 899 2710 receptum.
936 2643 990 2694 Sed
1012 2644 1293 2708 praeterquamquod

752 2717 833 2766 certis
852 2713 1018 2778 argumentis
1032 2712 1165 2763 destituta
1175 2713 1294 2763 cethaee

752 2785 889 2836 sententia
909 2787 936 2832 et
954 2783 1064 2832 disertis
1085 2782 1219 2832 Herodoti
1235 2798 1295 2832 ver-

752 2855 794 2904 bis
818 2857 966 2918 repugnat,
993 2851 1217 2902 commonstravit
1240 2851 1295 2901 An-

753 2923 814 2989 glps
833 2923 943 2979 doctus,
966 2921 1034 2970 haec
1057 2921 1091 2970 ad
1110 2919 1238 2969 carminis
1256 2924 1295 2969 te-

753 2995 845 3043 norem
862 2997 889 3042 et
902 3007 1000 3040 nexum
1012 2991 1052 3039 ita
1061 2989 1215 3040 necessaria
1225 3004 1294 3052 ease,

754 3067 797 3124 nt,
829 3061 883 3111 illis
913 3060 1042 3120 abIectie,
1075 3059 1181 3123 reliqna
1206 3058 1296 3109 ferent

755 3147 852 3183 manca
868 3146 919 3180 nec
942 3129 994 3178 sibi
1016 3129 1085 3180 bene
1112 3129 1295 3180 cohaerentia.

755 3204 797 3254 Τιι
815 3201 870 3251 vid.
889 3199 1109 3264 Payue-Knight.
1120 3198 1246 3264 Prolegg.
1261 3199 1296 3250 ad

740 3274 865 3324 Homer.
873 3273 899 3334 5.
910 3269 1010 3320 XXIV.
1022 3284 1084 3334 pag.
1093 3270 1127 3320 24
1138 3269 1180 3320 ed.
1194 3269 1296 3330 Rutu,

754 3341 881 3394 Nitzsoh:
911 3339 1095 3406 Sagenpoesie
1118 3339 1165 3389 der
1187 3339 1296 3391 Griech.

754 3428 818 3479 pag.
839 3411 888 3462 105
906 3425 982 3474 seqq.
1001 3409 1053 3460 215
1071 3425 1145 3474 scqq.

790 3511 861 3579 λέῃει
880 3506 912 3563 δέ
932 3504 966 3561 τὰ
985 3506 1054 3561 ἐπια
1076 3501 1161 3579 οὕτω]
1186 3512 1239 3574 Qui
1257 3527 1299 3562 se·

756 3589 876 3650 quantur
899 3597 1008 3644 versus,
1032 3585 1142 3632 exstant
1165 3583 1193 3631 in
1218 3581 1297 3632 Iliad.

756 3655 804 3717 Vl,
824 3654 876 3706 ’2811
893 3668 969 3718 seqq.
989 3657 1017 3702 et
1030 3668 1048 3702 a
1061 3653 1196 3703 Strabone
1214 3653 1299 3702 citan-

756 3730 801 3774 tnr
816 3725 840 3774 1.
859 3739 923 3788 pap.
939 3723 1011 3774 tui}
1031 3723 1088 3772 sive
1105 3738 1169 3786 pag.
1188 3721 1235 3784 33,
1253 3721 1300 3786 qui

757 3795 840 3844 etiam
859 3791 946 3856 (XVI.
963 3807 1027 3857 pag.
1055 3789 1121 3842 1097
1140 3791 1170 3854 O,
1195 3791 1254 3841 sive
1272 3807 1297 3855 p.

757 3863 821 3927 756)
840 3867 944 3924 menet,
967 3865 1062 3926 poetas
1079 3859 1195 3912 Sidonem
1213 3860 1300 3926 magis

758 3949 847 3999 quarn„
855 3933 947 3997 λῃιιιπι
959 3931 1140 3996 frequentare,
1153 3931 1301 3980 Homerum

757 4018 871 4052 verone
889 4015 1038 4051 memorare
1062 3999 1168 4064 quidem
1187 4001 1299 4065 Tyrum.

759 4071 814 4123 Sed
838 4071 1005 4135 temporibus
1034 4071 1160 4120 Troianis
1182 4069 1301 4120 nondum

758 4138 1203 4206 Tyrustamclaraiuissevidetur
1205 4153 1301 4203 ,qnam

758 4210 873 4274 posthac
890 4213 933 4259 est
951 4207 1036 4258 iacta.
1060 4208 1121 4258 Vid.
1134 4176 1232 4273 Heyrie
1246 4207 1302 4257 Ob-

759 4295 848 4330 servv.
877 4278 912 4329 ad
948 4276 1029 4328 Iliad.
1059 4277 1078 4328 l.
1107 4277 1125 4330 l.
1157 4293 1221 4342 pag.
1250 4279 1302 4328 254

759 4353 824 4402 tom.
840 4349 874 4400 V.
