3032 4916
536 273 782 362 nummum.
805 271 847 332 Π.
870 281 928 334 ua.

1241 270 1301 330 703

170 451 255 530 ζῶον
275 447 341 515 olel
361 443 541 534 γινόμενον
563 443 734 514 ἐσδύεται·
770 441 872 514 ἐπεὰν
893 443 931 513 δὲ
953 446 1117 534 περιέλθῃ
1136 441 1244 512 πάντα
1265 441 1306 512 τὰ

171 647 233 710 τος)
249 647 356 712 prolata
379 651 453 696 recte
478 644 629 712 intelligere
647 645 712 696 veli-

92 732 96 738 ·
172 717 712 781 mus,dooebantAegyptii‚tum,quaudo

172 803 269 852 corpus
296 786 405 852 (morte)
438 785 618 849 dissolvatur,
654 787 712 851 ipso

171 858 255 922 igitur
280 855 468 906 dissolutionis
492 871 515 907 s.
535 857 629 906 mortis
648 862 713 906 tem-

171 942 249 991 pore,
271 929 364 976 statim
384 927 411 976 iu
428 926 501 975 aliud
521 927 639 976 transire
657 941 713 976 cor-

172 1011 237 1061 pus,
261 1011 349 1062 neque
367 997 418 1046 hoc
442 1001 498 1044 tum
518 995 624 1046 demum
645 996 712 1057 fieri,

172 1066 280 1132 quaudo
297 1081 397 1130 corpus
419 1067 471 1116 rite
495 1065 631 1116 conditum
652 1069 715 1130 post

174 1136 272 1186 multos
298 1151 385 1186 anuos
412 1136 617 1200 surculorumque
646 1135 714 1185 adeo

93 1249 97 1257 .
171 1205 316 1256 decureum
330 1206 412 1256 inerit
425 1205 595 1256 dissolutum.
615 1206 714 1256 Moneo

173 1281 283 1340 propter
301 1277 416 1340 zoegam
435 1275 453 1326 l.
470 1275 488 1326 l.
503 1291 566 1341 pag.
584 1273 714 1326 3100011.

173 1345 235 1408 204,
255 1347 301 1410 qui
314 1346 448 1396 Herodoti
457 1347 541 1395 verba
555 1341 606 1393 τοῦ
622 1339 714 1408 σώμα-

172 1429 221 1472 τος
239 1413 473 1479 καταφθίνοντος
492 1415 526 1465 de
547 1429 654 1478 corpore
677 1415 714 1464 di-

169 1489 244 1548 ,lapso
271 1491 298 1534 et
321 1491 346 1536 iu
369 1487 467 1535 cineres
489 1486 610 1535 dissoluto
633 1483 715 1534 intel-

172 1555 220 1621 ligi
234 1555 321 1605 voluit
334 1569 446 1620 eamque
461 1555 524 1604 iude
540 1555 625 1604 luisse
639 1554 714 1619 vulgi

173 1625 300 1692 Aegyptii
324 1625 478 1690 opinionem
501 1626 612 1675 statuit:
637 1626 714 1687 „aui-

174 1709 244 1744 mam
268 1711 323 1744 uon
345 1695 419 1758 priua
447 1709 527 1758 quam
550 1695 634 1759 priori
657 1709 715 1744 cor·

175 1779 239 1829 pore
256 1770 383 1828 corrupto
396 1769 479 1828 atque
492 1764 617 1814 absumto
635 1764 669 1814 ab
683 1779 714 1813 eo

174 1833 313 1884 discedere
331 1840 412 1899 atque
430 1833 465 1882 ad
482 1833 549 1884 illud
568 1834 714 1884 transire.“

176 1905 252 1966 Quae
277 1905 364 1953 citans
386 1904 536 1952 Haerenius
557 1903 651 1966 (ldeeu
675 1904 714 1965 11,

175 1978 200 2024 2.
225 1989 287 2039 pag.
316 1972 379 2034 193)
403 1973 460 2023 iura
489 1973 608 2024 dubitari
634 1988 715 2038 posse

175 2051 283 2105 censet;
299 2057 388 2108 neque
404 2045 475 2093 enim
490 2043 607 2108 intelligi
624 2058 714 2108 posse,

174 2113 309 2178 quomodo
327 2113 355 2162 in
374 2113 506 2163 eiusmodi
529 2112 643 2180 populo,
669 2113 716 2178 qni

176 2183 383 2233 accuratissima
407 2183 571 2248 pollinctore
598 2186 715 2234 mortuo·

175 2269 234 2303 rum
253 2253 387 2304 cadavera
409 2267 557 2318 perennare
577 2254 606 2302 in
624 2268 717 2318 perpe·

176 2329 251 2373 tuum
271 2323 404 2385 effecerit,
422 2324 506 2389 igitur
527 2323 565 2373 ibi
583 2322 715 2390 quomodo

176 2393 309 2444 eiusmodi
327 2393 418 2458 opinio
442 2393 562 2444 invalere
585 2393 715 2458 potuerit.

168 2462 304 2514 vPluribus
322 2463 389 2514 haec
407 2464 538 2514 tractavit
552 2463 676 2514 Orsuaer.
688 2463 717 2512 in

174 2533 368 2584 Commentatt.
381 2533 502 2584 Herodd.
520 2550 548 2600 p.
563 2533 614 2586 319
631 2549 718 2599 seqq,

176 2605 252 2654 cuius
271 2605 433 2655 seutentiam
453 2603 485 2654 tle
509 2605 580 2654 omui
597 2605 649 2655 hac
667 2606 719 2654 Ae-

174 2679 329 2810 illitus
344 2675 476 2794 iltuit
494 2673 718 2809 titillabit

175 2829 244 2864 mus.
281 2814 360 2876 Quod
374 2814 410 2863 ad
426 2813 530 2878 reliqna
542 2815 650 2878 attinet,
671 2828 717 2878 po·

175 2884 247 2932 tiore
263 2882 315 2932 buc
327 2883 535 2933 transieramus.
571 2883 717 2948 Progredi·

177 2956 221 3000 tur
238 2949 284 3000 ille
299 2967 313 3000 e
330 2951 390 3002 Ιοοο
411 2952 512 3013 Servii,
532 2952 577 3016 qui
595 2951 641 3016 (ud
658 2952 716 3002 Vir.

177 3019 225 3085 gil.
243 3021 311 3071 Aen.
337 3021 390 3083 111,
408 3020 453 3086 68)
478 3022 549 3070 inter
571 3021 627 3071 alie
650 3021 716 3070 haec

176 3103 282 3154 quoque
293 3090 427 3154 disputat:
447 3091 596 3156 Aegyptios
606 3091 718 3141 condita

177 3158 279 3208 diutius
298 3175 437 3209 reservare
454 3159 602 3222 cadavera,
620 3167 649 3210 ut
660 3161 717 3211 ani-

177 3243 222 3277 ma
239 3228 323 3279 multo
340 3233 460 3295 tempore
475 3229 602 3294 perduret
615 3235 642 3280 et
659 3247 718 3280 cor-

177 3299 238 3362 pori
256 3299 292 3348 sit
310 3299 441 3362 obnoxiu,
460 3315 510 3349 uec
526 3299 579 3349 cito
598 3300 633 3350 ed
648 3300 716 3351 alios

177 3373 310 3419 transeat.
331 3367 476 3434 Subiungit
489 3369 531 3421 Cr.
554 3370 717 3420 Tertulliani

176 3437 265 3489 locum
289 3437 321 3488 de
344 3441 435 3489 anima
456 3453 518 3503 cap.
543 3437 586 3490 33.
612 3457 638 3506 p.
664 3439 717 3492 288

177 3524 233 3575 seq.
253 3508 344 3574 ibique
366 3508 433 3560 haec
452 3509 597 3575 praecipue
619 3511 716 3561 verba:

179 3617 212 3643 „.
225 3615 231 3628 .
245 3615 252 3628 .
267 3578 339 3644 quod
356 3583 384 3629 et
396 3579 546 3629 Mercurius
566 3581 717 3646 Aegyptius

178 3649 269 3712 novit,
288 3649 380 3698 dicens
401 3650 518 3699 animam
536 3649 718 3714 digressama

178 3733 291 3784 corpore
320 3733 375 3768 nou
407 3718 513 3770 refundi
544 3719 572 3768 iu
601 3721 718 3770 animam

177 3789 306 3852 universi,
323 3788 370 3838 sed
382 3804 492 3839 manere
502 3789 718 3852 determinatam,

178 3859 383 3922 mirationem,
406 3859 508 3926 iuquit,
532 3860 604 3924 patri
623 3859 720 3910 reddat

179 3943 283 3992 eorum,
302 3943 372 3994 quae
396 3929 554 3994 incorpore
573 3931 717 3994 gesserit.“

178 3997 258 4049 Unde
275 3999 430 4062 edocemur,
455 4000 606 4064 Aegyptios
629 4000 720 4050 eondi-

179 4067 234 4118 isse
252 4068 400 4132 cadavera,
424 4069 558 4134 quoniam¹
569 4070 720 4120 cisternina-

181 4145 230 4186 σανα
253 4137 382 4188 volebant
409 4153 566 4203 permanere
591 4140 718 4190 animam.

179 4207 219 4256 Ac
248 4209 345 4257 statuit
368 4209 410 4260 Gr.
439 4207 537 4273 duplex
567 4210 720 4274 antiquitus

180 4277 288 4326 omuino
314 4279 341 4326 iu
369 4279 493 4343 Aegypto
520 4279 605 4330 fuisse
634 4293 719 4343 genus

180 4344 329 4408 bominum
353 4345 466 4398 alterum
489 4347 661 4398 secerdotum
678 4347 719 4398 id-

764 663 816 714 que
838 647 940 697 cultum
964 651 992 697 et
1016 647 1164 710 eruditum,
1191 646 1306 696 alterum

764 717 951 782 parturitium,
979 717 1061 781 idque
1086 716 1153 766 rude
1176 721 1205 766 et
1222 717 1307 766 incul-

764 794 830 849 tum,
843 786 1001 852 vulgaribus
1013 787 1250 851 superstitionibus
1263 786 1307 836 de·

765 858 865 919 ditum,
884 857 956 921 quod
974 856 1036 904 inde
1054 872 1106 906 non
1122 857 1306 921 potueritnou

765 928 883 976 animum
896 927 1039 975 humanum
1053 942 1165 990 corpore
1179 926 1307 990 quodam·

768 997 848 1046 modo
872 997 1054 1061 mancipatum
1079 997 1235 1046 existimare
1259 997 1307 1046 ob·
1358 1033 1362 1044 .

766 1067 942 1131 noxiumque,
968 1067 1008 1115 ita
1027 1070 1072 1126 ut,
1096 1067 1119 1115 si
1137 1081 1192 1114 nou
1208 1081 1306 1130 usque-

766 1151 874 1201 quaque
898 1137 1015 1185 auimam
1041 1136 1152 1184 interire
1170 1135 1306 1184 existima-

766 1211 808 1255 ret
828 1221 940 1270 corpore
966 1205 1071 1269 dilapso
1100 1210 1127 1254 et
1151 1206 1179 1253 in
1201 1205 1306 1254 cineres

766 1275 912 1337 dissoluto,
937 1289 1036 1340 vagam
1064 1280 1154 1325 tumen
1172 1290 1205 1323 ac
1224 1289 1306 1340 prope

765 1346 867 1395 nullam
882 1347 1027 1410 imaginem
1042 1346 1232 1410 notionemque
1249 1346 1307 1394 aui·

766 1431 826 1464 mae
840 1431 857 1465 a
874 1429 985 1479 corpore
1003 1417 1143 1465 seiunctae
1158 1420 1186 1464 et
1198 1413 1232 1464 ab
1249 1415 1306 1464 eius

765 1486 878 1535 servitio
896 1485 998 1534 liberae
1015 1486 1068 1534 sibi
1087 1486 1234 1534 informare
1246 1499 1307 1548 pos·

765 1561 816 1605 set.
853 1556 929 1604 llaec
940 1556 965 1603 si
983 1561 1155 1620 reputentur,
1173 1554 1307 1619 simulque

765 1625 832 1676 illud
859 1629 998 1688 teneatur,
1033 1625 1189 1675 sacerdotes
1218 1626 1307 1690 Aegy-

765 1697 837 1761 ptios
856 1695 965 1744 novisse
986 1700 1103 1745 naturae
1125 1697 1180 1745 rim
1198 1697 1306 1760 penitus

766 1764 876 1815 vitalem
895 1779 1033 1831 nunquam
1054 1767 1217 1815 exstinctam
1234 1771 1260 1814 et
1279 1765 1307 1814 iu

765 1835 900 1885 infinitum
912 1850 1069 1900 perennem,
1089 1840 1171 1901 atque
1182 1850 1241 1885 eam
1253 1835 1307 1884 sibi

766 1905 930 1956 seutentiam
956 1905 1170 1970 παλιγγενεσίας
1196 1906 1307 1955 notione

765 1975 941 2038 informasse,
979 1977 1037 2024 veri
1067 1975 1155 2025 simile
1180 1975 1243 2025 iude
1277 1975 1307 2024 lit

766 2045 913 2108 Creuuero,
938 2045 1132 2110 Aegyptiorum
1150 2045 1307 2096 sacerdotes

765 2130 920 2166 reservasse
935 2115 988 2164 sibi
998 2113 1210 2180 παλιγγενεσίας
1223 2115 1308 2165 subti-

765 2185 860 2235 liorem
879 2189 961 2250 atque
979 2186 1154 2236 eruditiorem
1171 2185 1307 2251 quandam

767 2257 928 2319 doctrinam,
943 2255 1307 2320 quaeadGraecospbiloso-

767 2325 834 2391 plros
853 2331 916 2389 post
939 2327 1122 2390 permanavit3
1148 2341 1208 2376 curu
1229 2325 1308 2390 plebe

767 2396 1309 2462 autemcommunicasseplacitumtraus·

768 2465 938 2531 migrationis
957 2467 1107 2516 animarum
1130 2469 1188 2517 sive
1213 2479 1308 2531 μετεν-

768 2529 966 2600 σωματώσεως.
1001 2537 1082 2587 Ηοοο
1104 2552 1169 2587 vero
1190 2535 1309 2600 discipli-

768 2621 830 2656 nam
849 2606 960 2654 mixtam
974 2610 1204 2672 temperatamque
1217 2611 1310 2672 pasto-

769 2677 834 2726 ritia
863 2676 1053 2740 superstitione
1083 2681 1111 2725 et
1144 2675 1308 2727 sacerdotali

768 2745 920 2797 eruditione
938 2745 1106 2795 Herodotum
1129 2745 1172 2796 bic
1196 2746 1308 2810 prodere

767 2823 815 2865 aut
832 2820 906 2864 certe
915 2816 1041 2865 extremis
1058 2814 1136 2864 lineis
1147 2815 1308 2876 describere,

767 2886 807 2934 ita
823 2889 854 2932 ut
869 2883 925 2934 loci
942 2889 1130 2949 argumentum
1148 2899 1179 2934 eo
1198 2885 1254 2933 iere
1266 2897 1309 2931 re·

768 2954 845 3004 dent:
872 2954 1001 3014 „Primum
1024 2961 1135 3003 mortum
1156 2953 1225 3004 Ιιοοιο
1247 2955 1309 3001 rite-

767 3040 814 3089 que
832 3025 946 3074 conditus
962 3025 1122 3088 sepultusque
1140 3023 1267 3072 descendit
1283 3022 1309 3070 iu

766 3092 914 3156 Ameutllen,
935 3091 961 3143 h.
982 3109 1006 3144 e.
1020 3096 1045 3143 iu
1064 3108 1165 3156 regnum
1183 3091 1310 3142 bridius!-

768 3179 815 3228 για
828 3161 945 3212 Osiridis.
969 3163 1074 3226 Deinde,
1091 3163 1243 3212 intereunte
1251 3175 1309 3211 cor-

768 3247 833 3298 pore
858 3231 995 3296 (nimirum
1021 3247 1052 3282 eo
1077 3231 1149 3296 quod
1171 3233 1309 3282 conditum

768 3303 852 3352 fuerit
876 3301 1082 3352 medicamentis
1104 3307 1131 3351 et
1154 3303 1206 3353 rite
1233 3303 1309 3354 iuvo-

767 3371 854 3422 lutum
872 3401 906 3411 -
923 3371 1045 3437 adeoque
1067 3373 1194 3423 cadavere
1209 3374 1309 3435 dilapso

768 3445 842 3508 inque
860 3444 957 3492 eineres
975 3442 1105 3507 couvemo)
1129 3444 1233 3493 succedit
1255 3444 1310 3492 σοι’-

768 3528 807 3562 αια
821 3520 846 3562 et
863 3514 954 3578 αι’γνοι
966 3528 1017 3576 per
1033 3512 1167 3563 bestiarum
1183 3527 1252 3562 orme
1264 3528 1309 3576 pe-

769 3599 822 3632 nus.
865 3582 923 3632 Tum
947 3586 1082 3634 reuertitur
1103 3585 1128 3631 in
1151 3597 1242 3646 corpus
1264 3598 1310 3630 no-

768 3667 841 3702 scens
866 3652 975 3703 beluinis.
1017 3654 1101 3717 Atque
1126 3652 1166 3702 dic
1192 3653 1311 3702 circuitus

769 3723 898 3773 uniuersus
921 3721 1059 3774 absolvitur
1089 3723 1168 3773 tribus
1191 3737 1311 3772 annorum

769 3792 904 3843 milllbrae.“
940 3793 1017 3843 Haec
1041 3791 1124 3857 igitur
1151 3792 1309 3854 Gr'eunerus,

769 3877 848 3926 quem
871 3862 994 3927 sequitur
1017 3863 1098 3912 etiam
1120 3862 1269 3928 (luigniaut
1291 3861 1309 3911 l.

769 3931 789 3982 l.
806 3947 869 3996 pag.
893 3931 953 3993 883,
977 3932 1042 3982 lieet
1061 3931 1194 3982 Herodoti
1217 3932 1310 3993 verba,

769 4000 994 4066 quemadmodum
1026 4016 1108 4066 supra
1140 4002 1312 4067 interpretati

769 4085 874 4134 sumus,
894 4070 966 4122 haud
982 4073 1200 4133 consentiant,·e
1215 4072 1311 4138 quibus

770 4155 830 4190 meu
849 4145 922 4190 certe
937 4142 1074 4191 sententia
1090 4141 1158 4191 nihil
1171 4142 1245 4192 aliud
1259 4142 1312 4192 col·

768 4209 817 4274 ligi
842 4215 946 4274 potest,
971 4211 1025 4261 nisi
1049 4225 1108 4261 earn
1131 4211 1217 4261 fuisse
1239 4217 1312 4261 vete·

771 4293 829 4329 rum
859 4281 1054 4345 Aegyptiorum
1085 4281 1250 4344 doctrinam,
1280 4286 1312 4330 ut

771 4350 861 4399 anima
884 4349 946 4415 ipso
967 4349 1059 4401 mortis
1083 4349 1198 4401 articulo
1222 4365 1240 4401 e
1255 4365 1311 4400 eor·
