3008 4924
535 317 787 382 EUTHRPE.
810 319 853 380 Π.
879 323 939 382 177.
1242 317 1304 380 825

178 499 391 583 Αἰγυπτίοισι
411 489 662 582 τόνδε”Αμασίς
684 495 753 564 ἐστι
778 488 796 562 ὁ
817 491 1039 584 καταστήσας·
1063 487 1305 562 ἀποδεικνύναι

173 605 264 681 ἔτεος
278 598 418 669 ἑκάστου
432 602 479 690 τῷ
493 598 642 688 νομάρχῃ
658 597 766 668 πάντα
785 595 861 668 τινά
878 603 1091 684 Αίννιιτίαν,
1109 592 1193 666 ὅθεν
1207 600 1303 685 βιοῦ-

172 727 242 773 ται·
265 703 350 793 μηδὲ
370 705 530 773 ποιεῦντα
550 708 672 788 ταῦτα,
697 701 781 792 μηδὲ
804 698 1036 790 ἀποφαίνοντα
1062 706 1197 790 δικαίην
1215 699 1304 791 ζόην,

173 808 357 879 amaseae
369 803 518 900 θανάτῳ.
546 806 669 876 Σόλων
683 807 721 876 δὲ
736 801 942 894 δἈθηναῑος
956 799 1069 894 lupide
1084 807 1117 888 ἐξ
1130 803 1305 892 Αίγύττον

171 977 262 1026 Lane:
280 976 405 1026 Account
416 975 447 1026 oi
458 975 504 1026 the
515 991 640 1028 manners
658 976 713 1026 and
763 976 842 1026 titam
862 973 968 1024 civibus
987 975 1043 1024 suis
1068 971 1165 1024 tulisse
1189 973 1306 1024 traditur

172 1051 292 1096 customs
315 1045 345 1096 oi
366 1045 412 1096 the
436 1045 546 1096 modern
562 1047 665 1112 Egypt.
687 1046 710 1097 1.
764 1045 859 1108 Solon,
883 1043 926 1095 lex
943 1045 1063 1094 Draconi
1085 1044 1174 1108 potius
1197 1044 1306 1094 ridetur

173 1131 198 1180 p.
218 1118 261 1177 27,
279 1114 443 1166 Wilkinson.
463 1116 591 1166 Mannera
614 1120 666 1166 etc.
687 1116 712 1168 Ι.
764 1114 961 1166 contribuendo.
991 1113 1064 1166 velut
1094 1113 1215 1164 auctori:
1249 1113 1305 1164 rid.

173 1202 200 1250 p.
219 1186 270 1236 217
295 1184 357 1235 coll.
374 1184 479 1236 Bohlen
497 1185 559 1237 Ind.
579 1187 602 1236 1.
622 1202 648 1252 p.
669 1185 712 1248 33,
764 1184 926 1250 Weaseling.
953 1183 988 1233 ad
1009 1183 1121 1233 Diodor.
1144 1183 1168 1234 1.
1188 1199 1252 1248 pag.
1271 1183 1305 1234 88

172 1270 205 1306 ac
234 1270 319 1320 nuper
344 1255 515 1319 potissimum
539 1256 653 1306 Moreau
680 1255 713 1306 de
765 1259 793 1306 et
809 1252 920 1320 Taylor.
938 1253 1029 1305 Leott.
1040 1254 1120 1319 Lysa.
1141 1269 1168 1318 p.
1181 1253 1230 1304 707
1249 1267 1305 1318 seq.

171 1323 276 1376 donnes
295 1321 388 1390 (Mdm.
406 1341 452 1376 sur
465 1325 493 1375 la
503 1325 663 1391 populatiou
681 1325 714 1376 de
766 1323 839 1391 [Alia
857 1324 928 1374 hanc
945 1324 973 1373 in
988 1339 1045 1374 rem
1062 1323 1165 1374 excitat
1179 1321 1304 1372 Creuaer.

171 1395 435 1461 l'aneionneilgypte
446 1395 487 1445 in:
504 1394 618 1460 Compte
629 1395 714 1446 rendu
764 1396 793 1445 in
810 1399 880 1445 nott.
902 1393 1034 1444 orationis
1052 1392 1086 1443 de
1103 1392 1215 1443 civitate
1225 1391 1306 1442 Athe-

173 1463 302 1532 [Sdances
332 1471 359 1514 et
389 1469 506 1516 travaux
534 1465 567 1516 de
596 1464 714 1532 l'Acad.]
764 1479 860 1515 narum
877 1467 929 1515 etc.
944 1479 970 1528 p.
986 1461 1020 1516 03
1035 1463 1092 1513 sive
1107 1461 1247 1528 Opuscull.
1266 1476 1307 1513 aa·

173 1535 250 1587 1851.
263 1551 290 1600 p.
301 1535 349 1586 421
362 1550 438 1600 seqq.
452 1540 480 1585 et
496 1533 712 1586 l’InstitutSect.
763 1535 841 1585 lectt.
860 1549 887 1600 p.
904 1531 971 1599 115.]
1008 1531 1129 1584 Eandem
1140 1531 1221 1599 ‘apud
1238 1531 1306 1582 alios

170 1605 208 1655 11.
229 1620 269 1656 nr.
289 1603 350 1656 102.
375 1621 402 1670 p.
426 1605 474 1656 140
493 1620 569 1670 seqq.
593 1605 713 1656 eiusdem
765 1605 848 1656 etiam
871 1602 985 1669 populos
1007 1602 1127 1668 viguisse
1151 1606 1215 1652 ants
1233 1601 1307 1652 Peri-

172 1675 265 1735 anui),
293 1675 340 1740 qui
365 1673 513 1725 Diodorum
532 1679 642 1726 secutus
674 1691 715 1726 se·
764 1690 825 1726 aon.
846 1673 1003 1724 ostenderat
1015 1672 1147 1722 Abramus
1166 1671 1200 1722 ad
1218 1671 1305 1722 Cicer.

171 1743 296 1808 ptuogies
318 1747 434 1794 centena
463 1743 548 1794 millia
577 1745 714 1795 hominum
765 1761 803 1796 or.
831 1759 880 1809 pro
902 1743 995 1794 Sextio
1026 1759 1050 1792 c.
1077 1741 1145 1793 48.“
1189 1742 1305 1792 Heereu.

171 1814 325 1878 Aegyptum
338 1813 489 1878 antiquitus
499 1814 646 1866 incoluisse
658 1818 714 1865 sta·
765 1814 848 1866 Ideen
866 1813 904 1875 ΙΙ,
924 1815 950 1864 2.
970 1828 997 1877 p.
1019 1812 1069 1864 338
1094 1816 1153 1863 not.
1172 1811 1305 1862 Herodoti

172 1882 226 1932 tuit
241 1882 322 1948 idque
342 1887 484 1948 praeterea
500 1886 618 1948 monuit,
640 1885 714 1936 haud
763 1883 825 1934 loco
839 1884 934 1946 utitur,
952 1898 985 1932 ex
996 1898 1049 1947 qno
1061 1882 1236 1933 manifestum
1248 1879 1305 1944 fiat,

172 1952 291 2003 deinisse
314 1953 458 2018 Aegyptiis
486 1952 533 2004 illa
556 1959 647 2006 aetate
671 1971 712 2018 aa,
764 1969 845 2019 qnam
864 1953 1021 2017 diligentem
1041 1957 1068 2002 et
1085 1956 1242 2002 accuratam
1259 1967 1306 2016 po-

105 2047 110 2057 ·
172 2022 270 2088 quibus
288 2023 436 2074 incolarum
453 2023 620 2089 singulorum
640 2024 713 2076 iacto
763 2025 850 2074 litiani
869 2021 930 2088 (nos
948 2021 1063 2074 dicimus
1083 2020 1188 2086 Politen)
1207 2021 1235 2071 in
1252 2021 1306 2071 sin-

171 2107 285 2142 recensu
308 2099 436 2144 accurate
458 2098 545 2145 totum
564 2093 712 2146 incolarum
764 2093 842 2159 gulos
860 2093 1009 2158 Aegyptios
1026 2092 1055 2142 hi
1073 2091 1213 2142 nemarchi
1232 2105 1306 2142 exer·

764 2164 884 2226 cuerint,
909 2163 955 2228 qui
977 2162 1090 2228 singulis
1114 2162 1202 2213 nomis
1222 2161 1306 2211 admi-

763 2232 912 2284 nistrandis
931 2232 1062 2297 praefecti
1088 2232 1174 2282 inisse
1195 2231 1307 2282 videan-

763 2308 817 2367 tur,
836 2303 933 2369 quibus
946 2301 1084 2353 demarchi
1101 2301 1305 2364 subditi'erant,

764 2373 798 2424 de
810 2373 908 2438 quibua
920 2371 976 2424 vid.
988 2377 1058 2422 nott.
1070 2371 1106 2422 ad
1118 2371 1171 2435 111,
1187 2370 1213 2423 0.
1239 2371 1305 2421 Cae-

764 2448 852 2494 terum
869 2441 1034 2492 Willuinson,
1052 2443 1180 2492 Manners
1200 2445 1252 2492 etc.
1266 2440 1304 2492 11.

763 2529 791 2578 p.
811 2513 844 2566 32
866 2512 937 2562 hauc
960 2511 1061 2578 legem,
1087 2527 1165 2578 quarn
1184 2509 1306 2562 Amasidi

762 2581 919 2634 Herodotus
938 2582 1048 2646 tribuit,
1071 2581 1123 2632 hoe
1139 2597 1202 2647 rege
1224 2581 1304 2646 longe

764 2653 945 2719 antiquiorem
964 2667 1022 2702 esse
1047 2657 1139 2717 putat,
1164 2667 1225 2702 cum
1246 2651 1304 2701 eius

171 2177 311 2212 numerum
332 2155 537 2215 constituerent.

206 2222 297 2292 νόμον
309 2226 341 2283 δὲ
357 2227 535 2298 Αἰγυπτίοισι
554 2224 636 2283 τόνδε
648 2250 674 2284 ιι.
687 2249 711 2284 τ.

164 2296 249 2368 1.]δὲ
262 2319 321 2353 cnm
334 2307 449 2354 recantt.
457 2303 517 2354 edd.
526 2303 714 2368 scripsieFlo-

170 2371 269 2424 rentini
287 2378 368 2438 atque
387 2372 499 2423 aliorum
523 2373 601 2424 codd.
621 2379 713 2424 auoto-

169 2443 251 2492 ritate
269 2458 317 2507 pro
335 2442 448 2508 vulgata
462 2457 499 2506 τε,
520 2459 599 2508 quam
614 2445 714 2494 retinet

170 2511 309 2563 Sancroiti
331 2512 399 2563 liber
419 2528 552 2578 quamque
571 2515 652 2564 etiam
673 2530 713 2564 ro-

170 2582 253 2632 tinuit
266 2583 386 2634 Di'ndori
400 2598 434 2633 ac
444 2582 563 2648 Lhardy.
583 2575 711 2650 νομάρχῃ

170 2651 302 2703 intactum
321 2653 433 2718 reliqui,
457 2668 544 2719 nsque
566 2669 625 2704 cum
644 2653 712 2704 San-

170 2723 250 2772 croiti
267 2721 336 2773 libro
355 2723 451 2788 scripsi
471 2714 617 2791 νομάρχςο,
642 2724 712 2774 bens

170 2807 271 2841 memor
297 2808 404 2853 eorum,
437 2807 506 2857 quae
533 2792 566 2843 de
597 2797 712 2858 utraque

172 2861 259 2910 forma
281 2861 353 2926 apud
370 2860 539 2912 Herodotum
563 2861 592 2910 in
609 2861 712 2912 talibus

170 2929 324 2980 nominibus
344 2945 377 2980 cx
394 2923 471 2994 ἄρχοι
491 2931 648 2994 compositis
667 2931 712 2981 oh-

171 2998 218 3048 via
236 2997 329 3049 docuit
336 2999 455 3050 Bredov.
467 3015 530 3064 pag.
544 2999 604 3050 232.
633 3000 711 3050 Ocni.

172 3068 253 3119 etiam
271 3068 322 3120 Th.
337 3068 453 3119 Melina:
470 3070 513 3119 De
530 3069 649 3120 dictione
660 3071 713 3120 Po·

170 3139 260 3204 lyaen.
279 3153 306 3203 p.
327 3137 368 3189 10.

205 3196 278 3256 ὅθεν
295 3205 418 3274 βιοῦται]
445 3207 489 3258 Ita
512 3223 560 3273 pro
583 3202 712 3275 βεβαιοῦ-

171 3292 216 3326 ται
232 3293 303 3328 uunc
327 3293 342 3326 e
361 3277 439 3328 libris
457 3276 578 3342 pluribus
600 3276 711 3339 editum,

171 3347 303 3412 probante
328 3347 426 3410 Snida,
455 3348 501 3412 qui
521 3343 631 3414 βιοῦται
655 3347 712 3396 lau·

172 3416 240 3467 dans
263 3416 381 3482 explicat
405 3413 453 3482 ζῇ,
481 3421 509 3468 et
538 3415 637 3467 dudum
658 3433 712 3467 mo·

171 3492 253 3537 uente
267 3487 462 3550 Valckenario,
481 3487 526 3554 qui
542 3492 614 3538 reete
631 3487 712 3537 inter-

762 2723 882 2788 vestigia
900 2737 915 2772 e
932 2721 1078 2787 sculpturis
1097 2721 1226 2786 cognosci
1242 2735 1305 2785 pos-

764 2793 819 2844 sint
842 2791 970 2842 Amaside
993 2791 1145 2856 prioribus3
1171 2789 1302 2854 offertque

763 2863 822 2926 ipse
834 2861 980 2926 imaginem
992 2861 1055 2911 inde
1073 2865 1198 2922 sumtam,
1215 2859 1305 2922 inqua

764 2931 923 2982 exhibentur
941 2931 1070 2997 Aegyptii
1087 2929 1209 2979 homines
1227 2926 1306 2977 multi

762 3000 797 3051 ad
813 3001 1001 3065 magistratum
1020 2998 1195 3061 accedentes,
1215 3011 1306 3047 coram

763 3085 816 3136 quo
834 3070 911 3119 sedet
929 3069 1034 3130 scriba,
1059 3067 1181 3119 tabulam
1201 3065 1306 3116 stilum-

763 3154 816 3205 que
825 3144 921 3189 tenens
934 3138 1058 3189 manibus
1070 3135 1304 3202 in·perscribendo

763 3209 914 3274 occupatis.
951 3208 1030 3270 Quod
1048 3209 1083 3259 ad
1101 3206 1226 3258 Solonem
1244 3207 1306 3256 atti-

763 3283 821 3342 net,
847 3278 941 3329 Attica
964 3278 1007 3328 lex
1025 3279 1118 3344 utique
1141 3277 1176 3327 ad
1195 3291 1305 3328 censum

763 3353 902 3414 spectasse
917 3347 1044 3400 aflolone
1059 3348 1213 3398 institutum
1232 3345 1305 3396 inde

764 3433 816 3486 qne
831 3419 986 3469 necessaria
1003 3419 1038 3469 ad
1056 3420 1116 3484 ipsa
1129 3417 1228 3468 civium
1245 3417 1304 3466 iura

764 3488 954 3540 constituenda
980 3488 1065 3539 inisse
1092 3487 1209 3538 videtur.
1251 3485 1306 3536 No·

171 3561 307 3622 pretatur:
332 3571 436 3622 quonam
459 3565 565 3622 quaestu
587 3565 713 3609 sustenta-
762 3557 865 3609 marchi
885 3559 1013 3624 Aegyptii
1037 3556 1188 3622 sepulcrum
1217 3553 1306 3620 splen-

171 3634 256 3690 ναίον,
291 3627 359 3677 haec
390 3626 535 3677 adiiciens:
570 3619 712 3690 „o’rrsoder-
763 3628 932 3679 didissimum
954 3643 1037 3694 prope
1060 3627 1198 3692 Ilithyiam
1222 3623 1306 3689 (nuuc

170 3687 278 3746 κνάντα
292 3685 364 3747 ὅθεν
377 3693 419 3763 ζῇ,
439 3696 564 3748 habetde
578 3696 713 3748 reeadem
762 3697 798 3750 El
820 3697 892 3762 Hah)
919 3697 1064 3764 descripsit
1090 3696 1185 3748 addita
1210 3694 1306 3745 inscri-

171 3767 285 3831 loqncns
304 3766 408 3817 Aeliau.
425 3766 458 3818 V.
471 3768 507 3818 H.
523 3767 570 3830 IV,
586 3768 609 3819 l.
628 3759 713 3832 λόγον
762 3769 857 3834 ptione
874 3769 1012 3834 Brugschr
1037 3765 1232 3819 Reisebericht.
1256 3779 1305 3814 aus

170 3834 301 3886 δαίσαντα
319 3867 354 3876 -
373 3828 468 3886 πόθεν
490 3833 572 3902 διαζῇ
594 3838 710 3922 Diogen.
762 3839 820 3904 Aeg
858 3843 879 3890 t.
899 3855 926 3903 p.
945 3839 992 3889 221
1014 3853 1069 3902 seq.

108 3905 112 3912 ’
170 3908 264 3958 Ladrt.
284 3907 351 3969 VII,
376 3905 435 3958 108.
461 3897 518 3956 άκδ
540 3904 628 3957 τίνων
649 3921 711 3958 aaa·
797 3923 835 3972 μη
856 3901 1303 3971 luoredvrcrrrriru]„Schaeien

171 3989 237 4034 στος
261 3973 405 4040 πορίζεται
429 3969 481 4026 τὸν
506 3973 571 4041 βίον
596 3977 710 4028 Diodor.
762 3977 885 4044 Append.
903 3977 938 4028 ad
955 3978 1032 4028 Bast.
1043 3976 1124 4042 epist.
1138 3975 1225 4025 critic.
1239 3989 1304 4039 pag.

171 4046 254 4099 Sicul.
280 4047 307 4110 Ι,
331 4048 374 4097 77.
395 4073 429 4084 -
452 4046 524 4110 Quid
547 4046 711 4112 Aegyptium
763 4039 1226 4111 2οιιιιιτιι11μὴδὲιιοιεῦντα.“
1260 4044 1304 4095 Gr.

171 4117 284 4168 moverit
295 4115 330 4166 ad
345 4116 519 4168 utilissimam
536 4115 607 4167 hanc
625 4116 711 4183 legem
763 4108 922 4167 ίδάνεσδαι
937 4108 1055 4183 δανάτῳ
1065 4114 1152 4180 (ceorla
1162 4111 1249 4178 plera)
1263 4113 1305 4163 di·

171 4184 321 4246 ierendam,
352 4186 431 4237 docet
454 4187 577 4238 Perizon.
602 4187 637 4237 ad
660 4187 712 4236 Ae-
762 4188 803 4238 xit
820 4187 934 4250 Noster,
956 4186 1002 4252 qui
1018 4185 1176 4252 ριιδτινααδι·
1192 4183 1304 4233 notione

169 4253 234 4305 lien.
252 4257 285 4308 V.
304 4257 340 4306 H.
358 4257 391 4319 X,
413 4257 444 4308 14
463 4254 504 4322 [ut
521 4256 628 4306 scilicet
647 4271 711 4322 quo·
761 4258 788 4308 h.
801 4272 828 4307 v.
840 4256 964 4306 adhibuit
982 4257 1005 4319 1,
1027 4256 1084 4314 104,
1103 4255 1220 4305 Homero
1238 4268 1304 4318 qno-

170 4323 274 4376 tidiauo
290 4325 365 4376 victu
390 4325 543 4390 quaerendo
568 4327 709 4392 occupatis
762 4341 813 4392 que
833 4325 889 4390 (Ili.
909 4327 965 4388 XI,
983 4324 1043 4376 528.
1056 4325 1120 4376 ae0d.
1139 4323 1188 4385 XI,
1208 4323 1250 4374 10.
1269 4321 1302 4383 V,

170 4394 253 4444 otium
271 4411 325 4445 non
343 4397 379 4446 sit
397 4396 432 4446 ad
445 4395 559 4446 insidias
571 4396 710 4462 tyrannidi
761 4397 813 4447 270
831 4395 900 4454 etc.)
914 4401 942 4446 et
962 4395 1083 4446 Hesiodo
1096 4392 1176 4459 (Opp.
1191 4393 1261 4443 etD.
1275 4393 1301 4440 7.

169 4462 333 4532 struendas].
371 4466 459 4530 Quam
474 4481 506 4518 cx
524 4466 649 4532 Aegypto
663 4481 709 4532 pe·
761 4466 787 4518 9.
802 4465 863 4519 263.
882 4465 959 4518 Sunt.
977 4464 1042 4532 324)
1060 4465 1244 4530 frequentata.
