3086 4952
248 257 311 320 272
679 259 947 320 HERODO'I'I

247 431 305 501 καὶ
323 431 407 520 eropi
429 433 484 500 nol
506 427 603 500 ὕδατι
625 432 680 500 καὶ
697 428 858 521 ίινίμοισι.
900 431 1046 502 τούτοισι
1072 433 1136 522 μὲν
1160 432 1203 523 δὴ
1228 435 1385 524 μούνοισι

247 534 372 605 θύουσι
399 531 565 623 ἀρχῆθεν,
593 535 861 626 ἐπιμεμαθήκασι
888 537 924 605 δὲ
950 537 1006 604 καὶ
1025 541 1065 626 τῇ
1087 532 1241 626 Οὐρανίῃ
1268 539 1382 626 θύειν,

248 638 338 728 παρά
352 665 387 708 τε
398 635 583 728 Ἀσσυρίων
594 639 761 729 μαθόντες
774 641 829 710 καὶ
840 637 1016 730 Ἀραβίων.
1042 643 1199 710 ιιαλίονσι
1214 643 1251 711 δὲ
1262 639 1382 712 Ἀσσύ-

247 841 319 892 citur
335 843 439 904 Yacna:
459 856 570 906 aquam,
589 842 713 905 arbores,
733 845 785 891 ter·
836 847 1009 906 gregataram
1027 841 1143 907 indeque
1159 857 1208 907 per
1226 843 1324 893 imbres
1338 844 1384 895 de-

248 927 314 974 rata,
327 910 440 972 coelum
452 915 573 974 ventum,
588 916 671 975 astra,
685 911 785 974 lunam,
835 911 973 976 lapsarum
987 912 1022 961 ad
1037 917 1137 962 terram
1155 913 1382 978 foecundundam,

248 981 332 1032 solem
350 997 382 1031 ac
395 981 511 1046 denique
522 980 608 1032 lucem
627 981 699 1032 haud
712 997 787 1032 crea·
837 997 906 1047 quae
924 981 987 1030 inde
1005 983 1109 1032 semina
1125 985 1205 1047 quasi
1221 985 1313 1048 capiat
1325 1001 1382 1033 om-

247 1055 312 1101 tam.
342 1051 420 1114 Quod
438 1067 502 1100 vero
513 1051 613 1102 Noster
625 1053 723 1102 Persas
736 1051 786 1102 sub
837 1053 911 1102 nium
933 1067 1022 1102 rerum
1044 1057 1071 1101 et
1090 1053 1270 1114 incrementa;
1294 1054 1329 1104 ci.
1351 1070 1381 1119 p.

247 1119 323 1170 coelo
347 1121 468 1186 adeoque
495 1121 523 1170 iu
546 1122 683 1172 montibus
708 1136 787 1172 sacra
839 1123 889 1172 105
907 1136 965 1186 seq.
1001 1123 1091 1186 Atque
1108 1122 1179 1174 idem
1199 1123 1290 1186 addit,
1308 1123 1380 1174 hanc

248 1191 338 1240 lacere
355 1191 462 1254 scribit,
483 1191 511 1240 id
526 1206 586 1240 cum
604 1191 679 1242 libris
693 1191 789 1241 chdi·
838 1192 930 1254 deam,
960 1192 1036 1241 varie
1058 1191 1159 1242 cultam
1182 1193 1311 1258 varieque
1333 1209 1381 1243 no—

246 1261 296 1324 cis,
311 1261 500 1326 quidicuntur,
515 1267 542 1310 et
552 1262 639 1326 ipsum
651 1262 786 1312 convenit.

285 1327 394 1380 θνόιισι
414 1321 556 1396 ἀρχῆθεν]
586 1331 717 1381 Voculam
739 1322 788 1392 ἆρ-

246 1397 339 1466 χήθεν
357 1400 497 1450 Herodoto
516 1405 598 1466 atque
612 1401 724 1451 lenibus
742 1399 788 1449 ad-

246 1469 343 1520 scribit
377 1470 576 1521 Grammaticus
611 1471 641 1520 iu
670 1469 787 1520 Beklmri

247 1538 368 1590 Anccdd.
390 1541 412 1590 1.
437 1555 463 1604 p.
483 1541 544 1604 450,
562 1541 589 1590 4.
620 1540 699 1604 Apud
718 1540 787 1589 Atti·

247 1624 294 1659 cos
312 1608 396 1672 enim,
416 1615 529 1674 excepto
547 1609 695 1674 Aeschylo,
714 1609 787 1659 iuve-

247 1679 301 1728 niri
324 1693 383 1728 eam
400 1683 492 1744 negat.
528 1679 597 1729 Add.
618 1679 785 1730 Bachmann.

247 1749 395 1800 Aaecdott.
413 1749 436 1798 1.
456 1765 482 1814 p.
496 1749 560 1811 140,
578 1749 621 1800 21.

279 1815 410 1868 καλέουσι
427 1812 458 1868 dl
473 1809 611 1883 Ἀσσύριοι
623 1809 675 1883 τὴν
687 1809 785 1882 Ἀφρο-

245 1885 329 1952 δίτην
347 1919 382 1928 -
400 1885 526 1952 Μίτραν]
548 1889 638 1938 Locus
656 1903 786 1938 memora·

245 1957 309 2008 bilis
322 1957 487 2022 multumque
505 1963 630 2010 vexatus.
654 1959 710 2010 Nos
725 1973 785 2023 pro·

245 2027 398 2078 dciscamur
423 2043 456 2077 ex
479 2028 526 2088 iis,
555 2043 638 2094 quae,
662 2032 693 2078 ut
716 2043 787 2078 sum·

245 2111 315 2146 mom
328 2097 396 2160 loci,
415 2097 506 2162 posuit
517 2097 612 2148 Oreus.
625 2099 653 2148 in
663 2097 783 2163 Symbol.

245 2165 269 2216 1.
289 2183 315 2232 p.
331 2169 381 2217 227
398 2181 472 2232 seqq.
490 2167 539 2218 231
558 2183 633 2234 seqq.
652 2167 715 2220 coll.
734 2167 784 2218 Ch.

245 2235 347 2286 Walz.:
365 2238 406 2286 De
418 2237 527 2286 Nemesi
539 2238 704 2288 Graecorum
718 2254 745 2303 p.
757 2240 782 2288 7.

246 2305 403 2372 Complures
421 2307 491 2356 onim
512 2313 603 2358 monet
621 2308 701 2358 Asiae
721 2323 784 2372 geu-

244 2379 287 2424 tes
305 2391 387 2426 unum
410 2375 534 2442 idemque
552 2382 667 2427 naturae
688 2377 784 2442 princi·

244 2445 317 2510 pium
345 2445 488 2496 femineum
515 2445 650 2511 (naturam
674 2451 784 2497 natura-

244 2519 300 2564 tam
332 2515 378 2564 ulii
410 2515 521 2581 dicunt)
553 2518 635 2566 variis
666 2515 783 2566 coluisse

244 2585 459 2649 cognominibus,
471 2587 555 2648 itaut,
566 2601 634 2652 quae
642 2586 783 2636 aliiscsset

243 2655 336 2704 Venus
355 2655 470 2720 Urania,
491 2655 584 2706 eadem
604 2656 665 2706 eliis
684 2656 783 2707 dicere·

244 2727 289 2774 tur
303 2723 425 2790 Mylitts,
440 2725 500 2776 aliis
513 2725 612 2788 Alitta,
628 2727 718 2776 Persis
731 2725 783 2776 Mi-

243 2801 296 2845 tro.
316 2795 445 2858 Quamvis
458 2796 527 2846 enim
538 2796 656 2858 nomina,
671 2795 782 2858 formae,

243 2863 377 2916 attributa
399 2864 477 2916 huius
504 2866 621 2916 numinis
639 2866 717 2916 varia
737 2881 783 2916 ve·

243 2935 298 2986 rias
313 2935 391 3000 ,apud
416 2939 510 3000 gentes
534 2937 601 2999 sint,
626 2935 781 3000 primariam

243 3009 334 3054 tamen
351 3005 469 3056 numinis
492 3007 628 3056 notionem
648 3021 680 3057 ac
699 3006 781 3072 signi·

243 3075 398 3124 ficationem
417 3075 527 3126 subesse
547 3076 659 3127 eandem
683 3074 782 3126 intelli-

243 3145 341 3208 gimus.
380 3145 455 3206 Quae
478 3145 538 3210 ipsa
560 3161 620 3195 curn
641 3144 675 3195 ad
694 3145 781 3195 coele-

242 3217 299 3264 stes
326 3217 352 3262 et
375 3213 495 3264 sidereas
520 3216 639 3265 rationes
667 3215 780 3266 multum

242 3283 391 3416 utilit
411 3288 488 3404 :ti
511 3285 668 3420 curtili
687 3285 780 3420 1115

242 3423 415 3474 coniunctam
425 3424 602 3475 foecundatae
619 3428 711 3474 ettum
725 3424 780 3474 loe·

241 3493 387 3544 crrndautis
410 3495 518 3556 Lunae,
547 3509 597 3544 nec
620 3509 674 3543 non
696 3493 778 3543 humi-

241 3563 306 3624 dae,
331 3563 520 3628 concipientis,
545 3563 649 3614 fructus
674 3563 776 3613 edentis

240 3632 358 3684 Telluris
368 3633 456 3683 ideam
464 3633 584 3698 exprimi.
597 3632 694 3683 Roetb.
704 3646 775 3692 vero,

239 3704 296 3766 ubi,
313 3703 401 3768 qualis
413 3703 495 3752 luerit
508 3717 626 3754 summus
644 3700 689 3750 ille
701 3700 775 3761 deus,

239 3787 318 3838 quem
331 3772 404 3822 lovis
416 3773 523 3824 nomine
533 3770 703 3831 declararint,
715 3769 777 3819 edo·

239 3841 310 3902 cuit,
333 3842 483 3906 proximum
505 3842 539 3891 ab
563 3841 609 3890 illo
632 3838 720 3889 locum
738 3843 776 3888 te·

239 3909 331 3958 unisse
353 3908 413 3959 vult
435 3910 589 3961 muliebrem
613 3909 704 3970 deam,
728 3923 776 3972 per

238 3977 329 4027 varim
353 3977 435 4028 Asiae
457 3985 551 4042 gentes
575 3978 674 4029 cultam
700 3976 775 4026 habi·

238 4049 348 4110 tamque
366 4051 504 4110 parentem
521 4048 606 4098 omnis
625 4046 776 4112 generatio-

238 4116 280 4165 nis
305 4119 332 4164 et
354 4117 548 4180 procreationis
573 4117 712 4181 omnisque
737 4115 776 4164 ia·

238 4185 367 4234 crementi
376 4184 402 4233 in
412 4184 491 4234 rebus
498 4185 681 4236 terrestribus:
694 4200 775 4250 quam

237 4253 349 4304 candem
362 4253 446 4318 repeti
455 4253 514 4304 vult
527 4255 678 4306 exactione
693 4269 776 4320 aqua·

236 4335 295 4374 rurn
315 4319 471 4374 coelestium
488 4323 516 4374 iu
531 4321 606 4376 coelo
620 4322 699 4389 qnasi
712 4337 775 4374 con·

839 1262 969 1310 minatam
986 1277 1034 1325 per
1058 1262 1149 1312 varias
1172 1262 1254 1312 Asiae
1273 1267 1379 1327 gentes,

839 1332 911 1395 apud
923 1331 1041 1380 Arianae
1059 1333 1150 1396 stirpis
1163 1337 1257 1396 gentes
1271 1339 1380 1396 praeter

839 1399 990 1465 simplicem
1006 1415 1095 1466 aquae
1108 1400 1315 1466 appellationem
1334 1418 1378 1452 co-

838 1486 954 1535 gnomen
972 1470 1101 1521 habuisse
1120 1472 1226 1523 Mitroe.
1263 1473 1304 1522 De
1324 1487 1378 1538 quo

838 1541 945 1590 nomine
964 1545 1027 1590 ante
1051 1542 1141 1592 omnia
1158 1540 1202 1592 hic
1220 1542 1376 1604 videndum,

838 1610 910 1674 quod
930 1610 1038 1670 ,Micam
1056 1611 1133 1661 deam
1157 1611 1257 1661 diserte
1277 1612 1377 1662 Noster

837 1679 863 1728 b.
883 1679 901 1730 l.
921 1680 1057 1743 nominat,
1076 1697 1137 1732 cum
1154 1681 1237 1746 vulgo
1257 1681 1376 1732 Mithram

837 1750 928 1800 norint
945 1751 1015 1800 deum
1032 1751 1199 1816 eundemque
1215 1749 1296 1802 Solem
1315 1752 1374 1816 ipso

837 1820 1003 1870 assentiente
1019 1820 1168 1882 Strabone,
1188 1821 1234 1886 qui
1250 1821 1269 1873 l.
1283 1821 1302 1872 l.
1321 1822 1376 1870 He·

837 1889 950 1940 rodotea
966 1890 1114 1954 respiciens
1133 1891 1257 1955 scripsit:
1276 1889 1374 1955 τιμαῖσι

836 1953 868 2008 dt
886 1955 933 2008 aul
945 1947 1037 2024 ἥλιον,
1054 1947 1091 2009 dv
1107 1958 1226 2010 καλοῦσι
1238 1959 1372 2024 Μίθρην,

835 2023 884 2077 καὶ
903 2021 1024 2094 σελήνην
1041 2044 1066 2078 ιι.
1084 2045 1106 2078 τ.
1122 2028 1145 2080 l.
1173 2031 1276 2094 Quare,
1294 2029 1374 2092 utlit,

834 2098 976 2150 lectionem
993 2099 1080 2163 ipsam
1098 2100 1175 2149 vario
1189 2101 1268 2151 modo
1288 2105 1374 2150 tenta-

835 2175 909 2232 runt,
928 2183 1010 2234 quam
1027 2184 1122 2218 sanam
1140 2174 1168 2220 ct
1185 2171 1296 2234 probam
1315 2185 1374 2220 esse

834 2239 911 2289 nobis
930 2239 1065 2303 persuasit
1082 2239 1289 2304 Wesselingius,
1307 2254 1372 2290 usus

833 2309 978 2373 praecipue
991 2309 1125 2358 Ambrosii
1138 2309 1292 2358 testimonio
1310 2323 1373 2356 con·

834 2383 877 2428 tra
895 2378 1048 2444 Symmach.
1066 2379 1104 2428 II.
1123 2394 1150 2442 p.
1165 2379 1225 2437 840,
1244 2377 1290 2426 ubi
1303 2376 1369 2426 baec

832 2448 970 2513 leguntur:
991 2447 1158 2512 „Coelestem
1169 2446 1237 2506 Asri,
1250 2445 1368 2494 Μίίιναιιι

833 2519 946 2580 Persae,
970 2517 1088 2582 plerique
1111 2515 1240 2564 Venerem
1266 2513 1365 2572 colunt,

833 2604 881 2653 pro
905 2588 1063 2638 diversitate
1084 2585 1214 2646 nominis,
1244 2597 1297 2632 non
1318 2595 1365 2644 pro

833 2657 950 2708 numinis
974 2655 1136 2706 varietate.‘¹
1171 2653 1301 2704 Nolumus
1319 2651 1367 2696 im·

833 2728 932 2778 morari
956 2727 983 2775 in
1001 2725 1135 2790 scriptura
1151 2723 1285 2780 Mithram,
1309 2718 1367 2768 sive

833 2796 969 2848 Ambrosii
983 2795 1068 2860 ipsius
1085 2793 1206 2844 incuriae
1216 2791 1272 2840 sive
1288 2787 1368 2837 libra-

833 2867 933 2916 riomm
945 2865 1086 2916 socordiae
1102 2863 1193 2913 illusit
1210 2857 1365 2917 tribuenda3

831 2952 888 2986 rem
905 2935 992 3000 ipsam
1009 2933 1117 2999 egregie
1134 2927 1292 2980 confirmant
1306 2928 1367 2976 Am-

831 3006 915 3056 brosii
932 3005 1029 3067 verba,
1054 3003 1100 3066 qni
1117 2997 1188 3048 baud
1205 2997 1262 3046 scio
1281 3013 1316 3046 an
1334 3012 1367 3046 cx

830 3077 889 3140 ipso
915 3074 1053 3125 Herodoto
1084 3071 1151 3117 haec
1183 3065 1366 3132 descripserit.

830 3145 934 3196 Eodem
953 3140 1066 3194 nominis
1087 3137 1219 3187 rationem
1243 3141 1367 3202 spectare

830 3214 938 3274 volunt,
970 3211 993 3260 si
1021 3206 1130 3274 quidem
1156 3211 1266 3271 etymon
1293 3206 1367 3257 illius

830 3284 970 3350 proferunt
980 3278 1042 3326 oritr
1055 3291 1078 3328 s.
1090 3275 1169 3338 midir,
1183 3277 1201 3325 i.
1216 3293 1240 3326 e.
1251 3291 1367 3338 maerere,

829 3355 899 3414 sive,
920 3354 949 3399 ut
966 3347 1026 3398 aliis
1045 3347 1148 3412 placet,
1164 3347 1248 3396 solem.
1286 3346 1365 3396 Conl.

827 3422 907 3486 Hyde
925 3419 959 3468 de
977 3416 1053 3481 relig.
1072 3416 1148 3466 Pers.
1168 3431 1195 3480 p.
1217 3413 1275 3466 129.
1306 3413 1366 3478 Syl-

827 3495 917 3541 vestre
939 3487 972 3537 de
995 3486 1067 3550 Sacy
1091 3485 1126 3534 ad
1149 3485 1190 3535 St.
1212 3486 1292 3536 Croix
1314 3485 1365 3534 Re-

827 3559 932 3610 cberch.
952 3571 999 3605 sur
1017 3555 1056 3604 les
1074 3552 1207 3618 mysteres
1233 3556 1266 3606 de
1282 3569 1366 3619 paga-

826 3629 896 3679 nism
916 3627 955 3677 11.
975 3641 1001 3689 p.
1020 3623 1080 3673 121.
1117 3623 1170 3673 Sed
1188 3625 1260 3675 idem
1277 3622 1366 3675 Roeth

828 3699 858 3764 (l.
873 3697 891 3748 1.
909 3713 936 3760 p.
949 3694 1000 3744 loo
1017 3707 1073 3757 seq.
1087 3695 1115 3741 ct
1126 3697 1195 3742 nott.
1211 3711 1237 3758 p.
1249 3693 1280 3744 31
1295 3691 1364 3758 seq.)

826 3764 967 3818 contendit
979 3761 1049 3812 hanc
1065 3776 1159 3812 vocem
1178 3761 1367 3826 (Mithra—Mi-

826 3835 879 3900 tro)
893 3849 946 3884 non
960 3847 1021 3882 esse
1032 3833 1121 3897 ipsum
1137 3830 1181 3881 dei
1199 3829 1302 3881 deaeve
1320 3848 1369 3882 no·

826 3919 899 3966 mon,
917 3903 965 3953 sed
981 3916 1145 3967 cognomen,
1162 3900 1235 3965 quod
1243 3900 1367 3966 pluribus

827 3975 879 4024 diis
898 3970 1024 4024 beneficis
1043 3970 1127 4022 tribui
1146 3971 1248 4036 possit,
1268 3971 1368 4021 eSan-

826 4044 945 4093 scritaua
958 4041 1052 4106 lingua
1064 4041 1104 4090 ita
1117 4039 1319 4106 explicandum,
1336 4045 1368 4090 ut

826 4109 1366 4176 amicametgratemdeam(„dicFreund-

825 4183 900 4244 licite,
919 4179 1034 4246 Horam)
1050 4195 1137 4245 aeque
1154 4184 1237 4244 atque
1251 4179 1367 4228 amicum

826 4257 854 4302 et
870 4249 1019 4302 beneficum
1033 4249 1112 4300 deum
1130 4247 1264 4300 declaret:
1282 4263 1367 4311 quare

825 4319 864 4374 nil
882 4321 977 4372 mirum
995 4323 1022 4370 et
1041 4317 1132 4370 Solem
1148 4319 1189 4370 ita
1203 4315 1257 4368 dici
1275 4321 1303 4366 et
1313 4317 1367 4366 Lu-
