3020 4930
636 290 907 356 EXOURSUS
931 291 980 354 IX

604 545 923 623 EXOURSUS
953 547 1012 622 IX

461 677 564 784 aa>¹
593 679 947 748 Hanunea.
991 680 1044 764 11,
1091 683 1160 746 ιιι.

657 910 707 967 De
736 909 951 968 Sesostrida.

326 1025 368 1080 De
386 1027 531 1084 Sesostride
552 1045 623 1098 quae
642 1037 765 1082 veterum
786 1029 951 1098 scriptorum
968 1047 983 1082 e
998 1029 1067 1082 locis
1082 1035 1165 1099 atque
1187 1019 1378 1080 virorum'do-

242 1119 345 1165 ctorum
370 1113 606 1183 disputationibus
627 1120 770 1183 constant,
805 1115 901 1168 retulit
921 1115 1010 1168 Beck:
1033 1113 1147 1182 Aligem.
1162 1111 1334 1180 Weltgesch.
1352 1111 1375 1164 l.

240 1216 269 1267 p.
286 1201 338 1256 699
354 1197 415 1250 coll.
429 1199 556 1252 Haerent
573 1197 656 1251 ldeen
673 1199 744 1268 ll,2.
760 1199 996 1268 p.316etzoega
1013 1199 1047 1251 de
1063 1197 1189 1252 obelisco.
1208 1216 1236 1267 p·
1248 1201 1310 1262 577,
1327 1197 1377 1268 qui

241 1281 312 1334 idem
327 1289 449 1336 veterum
466 1283 540 1336 locos
556 1285 589 1336 de
605 1283 655 1336 hoc
670 1302 735 1353 rege
750 1283 878 1336 collectos
892 1284 1009 1337 exhibet.
1044 1285 1122 1337 lotor
1140 1300 1211 1354 quos
1227 1281 1376 1352 primarius

241 1375 285 1420 est
299 1364 414 1420 Diodori
429 1367 506 1421 locus
521 1369 544 1436 Ι,
560 1373 594 1427 53
606 1387 695 1438 seqq.,
711 1369 759 1439 qui
776 1370 810 1422 dc
828 1369 879 1421 hoc
897 1387 972 1438 rege,
997 1387 1090 1422 omnes
1107 1368 1214 1438 priores
1230 1384 1313 1434 reges
1331 1385 1375 1418 re-

240 1453 294 1504 bus
321 1453 408 1521 gestie
438 1453 520 1522 longe
544 1459 708 1524 superante,
736 1471 796 1506 cum
820 1454 931 1508 diversa
952 1461 1066 1507 narrent
1092 1459 1120 1506 et
1141 1452 1242 1504 Graeci
1267 1457 1295 1502 et
1320 1451 1376 1521 ipsi

242 1537 387 1607 Aegyptii,
412 1557 443 1590 se
458 1538 654 1591 verisimillima
673 1545 774 1590 etcum
789 1539 839 1606 iis,
864 1539 979 1608 quaein
997 1539 1123 1608 Aegypto
1139 1536 1297 1606 supersint,
1319 1555 1376 1589 mo-

242 1622 379 1674 numentis
401 1623 513 1676 maxime
530 1623 712 1692 congruentia
733 1629 923 1676 enarraturum
945 1642 1009 1677 esse
1030 1625 1178 1693 profitetur
1196 1639 1228 1674 ac
1242 1621 1376 1688 deinceps

222 1715 224 1721 '
242 1703 368 1775 singulas
384 1726 429 1760 res
447 1709 481 1760 ab
497 1709 547 1760 hoc
562 1726 627 1776 rege
643 1712 753 1776 gestas,
778 1708 968 1778 expeditiones
984 1707 1111 1775 bellicas,
1134 1707 1237 1778 quibus
1251 1705 1297 1758 ille
1313 1713 1377 1757 tan-

241 1799 337 1860 topere
353 1792 490 1860 inclaruit,
508 1793 570 1861 alia,
586 1801 712 1844 accurate
727 1793 915 1866 persequitur.
946 1792 1218 1861 AttigitSesostridis
1234 1809 1289 1856 res,
1304 1791 1377 1842 alios

242 1883 274 1928 ut
295 1871 435 1930 taceam'a
456 1877 642 1946 Wesselingio
667 1877 701 1929 ad
723 1877 838 1930 Diodori
862 1876 880 1929 l.
905 1876 1046 1946 laudatos,
1073 1875 1236 1947 Apollonius
1264 1892 1379 1945 qnoque

241 1960 330 2013 Rhod.
348 1961 453 2030 Argon.
470 1962 518 2030 lv,
533 1967 598 2030 272,
625 1963 671 2014 ubi
694 1961 749 2015 vid.
766 1962 893 2029 Scholia,
921 1963 1067 2032 inquibus
1087 1969 1116 2015 et
1131 1961 1327 2030 Theopompus
1348 1967 1380 2012 et

242 2045 427 2100 Dicaearchus
442 2047 604 2116 laudantur,
626 2047 674 2117 qui
690 2047 724 2099 de
739 2046 897 2100 Sesostride
913 2055 940 2100 et
961 2047 1015 2116 ipsi
1032 2053 1227 2116 exposuerant.
1261 2045 1379 2097 Accedit

242 2128 358 2183 Tacitus
380 2133 452 2185 Ann.
476 2133 519 2200 11,
541 2137 576 2192 60
605 2150 636 2186 ea
657 2133 798 2200 referens,
830 2149 900 2202 quae
925 2133 1088 2185 Germanico
1111 2129 1222 2184 Thebas
1242 2129 1378 2182 invisenti

242 2224 409 2269 enarrarunt
423 2217 581 2270 sacerdotes
596 2215 726 2286 Aegyptii
746 2215 1024 2286 interpretamenta,
1047 2233 1118 2287 quae
1139 2216 1213 2268 notis
1234 2213 1378 2282 hierogly-

244 2301 331 2369 phicis
356 2301 385 2354 in
409 2309 641 2354 monumentorum
662 2300 814 2371 parietibus
838 2300 872 2352 de
894 2301 944 2353 hoo
959 2319 1025 2370 rege
1041 2302 1142 2354 tradita
1162 2295 1291 2366 erant*).
1333 2298 1378 2352 Ad

243 2385 437 2440 Manethonem
459 2386 482 2439 si
503 2387 670 2452 accedimus,
696 2392 918 2438 commemoratur
939 2387 1035 2456 utique
1055 2385 1083 2438 in
1106 2385 1253 2455 Excerptis
1276 2383 1377 2436 Mane-

244 2470 384 2522 tironianis
413 2471 485 2540 apud
509 2469 664 2538 Syncellum
692 2491 720 2540 p.
744 2475 779 2530 60
803 2457 864 2524 sive
884 2489 910 2540 p.
935 2477 986 2530 112
1015 2471 1057 2524 ed.
1083 2471 1173 2523 Bonn.
1198 2469 1379 2522 duodecimae

243 2553 441 2622 Aegyptiorum
463 2556 608 2623 dynastiae
630 2573 693 2622 rer,
720 2555 826 2608 nomine
842 2557 989 2622 Sesostris,
1001 2555 1048 2625 qui
1067 2573 1171 2608 omnem
1185 2554 1275 2607 Asiam
1298 2553 1379 2608 iteru-

244 2655 299 2707 que
315 2637 445 2708 Europae
465 2646 558 2708 partes
580 2640 725 2708 subegisse
740 2641 823 2710 inque
839 2639 921 2692 terris
940 2639 1063 2692 subactis
1086 2641 1130 2692 sui
1151 2639 1256 2709 imperii
1277 2656 1379 2692 monu-

242 2727 333 2776 menta
355 2724 534 2777 constituisse
555 2723 656 2778 dicitur·
676 2743 722 2792 ea,
750 2723 841 2794 qualia
864 2725 897 2776 ab
920 2724 1061 2778 Herodoto
1088 2741 1198 2794 quoque
1220 2723 1378 2776 Sesostridi

244 2807 331 2860 tribui
356 2807 480 2877 legimns.
521 2809 619 2881 Neque
639 2827 705 2863 vero
732 2811 804 2862 hunc
825 2809 1000 2862 duodecimae
1028 2809 1172 2878 dynastiae
1193 2827 1298 2877 regem,
1326 2807 1377 2880 qui

164 2907 166 2911 ·
243 2893 317 2961 apud
338 2893 530 2948 Manethonem
555 2895 650 2964 utique
670 2894 822 2964 Sesostris,
853 2894 902 2946 sed
921 2895 1025 2947 rectius
1048 2912 1080 2946 ac
1102 2911 1168 2948 vero
1193 2910 1243 2946 suo
1266 2893 1379 2946 nomine

244 2981 397 3032 Sesurtcscn
413 2998 436 3032 s.
452 2981 593 3034 Sesortosis
608 2982 638 3032 11
654 2979 821 3050 appellatur,
846 2977 899 3031 huc
914 2979 1013 3032 reterri
1032 2997 1116 3050 posse
1137 2995 1210 3031 nunc
1230 2979 1288 3031 sere
1309 2996 1378 3030 con·

244 3062 322 3114 venit
335 3063 409 3116 inter
424 3065 500 3117 viros
515 3059 681 3132 doctos**),
705 3064 752 3134 qui
767 3063 839 3116 hunc
854 3063 1037 3118 Sesostridem
1053 3051 1296 3117 Manethonianum
1312 3064 1377 3116 sive

244 3143 460 3216 Syncellianum,
481 3149 508 3202 in
526 3167 604 3220 quem
618 3147 776 3201 Herodotea
790 3147 858 3200 male
872 3147 1006 3202 translata
1021 3153 1088 3202 sunt
1109 3166 1125 3201 a
1140 3146 1251 3200 librario
1274 3148 1378 3218 opinor

245 3231 305 3283 sive
327 3249 343 3284 a
363 3233 537 3304 compilatore
559 3239 587 3287 et
608 3233 802 3286 concinnators
823 3233 917 3288 harum
940 3234 1143 3302 dynastiarum,
1165 3232 1198 3286 ab
1213 3231 1377 3286 Herodoteo

240 3354 451 3367 *—

313 3413 340 3480 *)
364 3417 453 3468 Verba
476 3418 569 3468 Taciti
587 3418 627 3466 ita
652 3433 680 3468 se
698 3416 813 3468 habent:
841 3433 925 3481 „mox
946 3416 1146 3483 (Germanicus)
1166 3417 1233 3467 visit
1250 3421 1380 3468 veterum

245 3481 400 3536 Thebarum
419 3502 518 3553 magua
536 3487 668 3551 vestigia:
687 3491 715 3537 ot
733 3487 880 3538 manebant
899 3488 1012 3538 structis
1031 3487 1147 3538 molibus
1165 3486 1275 3537 litterae
1284 3487 1378 3552 Aegy-

244 3556 320 3619 ptiae
338 3557 454 3620 priorem
473 3557 641 3621 opulentiam
665 3555 836 3621 complexam
863 3559 1009 3622 iussusque
1036 3575 1050 3609 e
1070 3557 1221 3608 senioribus
1245 3557 1376 3607 sacerdo-

244 3629 303 3674 tum
314 3627 434 3690 patrium
447 3631 603 3678 sermonem
613 3626 788 3693 interpretari
806 3627 959 3678 referebat:
980 3664 997 3691 „
1006 3627 1171 3690 „habitasse
1182 3627 1318 3692 qnondam
1331 3641 1375 3676 se-

244 3695 388 3760 ptingenta
406 3697 492 3747 millia
511 3702 603 3748 aetate
621 3697 750 3759 militari,
769 3701 851 3761 atque
870 3712 902 3748 eo
916 3711 976 3746 cum
994 3699 1117 3750 exercitu
1130 3712 1219 3762 regem
1232 3695 1376 3746 Rhamsen

243 3763 347 3831 Libya,
366 3767 525 3832 Aethiopia,
542 3767 684 3832 Medisque
702 3771 730 3818 et
746 3767 838 3818 Persis
854 3772 882 3816 ct
899 3767 1048 3818 Bactriano
1066 3783 1098 3818 ac
1116 3767 1218 3832 Scytha
1236 3768 1375 3830 potitum;

245 3850 367 3901 quasque
391 3841 479 3888 terras
505 3837 569 3900 Syri
586 3837 759 3902 Armeniique
783 3841 811 3887 et
835 3836 957 3901 contigui
976 3836 1154 3902 Cappadoces
1178 3835 1285 3899 colunt,
1308 3834 1376 3886 iude

243 3903 406 3972 Bithynum,
426 3905 488 3957 hinc
507 3907 620 3972 Lycium
639 3907 674 3956 ad
692 3922 765 3956 mare
784 3906 898 3972 imperio
916 3907 1090 3958 tenuisse.‘“‘

315 3977 515 4042 „Legebantur
533 3981 561 4028 et
579 3975 683 4026 indicta
704 3976 831 4041 gentibus
849 3976 968 4037 tributa,
993 3977 1098 4042 pondus
1122 3975 1228 4041 argenti
1252 3977 1279 4024 et
1300 3974 1377 4036 ariri,

244 4057 371 4097 numerus
398 4062 533 4097 armorum
558 4061 756 4111 equorumque,
781 4049 808 4094 ct
826 4046 898 4096 dona
917 4047 1042 4110 templis,
1067 4046 1132 4096 ebur
1157 4049 1238 4109 atque
1262 4043 1374 4104 odores,

244 4127 365 4180 quasque
383 4117 479 4182 copias
496 4117 627 4167 frumenti
644 4121 671 4167 et
690 4115 809 4164 omnium
827 4115 983 4167 utensilium
1000 4130 1122 4182 quaeque
1136 4115 1212 4164 natio
1231 4113 1375 4179 ponderet,

242 4179 317 4300 hqu
334 4185 423 4237 miuus
441 4186 599 4252 magnilica,
619 4201 699 4250 quam
717 4200 788 4235 utino
806 4186 835 4236 vi
852 4185 1017 4236 Parthorum
1035 4190 1084 4236 aut
1101 4184 1226 4250 potentia
1244 4183 1374 4233 Romana

241 4249 269 4301 iu
289 4255 396 4302 entur.“

311 4319 355 4384 **)
376 4321 453 4442 (ipnl'.
474 4323 684 4444 qnoqueBiroh:
704 4325 862 4379 Transactt.
884 4322 914 4373 ol
929 4322 975 4375 the
993 4325 1070 4390 royal
1087 4323 1192 4390 society
1210 4322 1373 4373 otLiterat.

241 4403 295 4440 acc.
315 4405 365 4441 ser.
430 4407 457 4457 p.
494 4393 535 4444 70.
