3020 4930
636 257 983 370 sufflmfflsffl

602 729 923 807 EXOURSUS
962 730 1022 804 HI

481 863 1138 948 nuuauou0u1‚m

733 1031 893 1042 ---——-—-—-¹

330 1145 465 1200 Herodoti
486 1146 573 1200 locum
595 1147 628 1200 de
649 1148 736 1216 Lydis
759 1149 787 1201 iu
810 1148 949 1201 Etruriam
973 1143 1106 1216 protectis
1126 1145 1236 1212 retulit,
1265 1143 1379 1197 laudato

246 1235 373 1299 auctore,
397 1231 552 1300 Dionysius
571 1225 845 1300 Halicarnassensis,
870 1233 983 1302 Autiqq.
1001 1231 1103 1282 Romm.
1122 1230 1151 1296 I,
1167 1235 1218 1298 27,
1243 1229 1311 1282 illud
1330 1231 1378 1282 ad-

246 1318 315 1370 dens
331 1321 404 1387 (cap.
419 1321 454 1375 28
467 1316 561 1386 init),
582 1317 681 1370 multos
702 1335 813 1389 quoque
828 1318 897 1371 alios
912 1317 1062 1386 scriptores
1084 1315 1152 1366 hanc
1168 1315 1202 1368 de
1215 1315 1378 1383 Tyrrheno-

246 1421 305 1456 rum
328 1401 435 1470 origiae
450 1402 614 1456 sententiam
633 1421 696 1456 esse
711 1411 823 1456 secutos
847 1419 951 1473 eosque
967 1403 1157 1475 discrepantes
1180 1400 1207 1451 iu
1228 1399 1379 1452 iudicando

246 1487 368 1540 coloniae
382 1486 451 1539 duce
466 1503 497 1538 ac
513 1491 642 1558 tempore.
673 1489 743 1541 Nam
758 1488 827 1541 alios
844 1488 942 1541 scribit
956 1487 1131 1554 Tyrrhenum
1146 1485 1275 1538 Herculis
1293 1485 1379 1537 tilium

246 1573 365 1639 dixisse,
388 1589 421 1624 ex
434 1569 565 1642 Omphale
580 1572 668 1642 Lydii
689 1581 852 1644 prognatum
866 1571 909 1640 *),
933 1573 981 1644 qui
997 1572 1025 1623 in
1041 1569 1145 1623 ltaliam
1167 1572 1308 1640 protectus
1325 1570 1379 1623 Pe-

245 1654 389 1726 lasgos'iia
405 1675 437 1709 ex
453 1657 583 1724 urbibus,
606 1675 676 1728 quas
691 1676 777 1728 supra
793 1658 914 1712 Tiberim
929 1656 1144 1728 septentrionem
1166 1672 1267 1708 versus
1280 1662 1380 1708 tenue·

246 1743 318 1810 rint,
333 1741 461 1808 eiecerit3
477 1741 546 1794 alios
560 1742 676 1813 Telephi
691 1744 775 1797 tilium
788 1761 903 1797 vocasse
916 1743 1107 1812 Tyrrhenum,
1124 1739 1171 1810 qui
1186 1747 1250 1810 post
1265 1741 1380 1794 Troiam

246 1833 351 1898 captam
373 1827 402 1879 iu
423 1826 528 1880 ltaliam
546 1828 698 1881 advenerit.
734 1829 846 1892 Quibus
866 1829 937 1882 idem
953 1827 1105 1894 Dionysius
1128 1825 1243 1894 gravius
1262 1827 1382 1895 opponit

246 1913 347 1966 Xauthi
368 1911 566 1981 testimonium,
590 1913 638 1984 qui
660 1913 793 1984 scriptor,
823 1914 920 1982 Lydus
943 1930 1046 1981 genere
1072 1910 1190 1981 indeque
1210 1910 1325 1964 maxima
1349 1921 1382 1964 ut

247 1998 358 2051 videtur
372 1997 426 2051 tide
441 1997 559 2067 dignus,
579 1997 646 2051 nihil
662 2016 778 2068 prorsus
794 1999 943 2070 quidquam
958 1999 992 2051 de
1007 1997 1056 2049 hac
1070 1996 1211 2064 Lydorum
1225 1995 1336 2048 colonia
1350 1997 1380 2050 in

247 2083 387 2138 Etruriam
413 2083 530 2135 deducta
554 2082 693 2151 retulerit,
725 2084 774 2137 sed
796 2084 876 2152 Atyis
903 2083 988 2150 lilios,
1017 2081 1125 2150 Lydum
1147 2087 1174 2133 et
1196 2081 1380 2148 Torrhebum,

247 2168 336 2238 patrio
357 2186 443 2238 regno
467 2167 556 2220 diviso
580 2173 724 2239 utrumque
748 2169 777 2221 in
799 2167 865 2221 Asia
885 2167 1051 2222 remansisse
1072 2167 1252 2220 enarraverit.
1294 2166 1383 2219 Addit

248 2270 324 2306 suam
339 2253 428 2323 ipsius
443 2253 605 2306 sententiam
617 2253 771 2321 Dionysius
788 2255 862 2325 (cap.
876 2258 910 2314 29
922 2253 1012 2324 seq.),
1035 2269 1090 2322 qua
1104 2251 1283 2322 Tyrrhenos,
1308 2269 1382 2322 quos

247 2356 264 2389 a
278 2337 404 2407 Pelasgis
426 2337 552 2390 diversos
571 2357 634 2390 esse
657 2338 731 2406 vult,
753 2339 893 2407 Lydorum
914 2338 1026 2390 colonos
1047 2337 1137 2390 fuisse
1152 2343 1297 2407 pernegat.
1336 2331 1382 2392 013

246 2418 296 2491 ple
317 2416 368 2492 δὴ,
392 2423 421 2474 Ιιι
443 2421 567 2474 clausula
588 2423 685 2477 scribit
707 2441 766 2493 cap.
783 2423 907 2490 30iuit.,
932 2416 996 2477 οὐδὲ
1012 2423 1114 2476 Λυδῶν
1132 2415 1198 2483 amis
1215 2415 1382 2493 Τυρᾆνοῦς

246 2500 382 2568 ἀποίκους
403 2503 481 2576 οἶμαι
500 2503 640 2576 γενέσθαι.
675 2509 754 2572 Quae
779 2508 848 2562 enim
872 2508 984 2577 singula
1005 2508 1074 2560 hano
1094 2507 1123 2559 in
1146 2525 1202 2559 rem
1224 2505 1315 2559 attulit
1336 2526 1382 2561 ar-

247 2597 375 2660 gumenta
394 2593 427 2644 de
443 2592 553 2645 diversa
567 2593 676 2662 lingua,
694 2593 813 2646 diversis
828 2593 980 2662 institutis,
1005 2593 1141 2658 moribus,
1166 2593 1278 2644 deorum
1292 2592 1382 2658 cultu,

248 2677 309 2730 aliia
332 2681 434 2744 sumta,
456 2677 582 2746 longiora
601 2685 681 2747 aurit,
702 2696 783 2749 qaam
802 2696 873 2749 quae
894 2679 947 2731 huc
968 2683 1153 2748 apponantur.
1192 2677 1246 2729 Sed
1267 2677 1301 2729 ad
1322 2677 1381 2730 Ile-

247 2762 337 2816 rodoti
359 2761 560 2830 auctoritatem,
592 2765 686 2833 Lydos
709 2765 777 2817 duce
796 2764 943 2832 Tyrrheno
964 2763 992 2816 in
1016 2763 1157 2816 Etruriam
1176 2763 1288 2815 uenisse
1309 2762 1382 2824 scri-

247 2847 353 2916 bentis,
376 2848 481 2900 accedit
495 2847 635 2916 Timaeus,
656 2850 736 2902 cuius
751 2851 932 2918 fragmentum
947 2848 1070 2901 servavit
1083 2846 1248 2901 Tertullian.
1266 2847 1300 2900 de
1316 2865 1382 2917 spe-

248 2939 332 2986 ctaco.
354 2950 413 3002 cap.
438 2927 537 3000 5**);
570 2935 675 2987 accedit
695 2934 840 2987 Strabonis
861 2933 1059 3002 testimonium,
1088 2933 1137 3004 qui
1157 2932 1222 2985 haec
1245 2937 1275 2984 ut
1295 2931 1383 3000 vulgo

249 3023 360 3087 recepta
381 3009 434 3088 (ὅς
449 3019 531 3086 φασι)
549 3019 642 3087 prodit
664 3019 696 3087 V,
711 3024 730 3076 2
744 3037 771 3088 p.
787 3025 840 3080 219
863 3037 887 3072 s.
905 3023 966 3087 335,
994 3018 1016 3070 C
1039 3023 1066 3071 et
1087 3035 1114 3088 p.
1129 3023 1180 3076 221
1202 3035 1225 3070 a.
1245 3021 1298 3077 339
1319 3017 1383 3070 coll.

249 3101 389 3156 scholiast.
401 3102 472 3156 Plat.
489 3105 576 3173 p.207
588 3089 752 3156 edRuhulr.
789 3105 848 3157 Nec
866 3103 945 3157 aliter
958 3105 1017 3156 fere
1033 3102 1198 3156 Plutarchus
1212 3102 1240 3154 in
1260 3102 1380 3164 Quaest.

249 3188 350 3242 Itomm.
368 3201 395 3258 p'·
411 3190 463 3248 277
478 3188 512 3255 D,
527 3188 555 3240 in
572 3187 679 3242 Romuli
689 3173 746 3241 ¹vit.
763 3207 822 3260 cap.
838 3193 855 3246 2
873 3189 911 3241 in.
927 3195 960 3247 25
976 3189 1040 3256 lim,
1067 3193 1149 3259 atque
1170 3206 1184 3240 e
1198 3186 1384 3241 Romanorum

249 3273 430 3342 scriptoribus
447 3271 542 3326 Vellei.
559 3273 696 3327 Patercul.
719 3273 741 3342 I,
764 3283 789 3334 1.
813 3280 838 3340 §.
859 3279 885 3332 4.
915 3273 1049 3326 Horatius
1064 3274 1122 3326 Sat.
1139 3273 1161 3341 I,
1182 3277 1207 3339 6,
1224 3278 1249 3330 1.
1281 3272 1382 3341 Virgil.

250 3357 318 3410 Aen.
341 3357 383 3424 II,
405 3361 455 3417 781
479 3357 595 3429 aliisque
616 3358 698 3428 locis,
728 3377 799 3430 quos
819 3358 948 3426 Heynius
971 3357 1075 3411 iudicat
1094 3359 1122 3412 in
1144 3358 1262 3411 Excurs.
1282 3357 1326 3409 ΙΙΙ
1348 3357 1383 3410 ad

250 3442 311 3494 libr.
328 3442 403 3494 VIII.
424 3461 450 3511 p.
465 3447 533 3511 282,
552 3443 637 3496 Silius
656 3443 768 3497 Italicus
785 3445 832 3512 IV,
852 3447 904 3503 719
922 3443 984 3514 (ubi
1000 3443 1106 3497 consul.
1123 3441 1279 3512 interprr.).
1303 3442 1384 3508 VIII,

249 3533 310 3586 484.
341 3526 452 3598 Quippe
467 3531 565 3597 poetae
579 3528 673 3582 Latini
695 3529 766 3582 haud
782 3547 845 3583 raro
861 3530 954 3599 Lydios
971 3546 1018 3582 res
1043 3527 1181 3600 appellant
1198 3527 1384 3596 aprunam.

250 3611 348 3676 Quid?
373 3613 447 3682 quod
461 3612 586 3666 Sardium
606 3612 689 3682 legati
713 3631 802 3668 coram
825 3621 922 3668 senatu
947 3614 1069 3666 Romano
1093 3613 1230 3666 decretum
1249 3612 1382 3665 Etruriae

251 3697 418 3766 recitavere,
440 3715 495 3768 quo
513 3715 543 3751 se
560 3699 742 3752 Etruscorum
756 3700 978 3768 consanguineos
992 3717 1055 3752 esse
1072 3698 1264 3762 ostenderent,
1288 3697 1383 3750 eadem

252 3783 312 3835 lere
327 3783 354 3834 in
370 3782 485 3835 medium
500 3783 684 3854 proferentes,
700 3801 771 3855 quae
785 3785 858 3856 apud
871 3783 1041 3837 Herodotum
1056 3783 1203 3852 legantu13
1219 3781 1275 3834 vid.
1289 3783 1382 3836 Tacit.

252 3867 344 3921 annal.
357 3867 405 3932 IV,
418 3873 451 3927 55
461 3863 534 3936 Ψ).

319 4065 346 4130 *)
365 4066 445 4129 „Huc
461 4082 569 4135 quoque
583 4067 705 4120 referunt
723 4067 831 4120 clavam
846 4069 875 4119 in
886 4069 976 4120 numia
989 4065 1159 4133 Populoniae
1177 4065 1382 4131 antiquissimis

250 4137 436 4200 conspicuam,
455 4154 508 4203 qua
521 4138 665 4190 Herculem
684 4139 801 4189 indicari
818 4139 923 4191 voluat.
949 4137 1138 4189 Canthanzi:
1157 4135 1257 4203 Saggio
1271 4135 1301 4186 di
1312 4135 1381 4202 ling.

252 4205 359 4254 Etruso.
380 4209 400 4255 t.
421 4207 458 4258 11.
477 4223 504 4273 p.
524 4208 603 4260 101.“
639 4209 682 4259 Gr.

320 4273 365 4337 **)
391 4277 478 4336 „vid
499 4277 602 4328 Theod.
620 4278 707 4343 Ryok.
732 4278 760 4328 in
784 4277 894 4328 dissert.
923 4278 956 4328 do
979 4277 1074 4343 primis
1091 4275 1193 4328 Italiae
1216 4273 1322 4328 colonia
1346 4275 1385 4326 ad

251 4340 320 4392 calo.
340 4345 409 4393 nott.
428 4345 566 4397 Holstenii
585 4347 620 4398 ad
639 4347 769 4413 Stephon.
787 4349 854 4412 Byz.
876 4364 903 4413 p.
922 4347 1004 4400 423.“
1042 4346 1085 4399 Cr.

320 4409 381 4476 ***)
399 4413 522 4467 Pertinet
536 4416 588 4468 huo
607 4433 714 4486 quoque
732 4419 855 4471 Senecae
873 4417 952 4470 illud:
972 4415 1089 4484 ‚abacos
1102 4415 1167 4468 Asin
1179 4413 1228 4468 siti
1239 4415 1383 4469 nimime&
