3008 4924
215 190 276 252 756

644 181 911 246 HERODOTI

217 365 273 432 καὶ
293 357 498 448 ἀναδήσαντι
513 354 575 447 τὴν
598 353 743 448 πατριὴν
758 360 791 438 ἐς
814 359 1051 428 ἑκκαιδέκατον
1065 354 1168 441 θεὸν,
1191 357 1358 445 ἐποίησαν

219 471 252 536 ol
264 467 349 555 ίρὲες
367 468 427 532 τοῦ
445 460 545 548 Διός,
567 456 640 532 οίόυ
654 489 684 530 τι
700 463 756 530 καὶ
773 462 845 550 ἐμοὶ
861 457 902 530 06
920 459 1202 550 γενεηλογήσαντι
1224 462 1350 549 ἐμεωυ-

219 567 288 638 τόν.
325 563 545 653 ἐσαγαγόντες
567 569 600 646 ἐς
618 564 656 634 τὸ
677 566 825 654 μέγαρον
848 570 932 650 ἐσω,
955 563 1012 634 ἐὰν
1025 567 1126 653 μὲγα,
1152 566 1357 652 ἐξηρίθμεον

221 669 414 798 δεικνύντες
438 666 619 750 κολοσσούς
641 672 795 752 ξυλίνους
814 667 1010 754 τοσούτους,
1037 664 1137 747 ὅσους
1151 693 1215 756 περ
1237 665 1356 756 elaces

220 771 377 904 ἀρχιρεάς
397 770 461 894 γὰρ
482 776 618 853 ἕκαστος
639 769 791 841 αὐτόδι”
776 792 905 841 ισταται
923 772 1031 840 ἐπὶ
992 799 1049 859 της
1068 773 1196 840 ἑωυτου
1182 771 1341 858 ζόηςί
1307 797 1359 838 ε-

220 879 303 950 κόνα
329 879 467 947 ἑωυτοῦ.
503 865 773 964 ἀριθμέοντες
749 902 796 944 ων
814 876 876 943 Ικαὶ
902 875 1095 956 δεικνύντες
1117 877 1151 944 ci
1171 876 1257 964 ίρέες
1282 875 1361 962 ἐμοὶ

217 980 470 1054 ἀπεδείκνυσαν
491 985 595 1049 παῖδα
617 977 739 1068 πατρὸς
754 980 891 1048 ἑωυτῶν
910 981 1051 1049 ἕκαστον
1072 977 1188 1064 ἐόντα,
1216 980 1252 1046 ἐκ
1278 981 1409 1050 coditi

218 1193 267 1235 tum
294 1199 316 1236 s.
341 1188 467 1232 auctorem
497 1179 630 1230 decimum
655 1185 760 1230 sextum

219 1271 236 1306 a
254 1269 284 1304 se
301 1254 360 1318 ipso
378 1255 525 1326 retrorsum
536 1249 646 1300 ductum
652 1251 762 1330 referre

216 1326 373 1384 instituerat,
405 1319 452 1370 ubi
481 1312 533 1383 τὴν
558 1311 682 1383 πατριὴν
707 1335 761 1370 nou

219 1393 273 1444 alio
292 1405 373 1442 sensu
391 1389 460 1439 dixit
477 1395 559 1454 atque
575 1387 647 1438 inira
661 1389 698 1454 ΙΙ,
711 1389 761 1440 tto

218 1453 277 1512 ἀπὸ
294 1452 398 1510 τούτου
417 1455 691 1523 γενεηλογέουσι
710 1449 761 1508 αό-

219 1529 277 1581 τοῑν
295 1521 358 1594 τὴν
383 1527 530 1609 γε’νεσιν.
566 1529 663 1608 Neque
681 1527 760 1579 aliter

220 1601 278 1664 111,
305 1599 353 1649 75:
386 1587 583 1677 ἀρξαμενυς’
566 1593 625 1646 απὸ
643 1589 761 1682 'ligauit-

219 1684 284 1728 νεος
302 1657 539 1733 ἐγενεηλόγησε
509 1681 562 1731 την
575 1681 698 1732 πατριην
709 1681 763 1732 την

221 1736 328 1804 Κόρου.
378 1737 445 1788 lnde
479 1735 553 1786 haud
587 1737 762 1816 intercedam,

220 1811 243 1862 si
262 1809 323 1874 quis
341 1806 393 1858 hoc
405 1808 488 1857 etiam
499 1805 559 1857 loco
573 1798 626 1872 τὴν
638 1798 763 1872 πατριὴν

220 1879 254 1930 da
270 1878 407 1961 phratria,
426 1892 506 1942 quam
523 1875 610 1926 Attici
624 1875 762 1938 dicebaut,

221 1950 346 2014 accipere
372 1945 452 2009 velit,
478 1951 509 1997 ut
535 1946 603 1996 iecit
620 1945 760 1996 Welclrer:

220 2020 277 2070 Der
293 2017 403 2082 epische
416 2015 491 2080 Cycl.
502 2032 529 2081 p.
545 2016 604 2067 tet.
631 2016 674 2066 Τιι
689 2015 762 2065 οοιιί.

220 2089 242 2152 Ι,
262 2087 313 2141 200
334 2087 397 2150 etl,
417 2087 467 2137 lte
479 2085 572 2150 ibique
589 2091 659 2135 nott.
687 2087 762 2136 Deus

221 2162 324 2220 autem,
343 2171 423 2220 quem
439 2155 547 2220 generis
565 2155 678 2219 stirpem
690 2159 761 2205 retu-

219 2227 252 2276 lit
263 2228 431 2288 Hecataeus,
450 2225 496 2273 vix
510 2223 580 2274 alius
593 2239 653 2274 esse
671 2224 762 2289 potuit

224 2302 273 2360 atq
274 2311 307 2345 ue
324 2295 368 2360 Ap
370 2297 432 2357 cllo,
453 2309 470 2342 a
486 2292 602 2342 Milesiis
618 2293 763 2360 insigniter

221 2365 327 2416 cultus:
350 2313 422 2414 pvid
445 2361 566 2414 Klausen
597 2362 633 2412 ad
660 2363 760 2415 Hecst.

219 2435 317 2499 irsgm.
339 2451 366 2499 p.
380 2435 468 2484 d.—
493 2431 536 2482 Ad
557 2432 763 2484 formamvocis

221 2504 368 2554 numeralis
401 2492 602 2552 ἑκκαιδέκατον
626 2504 699 2554 coni.
725 2503 762 2567 ΙΙ,

222 2573 272 2624 1511
301 2565 461 2629 ἑκκαίδεκα,
482 2575 510 2622 et
532 2587 603 2637 quae
622 2541 764 2624 admonuii

219 2642 337 2694 Bredov.
352 2658 380 2708 p.
401 2641 452 2692 279
470 2657 527 2707 seq.

256 2755 320 2814 οίόν
342 2777 369 2812 τι
402 2757 449 2812 καὶ
478 2751 544 2841 ἐμοὶ
573 2752 607 2812 06
635 2761 763 2827 γενεηλο-

166 2878 174 2894 ,
219 2829 337 2900 γὴσαντι
362 2822 511 2897 ἐμεωυτόν]
540 2833 582 2882 Ex
604 2832 647 2882 bis
672 2832 763 2882 verbis

220 2905 289 2954 satis
304 2907 391 2969 putet,
405 2901 598 2952 Herodotum
591 2918 679 2968 ipsum
694 2902 763 2952 Tlic-

219 2973 262 3024 bis
275 2977 470 3024 commoratum
487 2971 580 3023 fuisse.
601 2972 664 3022 Vid.
678 2987 761 3038 suipra

220 3043 265 3107 ΙΙ,
285 3044 361 3095 315
380 3043 446 3108 ibiq.
465 3046 536 3094 nott.

255 3136 438 3264 ἐσαγαγόντες
462 3136 490 3202 ἐς
506 3136 539 3194 τὸ
557 3142 681 3210 μέγαρον
698 3139 761 3208 ἐστι,

219 3205 267 3263 ἐὸν
279 3212 357 3280 μέγα]
377 3231 396 3279 μ
398 3208 500 3279 ἐγαρον
513 3215 578 3280 quid
593 3219 675 3276 esset,
693 3214 761 3264 dixi-

220 3299 279 3334 murs
296 3284 378 3346 adl
402 3287 445 3336 47.
470 3285 542 3347 „Pro
566 3286 633 3334 atrio
655 3284 699 3334 luc
716 3299 760 3333 ac

218 3321 761 3490 ιιι111111111111

219 3495 308 3560 ipsum
334 3493 531 3559 amplissimum
561 3509 621 3544 ease
651 3495 760 3554 atrium,

220 3565 294 3630 qnod
312 3565 339 3614 in
358 3565 421 3614 vico
438 3562 552 3613 Kamai«
576 3563 610 3613 ab
635 3529 763 3613 orientali

220 3641 298 3699 parte
315 3633 371 3685 Nili
389 3632 521 3698 hodieque
538 3633 662 3697 [ιιι1οκ1.“
681 3635 727 3687 Cr.

260 3745 415 3811 κολοσσοὺς
446 3750 590 3819 ξυλίνους]
627 3753 762 3802 lleercuio

221 3821 313 3888 (ldecu
323 3824 360 3885 11,
368 3825 395 3873 2.
409 3839 435 3887 p.
445 3822 507 3886 302)
520 3823 548 3872 bi
560 3823 659 3873 colossi
670 3823 763 3872 videu-

221 3899 266 3944 tur
279 3909 353 3944 csse:
370 3893 495 3942 totoasole
513 3893 761 3958 Ρίίοειον-Ιίοιηιιί-

221 3963 283 4018 dea:
296 3963 365 4012 rende
375 3961 454 4012 simul
465 3962 535 4012 idcm
546 3963 587 4011 vir
599 3963 695 4013 ductus
707 3962 760 4014 col-

220 4031 297 4096 ligit,
327 4033 408 4082 etiam
438 4033 464 4080 iu
486 4033 630 4098 Aegyptiis
652 4033 760 4097 templis

220 4099 289 4163 ligni
309 4101 440 4165 quendem
465 4101 550 4152 luisse
569 4117 647 4152 usum
665 4103 699 4152 ad
718 4119 759 4153 or·

221 4175 362 4232 nements,
379 4169 434 4220 alia
452 4169 584 4236 isigonus,
612 4174 701 4236 Atque
712 4173 758 4222 ad·

220 4237 308 4288 hibuit
325 4239 397 4290 hunc
417 4239 448 4301 1.,
474 4242 757 4304 ιιιοιιοιι1οοιοιιιοιο,

812 1180 937 1230 Viscouti
954 1179 1075 1230 aditus.
1093 1178 1362 1232 Pio-Clementvol.

812 1250 850 1300 11.
869 1265 933 1316 pag.
953 1249 996 1300 32.
1016 1248 1089 1300 Galli
1106 1265 1170 1300 vero
1191 1250 1264 1300 docti
1286 1248 1361 1314 (1.1.

811 1335 875 1385 pag.
897 1317 957 1384 1611]
982 1319 1032 1370 hos
1049 1318 1155 1385 ligneos
1174 1319 1296 1370 colossos
1314 1335 1362 1369 ar-

811 1389 951 1440 bitrantur
986 1389 1072 1439 fuisse
1097 1389 1293 1472 sarcophagos
1324 1389 1360 1438 li-

812 1474 911 1523 gneos,
937 1461 996 1508 sive
1022 1460 1183 1510 marciarum
1205 1475 1300 1522 areas,
1328 1461 1361 1509 1ιι

813 1529 945 1594 quibus
939 1543 1059 1594 ipsorum
1085 1528 1244 1594 pontificum
1271 1530 1362 1579 maxi-

812 1613 915 1648 morum
932 1598 1069 1648 cadavera
1095 1598 1232 1649 medicata
1250 1598 1361 1650 inclusa

813 1667 924 1718 inerint.
963 1668 1068 1730 Quibus
1091 1669 1201 1719 minime
1228 1667 1296 1718 illud
1315 1684 1360 1718 re-

813 1737 916 1802 fragari
930 1741 1021 1787 monet
1033 1737 1161 1792 Creuzer.
1174 1737 1287 1800 (comm.
1302 1739 1360 1788 He-

813 1806 889 1856 rodd.
919 1822 983 1872 pag.
1015 1806 1094 1871 201),
1122 1807 1195 1873 qnod
1224 1809 1360 1859 continuo

813 1876 930 1941 quisque
945 1876 1072 1926 sacerdos
1089 1891 1218 1940 summus,
1238 1878 1300 1928 dum
1315 1879 1360 1928 vi-

812 1946 867 2008 vit,
893 1946 1040 2010 imaginem
1064 1961 1143 1996 suam
1170 1962 1270 2013 ponere
1289 1947 1360 1998 dici-

813 2019 874 2076 tur3
901 2031 963 2064 naus
980 2015 1106 2066 similiter
1130 2017 1208 2083 loqui
1225 2018 1360 2068 Nostram

813 2083 854 2146 ΙΙ,
874 2084 908 2134 80
919 2083 954 2134 de
972 2085 1044 2136 veris
1064 2087 1185 2147 mumiis;
1204 2086 1304 2137 deinde
1316 2088 1359 2137 vi-

812 2169 857 2202 ros
875 2153 1023 2204 honoratos
1043 2155 1070 2203 iu
1089 2155 1266 2206 conclavibus
1280 2156 1358 2206 aedi-

812 2221 935 2273 ficiorum
954 2225 1098 2274 memorari
1117 2225 1253 2290 sepultos,
1271 2231 1360 2292 atque

812 2292 992 2357 reputandum
1021 2294 1130 2345 omnino
1158 2311 1235 2358 esse,
1274 2311 1359 2361 quam

812 2362 867 2410 vim
888 2363 915 2412 1ιι
928 2363 1124 2428 Aegyptiorum
1140 2366 1200 2415 vitu
1219 2381 1251 2415 ac
1269 2367 1360 2416 socie-

813 2437 872 2482 tate
891 2431 1017 2482 babuerit
1034 2435 1196 2485 murniarum
1214 2441 1358 2499 spectacu·

813 2501 868 2552 lum
890 2499 943 2564 (ΙΙ,
963 2501 1023 2567 78),
1049 2502 1166 2568 danique
1189 2520 1268 2569 qnam
1293 2521 1358 2555 cou-

814 2576 973 2621 sentaneum
990 2572 1027 2620 sit
1044 2571 1178 2623 eiusmodi
1195 2573 1358 2638 religionum

814 2640 959 2703 sacerdoti,
977 2641 1069 2692 vivum
1084 2659 1117 2693 ec
1135 2644 1284 2708 spirantem
1303 2645 1359 2694 sibi

814 2710 935 2761 arculam
958 2710 1046 2776 ipsum
1064 2726 1141 2762 suam
1160 2713 1309 2764 collocasse
1328 2717 1358 2764 in

815 2781 886 2830 atrio
906 2779 1044 2831 siiblustri.
1077 2781 1242 2847 Obloquitur
1260 2783 1358 2834 Gallus

814 2851 949 2914 inter-pras
966 2851 1111 2914 recentior,
1123 2853 1151 2902 in
1166 2853 1227 2918 ipsa
1245 2857 1359 2904 colosso-

813 2936 868 2970 τινα
892 2935 959 2970 voce
985 2921 1112 2982 haereas,
1138 2938 1199 2972 cum
1223 2924 1359 2974 llcrodoti

812 2990 910 3051 verba,
935 2989 1028 3054 qualia
1051 3006 1123 3042 nuuc
1141 2991 1282 3057 leguntur,
1309 2994 1359 3042 vix

813 3059 894 3109 talem
919 3058 1172 3139 interpretationem
1197 3062 1357 3114 admittant.

812 3130 908 3194 Neque
926 3129 997 3178 enim
1015 3131 1099 3180 verba
1118 3121 1224 3180 αότόθι
1242 3129 1354 3182 ἵσταται

812 3227 844 3234 -
869 3189 966 3247 εἰκόνα
988 3198 1022 3248 de
1046 3200 1160 3262 musula,
1187 3216 1258 3266 quac
1281 3201 1357 3252 humi

811 3268 906 3349 ιορριιί
923 3267 992 3318 solet
1011 3267 1079 3334 (vid.
1097 3238 1167 3322 noti.
1188 3270 1223 3320 ad
1239 3272 1280 3335 11,
1298 3271 1356 3338 86),

812 3337 899 3402 accipi
917 3343 1054 3418 poterunt.

844 3399 961 3465 ἕκαστος
977 3399 1082 3457 uirilis
1099 3404 1252 3475 ἵσταται]
1277 3405 1357 3459 icru-

811 3489 856 3525 ται
878 3475 1000 3542 plerique
1031 3476 1094 3528 libri
1118 3484 1145 3528 et
1171 3479 1267 3543 optimi
1292 3495 1355 3544 prs>-

811 3547 895 3596 bante
914 3563 1021 3613 quoque
1033 3547 1150 3600 Bredov.
1163 3564 1190 3613 p.
1203 3548 1263 3600 397.
1283 3549 1356 3600 Con·

812 3621 856 3665 tra
880 3617 1053 3668 eSaucrosti
1072 3617 1142 3667 libro
1161 3617 1275 3682 aliisque
1292 3619 1356 3670 Eltz

813 3687 926 3748 quaest.
955 3686 1076 3737 Herodd.
1111 3687 1180 3738 inse.
1209 3688 1233 3738 1.
1262 3705 1290 3754 p.
1324 3691 1357 3741 12

813 3753 938 3819 (Jalirbb.
958 3755 977 3805 i.
993 3756 1126 3821 Plsilolog.
1145 3757 1240 3822 Suppl.
1257 3758 1305 3808 lx.
1326 3775 1355 3824 p.

815 3825 876 3890 118)
883 3825 978 3890 reponi
991 3825 1065 3876 iubet
1078 3819 1143 3893 ίστᾷ
1157 3827 1240 3878 verbo
1252 3828 1355 3890 activo,

812 3894 885 3960 quod
914 3895 1066 3946 invenimus
1090 3894 1127 3956 11,
1155 3895 1198 3948 86.
1222 3897 1279 3959 IV,
1305 3897 1356 3950 103

812 3963 927 4029 aliisque
949 3963 1031 4028 locis,
1060 3980 1128 4030 quos
1153 3965 1257 4016 iudicat
1276 3967 1356 4017 Wes-

811 4032 954 4098 seliugius.
992 4035 1125 4098 Quicniam
1144 4051 1208 4085 vero
1222 4035 1248 4086 b.
1262 4035 1281 4086 l.
1295 4037 1356 4102 agi-

811 4109 857 4154 tur
874 4103 907 4152 de
923 4109 1025 4166 statue,
1043 4120 1123 4170 quam
1137 4105 1186 4156 eidi
1199 4107 1359 4170 ριιὲνηιιεμο-

810 4177 846 4224 uit
860 4174 1032 4238 μοιειιιίιιιιιυε
1048 4183 1133 4226 carot.
1159 4177 1227 4224 satis
1246 4176 1358 4226 videtur

810 4249 885 4293 tutus
902 4243 983 4292 medii
1001 4243 1077 4292 verbi
1095 4259 1172 4294 usus.
