3032 4916
240 241 301 306 698
415 237 419 246 ’
669 247 937 310 HERODOTI

241 449 297 492 ναι
312 420 400 492 κάτω
411 425 443 503 ἐς
457 421 516 492 τὸν
526 427 560 492 ol
566 418 724 512 Ἕλληνες
734 419 837 511 ἀΐδην
845 429 1021 510 ’νομιζουσι
1035 421 1133 508 εἶναι,
1143 419 1277 492 κάκεῖθι
1286 443 1363 509 συγ-

242 525 403 616 κυβεύειν
423 532 463 616 τῇ
481 525 654 618 Δήμητρι·
682 529 738 596 καὶ
758 525 798 596 τὰ
811 527 874 616 μὲν
887 532 987 597 νικᾶν
999 523 1123 616 αὐτὴν,
1144 523 1184 596 τὰ
1199 526 1236 596 db
1251 528 1364 596 ἑσσοῦ-

831 693 1369 830 erisneussermann

277 827 392 885 κάκεῖθι
402 825 584 901 συγκυβεύειν
596 831 630 900 τῇ
640 825 780 900 Δήμητρι]
833 835 1013 887 descendente
1033 840 1060 885 et
1076 851 1136 886 cum
1151 835 1249 886 Cerere
1265 835 1369 886 ludente

243 897 358 955 κάκεῖθι
376 905 438 956 libri
448 906 543 970 scripti
556 904 694 970 praebent,
706 919 782 954 exce·
833 906 953 956 fabulam
964 905 1129 969 spectaread
1137 922 1202 968 rem,
1213 921 1294 970 quam
1303 919 1370 956 nnnc

243 977 298 1041 ptis
308 975 422 1039 duobus,
441 975 567 1040 equibus
578 974 783 1039 Schweighaeu-
833 981 942 1037 vocant,
962 973 1152 1038 calendariam,
1170 990 1240 1041 qnae
1258 975 1307 1024 sub
1323 974 1370 1023 hoc

243 1061 319 1097 seraa
338 1061 392 1096 una
410 1061 468 1096 cum
488 1045 622 1096 Borheclr.
643 1049 670 1094 st
685 1044 783 1095 Schae-
833 1062 897 1112 rege
920 1045 1134 1096 emendationem
1163 1045 1299 1111 quandam
1321 1059 1371 1094 me-

243 1117 301 1166 iero
327 1115 411 1166 edidit
431 1111 478 1164 καὶ
501 1113 593 1176 κεῖθι,
617 1114 688 1180 quod
711 1113 781 1164 idem
831 1115 978 1181 lioremque
991 1115 1211 1165 constitutionem
1228 1115 1368 1179 acceperit,

244 1185 318 1235 dedit
341 1185 478 1238 Gaissord.
521 1184 574 1236 Sed
602 1183 664 1234 olim
688 1183 783 1250 vulga-
832 1185 954 1250 adeoq'ue
975 1185 1010 1234 ed
1034 1185 1177 1235 Phoenicis
1199 1184 1305 1249 cyclum
1325 1183 1370 1248 (de

244 1261 301 1306 tum
325 1260 353 1305 et
373 1255 502 1306 librorum
525 1255 714 1321 plerorumque
736 1269 782 1304 aa·
832 1271 885 1322 quo
903 1256 940 1306 ei.
952 1260 1022 1304 nott.
1035 1255 1070 1304 ad
1086 1255 1123 1318 ΙΙ,
1143 1255 1190 1316 73)
1207 1270 1279 1305 anno
1295 1255 1368 1316 1275,

243 1325 371 1376 ctoritate
379 1326 521 1390 probatum
532 1317 646 1372 κάκεῖθι
659 1328 732 1374 recte
742 1340 782 1374 re·
832 1341 885 1391 quo
909 1325 1035 1390 regnarit
1056 1325 1275 1390 Rhammanitae,
1299 1324 1369 1373 rede-

242 1396 353 1446 vocavit
363 1395 490 1457 Rakkan,
503 1409 581 1459 quern
592 1397 706 1444 recentt.
719 1393 780 1444 edd.
831 1399 937 1457 untem,
956 1399 987 1444 ut
996 1395 1110 1459 Lepsios
1121 1393 1279 1456 arbitretur,
1291 1393 1370 1444 Chro-

243 1465 328 1516 aecuti
344 1469 420 1524 sunt,
445 1464 596 1528 siquidem
612 1465 713 1514 Noster
727 1479 781 1513 non
831 1464 923 1529 nolog.
941 1463 968 1515 d.
987 1465 1103 1530 Aegypt.
1122 1464 1145 1514 1.
1164 1463 1292 1529 pegaso
1310 1461 1369 1514 coll.

244 1535 331 1600 magis
353 1532 432 1583 κεῖθι
454 1533 555 1583 dixisse
578 1533 714 1598 putandus
739 1538 781 1582 eet
833 1533 864 1585 lli
885 1539 912 1584 et
928 1533 973 1584 101
994 1549 1069 1600 seqq.
1107 1533 1163 1584 Sub
1181 1533 1367 1598 Rhampsinito

243 1609 324 1669 atque
343 1606 438 1659 κεῖνος
456 1603 504 1669 (de
522 1619 574 1669 quo
590 1601 644 1652 rid.
664 1601 780 1653 Bredov.
834 1609 906 1655 certe
924 1602 1041 1668 aliquid,
1068 1603 1140 1668 quod
1158 1603 1193 1652 ad
1210 1619 1267 1654 rem
1286 1603 1370 1653 calen-

243 1690 306 1740 pag.
329 1672 398 1738 119),
416 1673 481 1724 licet
499 1674 585 1724 cresis
604 1673 655 1724 hoe
667 1673 783 1724 locoob·
833 1675 937 1725 dariam
956 1674 1098 1738 pertinuit,
1117 1673 1220 1724 iactum
1238 1689 1312 1735 esse,
1329 1671 1370 1722 vel

242 1745 288 1794 via
305 1745 393 1794 rarius
416 1743 489 1808 apud
511 1744 639 1795 Nostrum
667 1743 783 1809 reperia-
833 1743 896 1794 inde
913 1743 1027 1808 colligas
1043 1743 1121 1806 licet,
1139 1741 1209 1808 quod
1228 1743 1321 1808 templi
1338 1741 1369 1791 ab

243 1821 300 1876 tur;
317 1813 389 1865 coni.
415 1813 542 1864 Dindort'.
567 1813 692 1878 Prolegg.
717 1829 781 1878 pag.
833 1815 885 1864 hoc
909 1827 972 1874 reae
996 1813 1096 1863 Thebis
1125 1809 1207 1876 (nuno
1239 1813 1370 1863 Medinat-

242 1887 293 1937 XI.
311 1883 428 1935 Bredov.
447 1899 511 1948 pag.
523 1884 582 1934 201.
618 1883 783 1944 Athenaeus,
834 1883 906 1947 Abu)
917 1884 1048 1934 exstructi
1057 1883 1145 1948 paries
1154 1888 1307 1934 extrorsum
1316 1897 1370 1932 ver·

243 1956 289 2020 qui
304 1955 375 2004 hunc
393 1954 525 2004 Herodoti
535 1953 623 2004 locum
637 1952 715 2002 affert
733 1953 782 2002 IX.
834 1969 879 2004 sae
902 1954 1007 2018 integer
1029 1953 1150 2002 continet
1179 1953 1370 2014 calendarium,

243 2041 306 2090 pag.
324 2024 376 2075 410
398 2025 429 2074 Ε.
449 2025 507 2074 sive
531 2039 594 2089 pag.
614 2023 665 2074 520
683 2021 781 2082 Schw.‚
833 2027 863 2073 ut
882 2023 952 2073 idem
970 2023 1074 2072 monuit
1090 2023 1205 2087 Lepsios
1225 2022 1244 2073 l.
1263 2021 1284 2074 1.
1319 2022 1369 2072 Ne-

242 2095 325 2145 habet
349 2085 440 2144 κᾶκεῖ.
487 2093 529 2143 Ad
557 2095 669 2144 formam
696 2091 782 2142 dativi
833 2093 966 2158 quoinde
987 2093 1081 2142 mirum
1101 2097 1156 2154 est,
1179 2093 1207 2142 in
1229 2092 1309 2144 huius
1334 2091 1371 2142 rei

242 2156 372 2228 Δήμητρι
391 2163 462 2214 conf.
481 2163 595 2213 eundem
618 2161 734 2213 Bredov.
754 2177 780 2225 p.
832 2163 988 2213 memoriam
1006 2162 1155 2227 Aegyptios
1169 2163 1322 2212 instituisse
1336 2162 1371 2212 ie-

242 2237 302 2285 255.
347 2233 406 2282 Iam
431 2233 502 2297 qnod
528 2233 563 2282 ad
594 2235 779 2296 argumentum
833 2237 918 2295 stum,
938 2231 1009 2297 quod
1027 2237 1101 2282 certo
1111 2237 1231 2296 tempore
1241 2233 1370 2282 redeunte

242 2301 416 2364 lociattinet‚
436 2303 565 2352 cuborum
580 2301 683 2362 lusum,
701 2316 779 2365 quem
831 2307 944 2368 agerent
968 2302 1093 2368 quodque
1122 2301 1156 2352 ad
1184 2317 1259 2352 suam
1288 2301 1370 2366 ipsius

242 2372 286 2421 hic
309 2371 514 2435 Rhampsinitns
537 2387 598 2421 oum
623 2370 719 2420 Cerere
742 2369 783 2420 lu·
833 2377 951 2423 aetatem
967 2371 1029 2422 illos
1044 2373 1181 2436 peregisse
1191 2371 1293 2422 Noster
1307 2370 1370 2421 seri-

242 2441 311 2492 sisse
329 2441 442 2504 dicitur,
462 2457 516 2491 non
532 2440 727 2505 infrequentem
743 2439 783 2490 fu·
832 2442 887 2504 bit,
918 2443 964 2507 qui
989 2441 1053 2492 festi
1073 2441 1152 2492 haina
1176 2455 1290 2492 causam
1314 2441 1369 2491 sive

242 2511 298 2561 isse
320 2526 368 2574 per
386 2511 540 2575 Aegyptum
563 2511 623 2575 ipsa
645 2513 781 2560 testantur
831 2527 942 2576 prorsus
953 2513 1081 2578 ignorans
1093 2512 1151 2562 sive
1166 2527 1220 2560 non
1232 2513 1302 2561 satis
1314 2525 1369 2576 per·

242 2583 425 2642 monumenta,
437 2579 674 2644 telemludumqui
686 2585 780 2644 agunt,
831 2586 951 2648 spectem
975 2581 1093 2642 babens,
1120 2595 1173 2645 qus
1196 2580 1249 2630 suit
1268 2581 1321 2631 lide
1339 2595 1369 2630 ac

242 2649 411 2701 exhibentia:
431 2649 496 2714 quid
514 2649 585 2715 quod
604 2649 692 2714 ipsum
709 2651 781 2700 hunc
830 2651 960 2718 religione
975 2652 1003 2700 in
1016 2651 1138 2700 omnibus
1154 2650 1234 2700 rebus
1246 2666 1369 2702 charran

241 2735 331 2785 regem
350 2719 390 2769 sic
406 2719 543 2770 ludentem
558 2720 738 2784 conspicimus
753 2721 780 2770 in
832 2723 888 2784 dis,
906 2720 1030 2771 consulto
1045 2720 1183 2770 addidisse
1195 2721 1304 2771 videtur
1314 2736 1368 2770 ver·

241 2789 390 2856 parietibus
413 2789 509 2854 palatii
536 2790 570 2840 ab
594 2791 653 2854 ipso
678 2790 778 2840 Thebis
830 2793 878 2843 ba:
899 2781 933 2839 οὐ
946 2787 1051 2853 μέντοι,
1072 2785 1178 2838 εῖτεοι’
1195 2783 1262 2838 ἄλλο
1278 2807 1304 2839 τι
1317 2787 1369 2840 εἴτε

240 2861 372 2912 exstructi
384 2864 615 2926 repraesentatum
631 2859 703 2925 apud
714 2859 780 2910 Wil·
830 2853 879 2911 διὰ
896 2857 984 2908 ταῦτα
1001 2849 1164 2921 ὁρτάζουσι,
1190 2851 1243 2923 ἔχω
1268 2855 1365 2923 λέγειν.

241 2932 348 2982 1ιίυεοιι.
368 2932 495 2980 Manners
514 2935 568 2982 ete.
586 2929 624 2982 Il.
643 2946 706 2996 pag.
727 2929 780 2981 420
830 2929 1011 2994 Rhampsiniti
1029 2943 1094 2979 vero
1112 2929 1258 2979 descensus
1276 2930 1312 2979 ad
1331 2929 1369 2978 in-

241 3017 316 3066 seqq.
338 3002 361 3052 1.
379 3016 441 3066 pag.
463 3002 504 3063 14,
523 3005 554 3050 ut
573 3015 690 3061 seneen,
711 3015 780 3066 quae
831 3001 903 3050 ieros
927 2999 1167 3064 commerciumque
1188 3013 1249 3048 cum
1273 2999 1368 3050 iniero·

240 3072 267 3122 h.
286 3071 305 3122 l.
330 3071 363 3121 de
387 3071 574 3136 Rhampsinito
595 3085 655 3120 cnm
683 3070 781 3120 Cerere
830 3085 888 3119 rum
908 3068 959 3118 diis
975 3068 1111 3128 habiturn,
1137 3067 1216 3134 quale
1233 3067 1369 3120 commini-

241 3139 350 3191 ludente
387 3141 545 3202 traduntur,
585 3140 780 3206 Aegyptiorum
831 3139 976 3190 scebantur
988 3138 1131 3203 Aegyptii,
1150 3153 1210 3187 eum
1229 3137 1264 3186 ad
1283 3139 1368 3204 Aegy·

241 3211 362 3274 adeoque
384 3211 469 3274 ipsius
497 3210 570 3276 regis
593 3211 660 3260 mori
682 3224 779 3260 conve·
829 3210 945 3274 ptiorum
969 3207 1120 3271 opinionem
1143 3208 1176 3258 dc
1199 3207 1368 3272 interimetu-

239 3281 345 3330 nienter
366 3279 431 3329 fleta
455 3296 515 3332 esse
537 3279 693 3340 videantur,
717 3294 778 3328 cum
828 3283 911 3344 tuque
927 3277 1060 3327 humanae
1083 3278 1189 3328 enimse
1213 3283 1275 3341 post
1299 3278 1367 3327 hanc

240 3349 322 3400 altius
337 3349 402 3414 quid
420 3349 471 3400 lrac
490 3349 582 3400 tabule
600 3349 718 3414 spectari
734 3363 779 3398 ne·
827 3349 911 3398 vitam
921 3351 1075 3397 terrestrem
1094 3348 1201 3397 omnino
1213 3347 1368 3412 pertineret,

239 3435 283 3470 mo
301 3435 355 3470 non
373 3418 475 3471 vident.
511 3419 616 3471 Similia
635 3419 704 3468 enim
722 3418 778 3468 fere
828 3423 924 3484 sponte
941 3419 1068 3468 Nostrum
1086 3417 1232 3467 adduxisse
1252 3416 1367 3477 videtur,

239 3495 383 3540 narrentur
401 3489 472 3554 apud
491 3485 663 3539 Plutardhnm
687 3487 720 3538 ds
738 3487 776 3538 Ie.
828 3493 858 3538 ut
875 3487 926 3538 hac
944 3487 1086 3538 occasione
1106 3485 1198 3537 oblata
1211 3486 1243 3536 de
1261 3486 1367 3536 animae

239 3566 267 3611 et
286 3559 386 3610 Osirid.
405 3575 464 3624 cap.
486 3561 525 3610 12.
545 3575 606 3623 pag.
619 3559 670 3610 355
687 3555 777 3621 (quem
827 3557 1031 3608 immortalitate
1042 3571 1102 3620 cap.
1116 3557 1165 3607 123
1180 3555 1311 3620 quaedam
1322 3555 1367 3606 sd-

238 3631 326 3680 locum
350 3631 403 3679 iam
428 3645 509 3694 supra
532 3629 566 3678 ad
588 3628 625 3689 ΙΙ,
649 3629 665 3677 4
685 3627 777 3690 attigi·
828 3627 916 3688 deret,
936 3625 1170 3691 quomagisbanc
1186 3629 1272 3675 totam
1286 3641 1366 3690 quse-

239 3715 313 3762 mus‚
337 3699 384 3750 ubi
403 3698 457 3748 vid.
475 3698 557 3764 nott.)
575 3698 608 3748 de
632 3697 777 3758 Mercurio,
827 3697 942 3747 stionsm
956 3696 1144 3761 gravissimam
1155 3710 1205 3745 sus
1222 3693 1366 3745 actatevel

239 3772 363 3836 quicum
384 3769 463 3819 Luna
487 3767 538 3817 dea
560 3759 687 3830 (Σελήνη
712 3767 777 3816 dici·
827 3782 844 3817 a
862 3765 1030 3830 philosophis
1048 3765 1163 3816 maxims
1181 3765 1313 3830 agitatam
1326 3765 1365 3813 vi-

239 3840 294 3906 tnr)
326 3838 421 3890 ludens
455 3834 571 3898 (παίξας
596 3833 704 3898 πέττια)
737 3850 777 3885 se·
828 3837 927 3886 disset:
954 3835 987 3885 de
1010 3849 1064 3900 qua
1085 3851 1114 3884 re
1136 3834 1191 3884 vid.
1216 3850 1285 3900 quae
1306 3833 1365 3884 dili·

238 3910 434 3976 ptnagesimam
453 3907 583 3971 cuiusque
600 3906 655 3955 diei
673 3909 776 3969 partem
827 3909 922 3966 genter
938 3905 1062 3968 exposuit
1076 3903 1237 3954 Bahhuisen
1253 3921 1306 3954 van
1319 3905 1365 3953 der

238 3979 333 4029 lecerit
356 3978 459 4028 lucrum
483 3982 511 4026 et
535 3991 566 4025 ex
591 3975 633 4024 bis
659 3976 777 4040 quinquo
828 3975 925 4026 Brink:
945 3973 1023 4022 Varr.
1043 3974 1132 4024 Lectt.
1151 3989 1183 4024 ex
1201 3973 1365 4039 histonphi-

238 4047 295 4098 dies
314 4046 486 4097 constitnerit
503 4046 623 4110 integros
633 4059 704 4094 anno
720 4041 778 4108 (qui
827 4043 933 4108 loseph.
957 4043 1042 4107 antiq.
1073 4041 1172 4110 (Lngd.
1197 4045 1260 4095 Bet.
1288 4041 1364 4106 1842)

238 4122 295 4166 tum
310 4115 360 4166 300
370 4115 464 4165 diebus
476 4115 609 4180 constitit)
622 4113 776 4174 addendos;
827 4127 891 4180 pag.
912 4111 1023 4163 17-30,

237 4186 286 4234 hos
310 4199 374 4234 vero
398 4185 455 4234 dies
481 4184 656 4236 intercalares
672 4184 727 4234 dici
742 4183 777 4232 si·
862 4177 911 4230 καὶ
932 4173 967 4229 τὰ
990 4175 1041 4242 μὲν
1071 4177 1154 4230 νικᾶν
1175 4172 1267 4244 αὐτὴν
1288 4195 1312 4228 κ.
1340 4193 1362 4230 r.

237 4253 345 4318 mulque
363 4253 469 4304 natales
484 4255 601 4320 quinque
614 4253 723 4304 deorum
735 4269 777 4302 ce·
826 4249 862 4316 l.]
881 4251 939 4301 Iam
949 4249 1147 4300 Valckenarius
1160 4265 1192 4299 ex
1210 4249 1277 4300 diss.
1293 4250 1364 4299 Dan.

236 4321 336 4373 lebrari
352 4337 434 4386 snpra
452 4324 505 4372 iam
525 4323 649 4374 diximus.
678 4323 776 4387 Itaque
827 4320 979 4372 Saathmari
994 4320 1027 4370 de
1037 4319 1224 4370 Pharaonibus
1235 4324 1298 4384 apte
1310 4331 1365 4368 mo-
