3086 4932
128 347 130 352 Ι
211 261 271 325 res
638 254 908 320 nunonem

208 456 300 520 σειν,
320 430 444 520 ἄγοντα
464 433 660 522 μηνοειδέα,
685 427 772 510 ὅκως
791 425 834 498 άν
854 427 892 498 τό
916 424 1143 517 στρατόπεδον
1164 423 1347 513 ἱδρυμένον

208 534 292 608 κατά
306 537 416 608 νώτου
432 536 545 626 λάβοι,
566 532 670 624 ταύτῃ
690 532 772 605 κατά
795 529 856 622 τὴν
875 529 1023 620 διώρυχα
1048 527 1292 620 ἐκτραπόμενος
1308 530 1345 598 έκ

208 647 277 712 τών
298 636 447 732 άρχαέων
466 642 639 730 ῥεέθρων,
669 639 725 706 καὶ
748 627 843 716 αὖτις
869 633 1155 724 παραμειβόμενος
1178 628 1216 702 τό
1242 651 1342 718 στρα-

210 745 368 830 τόπεδου,
396 747 429 826 ές
450 742 490 814 τά
511 738 631 834 άρχαῑα
653 739 826 830 ἐσβάλλοι,
853 735 954 824 ώστε,
977 741 1059 808 έπείΔ
1070 763 1106 807 τε
1128 737 1183 806 καὶ
1204 738 1345 823 ἐσχίσθη

209 849 346 939 τάχιστα
364 843 382 916 ό
398 844 558 936 ποταμός,
583 842 754 934 ἀμφοτέρῃ
774 839 931 932 διαβατός
950 844 1092 930 ἐγένετο.
1121 846 1156 911 οί
1173 839 1211 910 δέ
1231 839 1288 907 καὶ
1307 837 1345 908 τό

211 950 370 1042 παράπαν
396 954 531 1039 λέγουσι
556 950 611 1019 καὶ
643 946 681 1017 τό
714 944 852 1037 άρχατον
882 949 1025 1036 ῥέεθρον
1056 941 1342 1034 ἀποξηρανθῆναι.

211 1053 295 1124 άλλά
314 1059 412 1124 τοῦτο
436 1054 498 1144 μέν
524 1048 565 1122 οὗ
587 1059 780 1140 προσίεμαι·
814 1054 881 1130 κώς
904 1047 969 1138 γάρ
992 1045 1099 1120 ὀπίσω
1122 1045 1388 1138 πορευόμενοι38

163 1166 203 1228 76
212 1160 372 1246 διέβησαν
389 1153 509 1236 αὐτόν,
538 1162 681 1244 Κροῖσος
704 1154 759 1240 δὲ,
787 1156 863 1224 έπεί
880 1180 916 1222 τε
937 1149 1054 1241 διαβάς
1070 1149 1136 1220 σόν
1152 1155 1199 1244 τῷ
1216 1155 1346 1241 στρατῷ
1411 1215 1423 1234 ,

209 1257 346 1330 ἀπίκετο
368 1265 426 1348 τῆς
447 1263 690 1347 Καππαδοκίης
711 1261 744 1338 ές
768 1255 830 1345 τὴν
843 1263 992 1346 Πτερίην
1016 1257 1223 1344 καλεομένην
1248 1248 1283 1341 (ἡ
1308 1253 1346 1323 δέ

209 1371 336 1454 Πτερίη
357 1365 426 1432 ἐστὶ
440 1369 497 1451 τῆς
514 1360 622 1452 χώρης
640 1361 762 1450 ταύτης
776 1357 813 1430 τό
833 1359 1064 1450 ἰσχυρότατον,
1085 1355 1168 1428 κατά
1182 1357 1347 1446 Σινώπην

245 1520 321 1587 dacor
338 1518 380 1579 ’άν
396 1559 432 1569 -
449 1522 562 1596 λάβοι]
583 1527 661 1579 Unus
684 1527 753 1578 liber

209 1601 254 1652 hio
271 1591 352 1666 λάβῃ.
373 1598 455 1652 Male.
477 1600 601 1663 Namque
620 1599 752 1664 optativo,

210 1671 256 1736 qui
272 1686 321 1736 pro
339 1671 424 1720 totins
441 1669 496 1720 1οοὶ
513 1669 619 1719 ratione
635 1669 753 1733 partiou-
838 1657 856 1730 ἡ
876 1659 907 1715 δὲ
925 1663 1031 1728 Πτερίη
1050 1695 1085 1704 -
1102 1655 1190 1713 κατά
1206 1656 1346 1728 Σινώπην

208 1741 263 1790 lam
281 1729 362 1797 ὅπως
379 1738 424 1790 hio
443 1739 520 1806 sequi
538 1738 625 1800 debet,
645 1737 754 1788 additur
804 1769 839 1777 -
857 1731 982 1800 κειμένη]
1000 1731 1114 1798 κειμένη
1135 1751 1150 1785 e
1172 1735 1346 1800 Wesseiinpii

206 1799 256 1872 δν,
289 1825 342 1874 quo
370 1809 429 1874 ipso
448 1809 485 1872 id,
509 1807 581 1874 quod
605 1812 753 1874 spectatur,
805 1805 994 1857 emendatione
1013 1821 1072 1854 oum
1086 1804 1164 1855 editt.
1177 1811 1290 1858 reeentt.
1302 1808 1346 1858 de-

208 1878 263 1929 tale
282 1894 340 1929 esse
356 1877 520 1940 declaratur,
538 1877 609 1942 quod
629 1877 686 1927 sive
702 1877 754 1926 hoo
805 1878 893 1926 dimus
917 1889 966 1940 pro
988 1874 1062 1936 vulg.
1087 1873 1217 1939 κεομένη.
1244 1879 1347 1929 Probat

209 1950 268 1999 sive
281 1948 348 1998 illud
361 1948 464 1998 factum
477 1949 522 2010 sit,
538 1947 751 2012 accidereposse
803 1961 911 2010 quoque
934 1945 956 1994 A
979 1943 1014 1994 de
1035 1945 1136 2010 Jongh,
1161 1961 1241 2010 quem
1263 1951 1298 2000 ad
1322 1949 1345 2009 Ι,

209 2018 387 2076 existimetur,
404 2017 646 2083 totaqueresinde
664 2016 751 2079 magis
802 2017 836 2067 04
858 2015 904 2065 fin.
930 2013 1058 2066 excitari.
1102 2015 1192 2065 Pteria
1220 2033 1289 2082 quae
1311 2019 1346 2068 ab

208 2089 313 2137 ineerta
345 2086 482 2136 reddatur.
522 2085 649 2135 Canalem
680 2084 750 2136 enim
801 2085 943 2136 Herodoto
968 2083 1133 2148 appellatur,
1154 2085 1268 2139 aliunde
1293 2105 1347 2139 non

207 2157 288 2206 lunae
314 2156 341 2204 in
369 2157 485 2220 speciem
516 2155 626 2204 duxisse
653 2153 751 2204 dieitur
803 2156 927 2220 cognita,
955 2153 1008 2204 nisi
1041 2154 1088 2214 iis,
1121 2170 1191 2219 quae
1219 2157 1347 2222 leguntur

209 2225 296 2290 Cyrus
313 2240 345 2274 eo
363 2223 477 2274 oonsilio
496 2239 518 2274 ι.
538 2240 570 2274 ea
589 2229 686 2286 mente,
710 2228 750 2286 ut,
803 2225 875 2289 apud
888 2224 1054 2288 Stephanum
1066 2225 1197 2290 Byzantr
1216 2224 1346 2290 Πτέριον,

970 1562 1036 1613 Car.
1054 1561 1180 1612 LXXVI.

208 2296 311 2356 εἰβετι·
329 2303 430 2357 posset,
456 2293 547 2343 eastra
571 2309 587 2343 a
609 2298 686 2358 tergo
708 2307 752 2342 su-

208 2369 293 2414 meret
318 2378 340 2413 s.
361 2363 523 2413 circumiret.
557 2363 691 2413 Herodoti
713 2361 752 2412 io-

208 2431 751 2552 titu³.i2.⁰.ttt⁰‘²iit“t¹“titi·

208 2571 283 2622 Mod.
313 2587 339 2635 p.
364 2569 415 2622 310
438 2587 506 2637 σεο,
531 2587 646 2637 quocum
676 2570 750 2622 coni.

208 2641 338 2691 Knehner
361 2641 408 2691 Gr.
435 2641 481 2691 Gr.
507 2644 532 2704 §.
552 2633 628 2692 7111.Ι
647 2641 752 2691 Eodem

208 2711 288 2761 modo
307 2711 407 2760 Noster
425 2710 497 2759 inira
515 2711 537 2772 1,
551 2709 595 2762 01.
615 2709 750 2762 110100.

208 2781 251 2842 11,
284 2779 342 2830 120.
384 2779 425 2830 Ad
456 2772 527 2828 κατὰ
560 2772 652 2830 νώτου
677 2781 750 2830 coni.

227 2887 296 2976 ’κοῖς
313 2909 365 2982 γάρ
383 2907 475 2966 όπίσω
492 2906 681 2980 πορευόμενοι
694 2911 750 2964 διέ-

204 2985 295 3054 βησαν
310 2977 410 3052 αότόν]
429 2985 519 3051 Vulgo
540 2991 664 3036 vertunt:
683 3001 751 3051 „quo

205 3061 267 3108 enim
283 3057 363 3115 modo,
379 3071 451 3120 qrrum
468 3057 567 3104 reuersi
577 3063 642 3117 runt,
659 3057 750 3120 stamen

204 3123 395 3176 nansiemntt“
415 3139 476 3174 oum
490 3125 649 3174 vertendum
663 3129 750 3174 esset:

205 3209 274 3260 „qno
299 3197 362 3245 enim
384 3187 462 3244 modo
484 3201 640 3244 reuertentes
660 3187 750 3259 βννέεο

203 3265 317 3315 transire
333 3262 500 3328 pomissent.“
532 3264 593 3326 Qua
610 3267 702 3313 tamen
720 3263 749 3312 in

203 3333 340 3384 sententia
364 3347 424 3383 eum
455 3347 541 3412 aegre
561 3333 626 3382 mihi
653 3332 748 3383 deesse

202 3403 338 3454 videretur
364 3401 498 3467 particulo
523 3417 559 3450 αν
584 3401 668 3452 verbo
692 3398 748 3450 διέ-

201 3471 293 3539 βησαν
311 3471 479 3534 adiioienda,
503 3473 573 3522 hene
594 3475 747 3522 monentem

201 3543 294 3593 inveni
311 3541 446 3592 Matthiae
457 3544 482 3604 ξ.
497 3541 556 3592 508.
569 3545 625 3592 not.
642 3557 669 3606 p.
682 3540 745 3592 068.

201 3613 270 3663 Nam
292 3612 325 3663 de
355 3609 469 3662 oonsilio
493 3609 654 3676 particulam
678 3611 745 3660 omi-

201 3682 270 3732 sisse
285 3681 393 3731 videtur
412 3682 525 3744 Noster,
549 3697 602 3746 quo
626 3679 670 3730 vel
689 3695 744 3730 ma·

201 3752 243 3816 gis
265 3751 399 3800 indicaret
421 3751 573 3816 fortiusque
596 3750 624 3798 in
652 3765 684 3799 eo
704 3749 743 3798 in-

199 3820 322 3872 sisteret.
350 3817 402 3868 hoe
424 3819 518 3883 utique
539 3819 598 3870 tieri
621 3833 675 3868 non
697 3834 744 3883 po·

200 3889 295 3938 tuisse.
323 3886 366 3935 Tu
384 3885 446 3936 vide
470 3888 503 3936 de
526 3887 681 3938 huiusmodi
705 3889 744 3936 in-

803 2286 885 2349 πόλις
903 2285 1017 2358 Μήδων
1039 2323 1074 2333 -
1097 2291 1200 2357 λέγεται
1224 2293 1272 2344 καὶ
1290 2295 1345 2356 θη-
1366 2319 1387 2343 ιι

802 2361 894 2419 λοκώς
912 2354 929 2422 ἡ
953 2361 1074 2426 Πτερίοι·
1099 2357 1156 2412 ἔστι
1174 2358 1222 2411 καλ
1239 2363 1345 2422 Πιερία

803 2424 886 2488 πόλις
906 2423 1051 2496 Σινώπης.
1089 2431 1125 2482 At
1143 2436 1236 2483 nostra
1253 2438 1344 2484 aetate

803 2502 909 2554 exstitit
926 2503 1025 2553 Texier
1042 2501 1110 2564 (vid.
1128 2499 1163 2552 ad
1183 2503 1206 2564 1,
1219 2505 1284 2566 ta),
1298 2505 1344 2568 qui

802 2576 925 2623 veterum
948 2573 1133 2622 aedificiorum
1156 2588 1344 2638 murorumque

803 2643 872 2692 adeo
891 2641 1112 2706 Cyelopieorum,
1139 2641 1232 2708 templi
1264 2649 1346 2709 atque

802 2713 874 2762 areis
898 2711 1026 2776 reliquias
1055 2711 1171 2772 grandes
1200 2718 1228 2762 et
1256 2719 1347 2764 exten-

803 2798 858 2843 sas,
882 2797 951 2840 uuae
974 2797 1028 2830 non
1050 2779 1132 2844 longe
1155 2798 1172 2832 a
1194 2785 1255 2832 vieo
1279 2785 1346 2847 Βοη-

801 2851 939 2901 daz-Kevi
967 2855 1127 2912 cernuntur,
1158 2868 1212 2901 non
1238 2853 1272 2902 ed
1295 2855 1347 2903 Ta-

802 2922 885 2982 vium,
904 2925 936 2969 ut
954 2925 1035 2970 antea
1052 2919 1141 2970 vinum
1165 2927 1224 2972 erat
1243 2923 1347 2974 Hamil-

803 2997 868 3040 tono
888 2987 957 3054 (vid.
979 2990 1013 3039 ad
1032 2989 1055 3050 1,
1069 2989 1135 3050 741,
1154 2993 1202 3042 sed
1221 2993 1257 3042 ad
1276 2993 1346 3044 hane

801 3059 922 3110 Pieriam
940 3058 1034 3110 retulit
1058 3059 1175 3124 indeque
1200 3065 1347 3112 accuratis·
1384 3102 1388 3109 .

802 3131 869 3180 sime
899 3133 926 3178 et
958 3128 1105 3191 descripsit
1132 3134 1160 3179 et
1188 3131 1344 3184 delineavit.

803 3199 879 3261 Quae
901 3198 966 3248 urbe
985 3199 1058 3264 quod
1078 3197 1178 3249 dieitur
1201 3193 1272 3250 κατά
1295 3201 1345 3250 Σι-

801 3260 902 3332 νώπην
919 3259 1005 3316 πόλιν
1030 3297 1064 3307 -
1087 3259 1207 3327 μάλιστά
1229 3285 1265 3327 κη
1290 3285 1345 3320 κει-

799 3335 879 3402 μένη,
900 3337 974 3388 redd.
997 3338 1034 3387 αδ
1054 3337 1113 3388 sive
1133 3339 1209 3389 iuxta
1232 3339 1347 3404 Sinopam

798 3407 854 3457 sere
880 3407 949 3456 site:
975 3422 1027 3472 quo
1050 3407 1144 3457 eodem
1170 3409 1250 3460 modo
1274 3403 1347 3458 κατὰ

798 3477 821 3537 Ι,
847 3476 890 3527 80.
913 3476 994 3532 VIII,
1019 3475 1062 3526 3⁶2.
1087 3477 1110 3536 1,
1133 3478 1194 3529 186.
1220 3479 1257 3534 ΙΙ,
1288 3479 1344 3530 118.

797 3543 861 3596 coll.
888 3546 947 3607 121,
970 3550 997 3598 4.
1022 3549 1050 3595 et
1074 3545 1133 3597 1⁵8.
1169 3549 1211 3598 De
1240 3548 1343 3614 Sinope,

797 3631 867 3680 quae
886 3615 968 3666 etiem
986 3613 1059 3664 inira
1083 3615 1130 3676 IV,
1154 3619 1194 3669 ir.
1214 3634 1345 3670 memora-

796 3690 849 3748 tur,
867 3683 930 3734 olim
954 3685 1146 3735 florentissima
1169 3691 1251 3752 atqua
1275 3689 1344 3740 eele-

794 3753 912 3804 berrima
923 3751 1088 3804 Milesiorum
1101 3755 1209 3806 colonia
1222 3757 1249 3807 in
1260 3760 1342 3810 Ponti

794 3823 895 3873 Euxini
923 3839 986 3885 ora,
1013 3827 1135 3873 veterum
1162 3825 1237 3876 locos
1265 3829 1342 3879 dabit

794 3893 926 3954 Forbiger
943 3893 1053 3944 Hendb.
1074 3893 1101 3944 d.
1119 3894 1169 3946 alt.
1186 3896 1285 3958 Geopr.
1301 3900 1339 3948 11.

199 3955 327 4008 dieativis
339 3960 490 4018 temporum
504 3955 695 4007 historicorum
714 3957 743 4006 in
794 3978 820 4024 p.
845 3963 896 4012 402
921 3977 989 4027 seq„
1013 3963 1057 4014 oni
1075 3963 1159 4026 adde,
1178 3966 1225 4027 qui
1248 3969 1340 4032 singu·

197 4023 341 4076 sententiis
360 4023 544 4088 hypotheticis
563 4026 741 4078 disserentem
792 4031 844 4081 iari
872 4030 964 4082 libello
995 4033 1063 4083 haee
1094 4039 1254 4098 persecutus
1287 4043 1337 4098 est,

194 4092 314 4144 Fritsoh.
338 4092 366 4141 in
390 4092 505 4145 Jahrhb.
536 4095 556 4146 t'.
582 4094 680 4146 Philol.
710 4112 738 4146 u.
791 4101 865 4151 Max.
914 4101 1102 4166 Seugebueoh:
1146 4103 1337 4164 Sinopioarum

194 4162 314 4227 Paedag.
328 4161 422 4226 Suppi.
442 4161 489 4212 IV.
508 4177 534 4226 p.
554 4163 588 4216 80
607 4179 674 4230 seq„
693 4165 739 4215 ubi
790 4170 987 4233 Quaestionum
1000 4173 1116 4237 Speoim.
1128 4173 1336 4228 Boratintste.

193 4236 316 4282 nostrum
348 4245 455 4296 quoque
477 4231 566 4282 locum
589 4235 682 4298 attigit
711 4251 737 4299 p.
789 4239 893 4301 Adhuc,
913 4241 985 4304 qrrod
1003 4257 1081 4290 nemo
1102 4241 1159 4292 iere
1177 4245 1274 4300 nescit.
1295 4262 1336 4297 re-

192 4301 236 4356 82.
249 4299 478 4352 etBaeumiein·l.
497 4299 517 4352 1.
536 4317 599 4368 pag.
615 4302 663 4354 138
676 4317 732 4369 seq.
789 4309 871 4360 tinuit
889 4325 986 4360 nomen
1004 4309 1084 4374 Sinnp
1104 4327 1127 4364 s.
1143 4311 1230 4364 Siout.
1259 4315 1339 4367 Hono
