3032 4916
234 264 295 327 728
669 262 937 326 HERODOTI

235 443 272 513 dl
287 442 422 529 λέγουσι
438 440 682 528 φλυηρέοντες,
704 433 748 518 ῦς
763 434 828 525 ἐγώ
846 438 969 522 δοκέω,
985 437 1025 506 τοί
1041 463 1076 506 τε
1090 433 1175 506 ἄλλα
1189 437 1245 506 καὶ
1260 433 1301 524 δὴ
1316 437 1375 504 καὶ

234 545 274 616 τὰ
294 547 371 635 ττερλ
390 541 447 623 τὰς
469 559 580 632 χεῖρας
600 547 669 611 τῶν
692 546 879 612 κολοσσῶν·
913 546 1018 610 ταῦτα
1039 538 1103 630 γάρ
1128 531 1177 609 clv
1199 542 1255 608 καὶ
1277 535 1375 629 ἡμεῖς

236 645 400 740 ῦρέομευ,
425 643 476 716 ὅτι
493 643 559 716 ῦττῦ
580 645 704 734 χρόνον
725 644 783 726 τὰς
803 661 915 736 χεῖρας
937 641 1163 733 ῦποβλήκασι,
1187 650 1225 712 αἳ
1240 647 1278 712 έν
1292 645 1374 713 ποσὶ

169 751 365 828 illustrius
388 755 567 841 desinente
591 752 705 819 ἐοῦσαι
726 756 774 820 ἔτι
789 751 844 818 καὶ
865 751 898 828 ές
920 749 987 837 έμέ.
1025 744 1069 816 Ἡ
1085 747 1122 816 δέ
1146 753 1228 836 βοῦς
1250 745 1289 816 τῦ
1310 747 1376 836 μέν

235 856 319 927 ῦλλα
340 859 606 944 κατακέκρυπται
628 855 789 947 φοινικέῳ
810 858 938 942 εἵματι,
958 849 1018 921 τὸν
1032 849 1157 940 αὐχένα
1179 851 1290 920 δὲκαὶ
1311 848 1376 939 τὴν

237 958 391 1050 κεφαλὴν
405 965 520 1048 φαίνει
535 960 773 1048 κεχρυσωμένα
789 959 888 1045 παχέι·
906 954 1010 1044 κάρτα
1024 959 1155 1046 χρυσῷ·
1189 952 1313 1042 μεταξύ
1336 955 1374 1024 dl

234 1071 303 1134 τοῦν
323 1066 434 1153 κρέων
454 1059 472 1130 ὁ
497 1066 557 1130 τοῦ
577 1057 675 1148 ἡλίου
699 1061 821 1141 κύκλος
840 1062 1066 1149 μεμιμημένος
1088 1064 1200 1128 ἔπεστι
1220 1057 1373 1149 χρύσεος.

236 1175 305 1238 ἔστι
326 1167 363 1236 dl
382 1162 498 1255 ἡβοῦς
520 1161 582 1234 οῦκ
596 1161 703 1254 ὀρθὴ,
726 1161 800 1234 ἀλλ’
818 1167 856 1234 έν
876 1162 1018 1250 γούνασι
1041 1164 1194 1250 κειμένη·
1224 1164 1376 1250 μέγαθος

236 1273 290 1356 dl,
313 1269 374 1359 ὅση
390 1295 453 1358 ττερ
466 1269 593 1358 μεγάλη
614 1273 696 1355 βοῦς
710 1269 785 1357 ζωή.
827 1270 1002 1356 ἐκφέρεται
1018 1267 1053 1335 δὲ
1070 1269 1106 1334 ἐκ
1119 1270 1180 1334 τοῦ
1196 1265 1375 1355 οἰκήματος

238 1373 304 1445 ἀντὶ
333 1372 442 1444 πάντα
464 1370 505 1442 τὰ
526 1375 610 1441 ἔτεα.
649 1370 752 1441 έττεάν
770 1371 960 1441 τύπτωνται
982 1374 1016 1440 οί
1028 1366 1206 1458 Αἰγύπτιοι
1229 1367 1288 1439 τὸν
1311 1367 1376 1438 οὐκ

269 1547 359 1599 ταῦτα
379 1540 416 1596 dl
434 1543 556 1611 λέγουσι]
570 1547 665 1612 ,Vulgo
679 1539 715 1611 δὴ
729 1562 778 1611 pro
829 1544 942 1610 periisse
962 1545 1091 1595 dicebant
1116 1545 1283 1610 eundemque
1300 1545 1377 1610 luge-

234 1614 275 1682 δὲ,
291 1615 540 1684 quodspleriaque
558 1616 633 1666 libris
646 1633 779 1668 commen·
829 1617 909 1676 baut,
936 1614 1044 1679 quando
1068 1613 1146 1664 Nilus
1174 1616 1288 1676 recedit,
1321 1632 1376 1665 nox

235 1691 328 1741 datum
346 1687 496 1752 recepimus
509 1703 569 1737 curn
581 1687 733 1752 Schweigb.
752 1692 779 1736 et
829 1685 937 1750 longior
974 1682 1005 1734 fit
1039 1684 1161 1749 lucisque
1197 1684 1294 1735 soleris
1331 1686 1376 1736 vis

234 1759 321 1811 Gaisl.
360 1758 425 1808 Mox
443 1757 526 1806 verba
548 1755 636 1805 ταῦτα
658 1753 711 1821 γὰρ
737 1744 778 1804 ύν
829 1755 907 1819 quasi
926 1759 1114 1818 superstaret
1134 1755 1260 1806 tabescit.
1298 1756 1377 1818 Quae

128 1865 130 1868 -
234 1825 282 1878 καὶ
302 1820 382 1892 ἡμεῖς
398 1817 522 1890 ὡρέομευ
540 1843 600 1876 cum
618 1827 778 1892 viqnadam
830 1823 924 1873 cadem
941 1823 970 1872 in
989 1824 1106 1874 medium
1124 1824 1266 1889 proferens
1283 1825 1377 1891 zoega

235 1900 311 1950 dicta
328 1913 389 1950 esse
407 1911 491 1962 aeque
509 1912 542 1946 sc
560 1912 642 1961 snpra
659 1897 698 1958 11,
716 1899 777 1948 127:
830 1893 863 1943 de
894 1893 1021 1944 obelisco.
1052 1909 1115 1958 pag.
1138 1895 1190 1945 415
1220 1895 1376 1945 nniversam

233 1967 321 2017 ταῦτα
345 1959 397 2032 γὰρ
422 1955 463 2014 ὧν
486 1963 533 2014 καλ
560 1957 640 2029 ἡμεῖς
665 1957 777 2030 έμετρή-
829 1963 862 2012 de
889 1961 1022 2027 Mycerini
1048 1963 1105 2012 filia
1134 1965 1318 2014 narrationem
1347 1965 1376 2013 in

235 2051 335 2103 σαμεν,
355 2035 488 2086 nemiuem
508 2036 588 2102 legit.
829 2033 1010 2096 suspicionem
1023 2032 1222 2096 quodammodo
1233 2040 1315 2084 vocat
1327 2035 1376 2084 mi-

829 2103 954 2166 nimeque
967 2100 1095 2152 credibile
1112 2108 1214 2165 censet,
1232 2103 1377 2154 muliercu-

398 2207 464 2259 0...
484 2207 620 2258 fflffl·
828 2171 1377 2307 lulllbltssb“tunultu

264 2304 298 2359 ‘H
313 2305 344 2360 δὲ
355 2308 468 2376 βοῦς-
481 2308 586 2375 εἵματι]
606 2311 707 2360 Sensus
726 2311 779 2361 loci
829 2309 897 2359 haec
911 2311 1020 2374 quidem
1033 2312 1181 2374 mittamus,
1196 2327 1375 2378 apponamus,

235 2381 278 2430 bie
297 2381 351 2430 iere
372 2387 427 2430 est:
447 2379 629 2441 „boshaecce
646 2380 778 2445 reliquum
828 2395 898 2444 quac
930 2379 1079 2430 Crenaerus
1113 2381 1265 2446 disputavit
1296 2383 1376 2434 Com·

235 2465 332 2513 eorpus
350 2449 432 2498 babet
451 2449 588 2498 obtectum
611 2449 693 2512 pallio
715 2465 778 2514 pur·
829 2453 925 2498 mentt.
955 2450 1076 2500 Herodd.
1108 2467 1171 2517 pag.
1202 2453 1250 2502 127
1283 2467 1375 2518 seqq.:

234 2535 316 2582 purco
336 2517 374 2580 (id
392 2523 447 2578 est,
472 2519 679 2584 pretiosissimo)
702 2535 779 2583 prae·
830 2518 943 2581 „Iam-si
957 2533 1083 2584 quaeres,
1097 2537 1145 2570 cur
1157 2520 1376 2572 excellentiorem

235 2587 390 2638 torcellum
409 2595 435 2636 et
455 2592 552 2650 caput,
574 2588 647 2652 quod
666 2587 779 2652 (nudum
828 2585 900 2637 filiae
919 2587 1088 2653 sepulturum
1106 2592 1134 2639 iu
1150 2592 1250 2641 bucula
1264 2607 1377 2642 censue·

233 2657 316 2706 lrabst
334 2655 371 2720 et)
391 2657 502 2720 praebet
519 2671 612 2706 crasso
633 2658 778 2708 admodum
829 2657 866 2706 rit
876 2657 1041 2722 Myconum,
1060 2675 1141 2724 quam
1159 2661 1187 2710 in
1205 2662 1312 2712 arcula:
1331 2678 1378 2711 ex-

234 2743 300 2777 auro
323 2726 506 2777 inauratum.“
523 2753 558 2762 -
576 2727 609 2776 In
627 2743 704 2792 seqq.
723 2719 779 2776 ἀνὰ
829 2727 923 2791 perlita
941 2730 996 2778 iam
1014 2730 1155 2794 responsio
1173 2736 1228 2794 cst,
1246 2730 1378 2782 videlieet

234 2788 327 2846 πάντα
345 2787 379 2845 τὰ
402 2789 464 2845 ἔτεα
486 2795 579 2846 eodem
601 2799 681 2847 modo
706 2797 777 2847 dixit
828 2797 909 2846 haee:
938 2799 1066 2862 quonism
1088 2800 1135 2864 qui
1157 2801 1185 2848 in
1210 2801 1304 2850 arculs
1325 2792 1376 2850 ἆν-

233 2867 403 2927 Herodotus,
428 2881 481 2930 quo
501 2882 561 2929 cup.
584 2865 631 2917 130
649 2857 704 2915 ἀνῦ
724 2857 776 2916 τιοί-
828 2864 1009 2930 θρωττοειδει·
1021 2868 1222 2932 condebantur,
1241 2871 1262 2920 ii
1277 2877 1304 2922 et
1322 2871 1378 2936 ipsi

234 2949 287 2999 σην
304 2926 421 2999 ἡμέρην.
810 2933 938 3001 'quidem
964 2937 1081 2987 loculum
1105 2938 1244 2990 habebant
1268 2941 1296 2990 in
1321 2957 1378 2991 me-

263 2997 349 3056 έτεάν
360 3003 521 3054 τύπτωνται
530 2996 560 3052 οί
565 2996 715 3068 Αίγύπτιον
727 2997 777 3054 τὸν
828 3007 942 3056 moriem
956 3006 1072 3057 Osiridis
1092 3007 1210 3070 tactum,
1230 3026 1318 3076 neque
1334 3017 1378 3061 ta-

234 3067 287 3124 ούκ
308 3065 539 3138 ούνομαζόμενον
555 3069 629 3122 θεὸν
651 3089 676 3123 κ.
698 3090 722 3125 τ.
739 3073 775 3137 λ.]
829 3091 889 3124 men
917 3075 1011 3127 eodem
1040 3093 1166 3143 prorsus,
1183 3091 1249 3144 ‘quo
1276 3081 1377 3140 Osiris,

234 3146 253 3194 i.
273 3159 296 3194 e.
316 3144 416 3208 quando
432 3146 555 3208 plangunt
571 3143 691 3207 Aeyyptr'i
704 3145 777 3194 deum
828 3145 908 3194 mode
938 3145 1137 3210 condebantur,
1168 3154 1264 3214 utpote
1294 3151 1375 3201 cuius

233 3217 312 3272 illam,
336 3215 407 3262 cuiue
428 3229 513 3262 nornen
535 3215 560 3262 in
585 3217 632 3263 toli
653 3229 683 3263 rc
700 3214 776 3264 cdere
829 3216 1099 3266 membrainbevem
1115 3219 1237 3270 immissa
1254 3219 1375 3271 lucrant.

233 3282 290 3332 asili
302 3284 377 3344 nefas
389 3290 442 3342 εει,
465 3291 513 3332 tum
527 3282 592 3332 λαοο
607 3283 688 3332 bouem
700 3286 725 3333 in
738 3286 776 3332 lu·
828 3285 912 3334 Porro
936 3287 982 3349 qui
1006 3286 1034 3335 in
1053 3301 1131 3338 sacro
1155 3289 1308 3340 conditorio
1331 3305 1377 3340 se-

233 3368 284 3402 rem
299 3351 440 3414 proferrent.
469 3351 510 3401 Ad
523 3356 687 3402 structuram
703 3351 777 3402 verbi
827 3353 896 3418 pulti
914 3361 994 3415 eunt,
1019 3361 1097 3406 erent
1115 3355 1155 3406 illi
1178 3359 1285 3422 quidem
1307 3349 1376 3422 ὁμό-

233 3413 391 3470 τύτττεοθαι
409 3421 481 3470 conf.
502 3436 584 3486 supra
601 3422 637 3483 11,
657 3421 687 3472 ur
710 3422 776 3486 ibiq.
828 3437 914 3486 ταφοι
928 3415 1070 3488 Ὀσίριδος
1085 3427 1178 3478 eodem
1192 3443 1253 3478 cum
1265 3428 1377 3480 Osiride

233 3495 290 3541 not.
309 3489 372 3541 coll.
391 3490 430 3552 ΙΙ,
451 3490 508 3541 170.
548 3491 623 3552 Quae
641 3492 665 3540 ei
683 3495 776 3541 contu·
828 3492 932 3542 tumulo
945 3495 1038 3558 potiti:
1058 3497 1105 3546 sed
1117 3496 1267 3548 illatamen
1282 3499 1377 3563 puella

232 3560 296 3611 leris
324 3575 379 3609 uns
406 3575 466 3608 cnm
493 3559 633 3610 Plutarchi
658 3560 718 3610 loco
744 3560 777 3610 de
828 3563 966 3613 sanctiore
984 3564 1102 3628 quodum
1120 3567 1229 3618 viuculo
1248 3569 1377 3620 suitOsi-

233 3630 300 3681 Isid.
323 3635 406 3694 atque
419 3628 519 3679 Osirid.
534 3646 560 3694 p.
575 3628 626 3680 366
639 3645 660 3683 s.
676 3645 702 3694 p.
716 3631 776 3682 501.
829 3631 881 3681 ridi
899 3633 1027 3698 copulate
1038 3641 1065 3684 et
1078 3637 1157 3700 qussi
1172 3642 1257 3702 nupta
1275 3639 1300 3688 ei
1312 3639 1376 3691 dco.

233 3716 294 3765 cap.
313 3700 347 3751 39
366 3698 424 3762 (ubi
442 3698 567 3749 conseras
582 3700 776 3764 Wyttenbaeb.
829 3702 907 3752 Hune
932 3703 966 3752 ob
985 3719 1095 3755 causam
1119 3712 1224 3770 putrem
1246 3723 1378 3760 exorave-

176 3799 181 3812 ·
232 3769 405 3820 Animadvss.
425 3767 468 3828 11,
492 3767 778 3834 1.pag.‘225),nihil
828 3776 885 3834 rat,
912 3777 942 3820 ut
968 3774 1050 3825 semel
1074 3775 1102 3825 in
1126 3791 1197 3826 anuo
1218 3777 1302 3828 solem
1321 3779 1377 3829 sibi

232 3838 352 3898 dubium,
369 3837 419 3888 boc
433 3837 493 3888 loco
506 3836 593 3898 deum,
606 3855 684 3903 quern
698 3839 776 3890 edere
827 3841 967 3905 adspicere
989 3843 1096 3908 liceret,
1121 3846 1274 3911 eductaque
1297 3853 1340 3898 est
1361 3866 1376 3900 e

232 3909 309 3958 nefas
327 3907 449 3969 videtur,
468 3905 590 3958 Orirldem
607 3924 676 3958 esse.
709 3910 778 3959 Nar·
828 3910 951 3960 conclavi
966 3928 998 3963 eo
1018 3914 1075 3977 die,
1093 3931 1146 3980 quo
1163 3917 1279 3980 populus
1297 3918 1376 3982 plan-

232 3977 356 4026 reteuim
371 3976 542 4040 Plutarchus,
561 3977 775 4044 Acgyptiospro
827 3979 1066 4045 gebutOsiridem.
1099 3986 1376 4052 Quoipsodiequod

231 4046 305 4095 Iside
334 4045 451 4096 coluisse
476 4062 578 4098 vaceae
603 4047 776 4099 simulacrum
827 4050 965 4113 suspicere
992 4053 1103 4103 volebat
1135 4055 1235 4116 solem,
1265 4057 1316 4107 boc
1345 4059 1375 4109 in

231 4113 404 4176 deauratum,
437 4115 507 4180 quod
531 4117 629 4168 annuis
652 4117 776 4168 solemni·
827 4134 901 4184 spem
920 4119 1003 4170 fiebat
1021 4123 1159 4173 redeuntis
1182 4124 1265 4188 lucis,
1291 4143 1374 4192 quarn

231 4183 291 4244 bue,
312 4199 372 4233 cum
392 4184 528 4235 Osiridem
545 4186 679 4252 lugerent,
698 4189 775 4252 nigro
827 4189 914 4252 ipsam
934 4204 1009 4254 spem
1028 4191 1078 4242 hoc
1098 4199 1220 4257 tempore
1238 4198 1375 4261 concipie-

231 4249 310 4316 peplo
323 4252 469 4316 obtectum,
482 4271 581 4319 pompa
592 4257 693 4320 septies
703 4258 776 4307 cirea
826 4258 893 4306 bant
911 4259 1047 4324 Aegyptii.
1084 4263 1166 4312 Haud
1185 4265 1302 4316 alssurde
1321 4267 1374 4332 igi-

230 4319 359 4385 templum
379 4321 519 4376 ducerent.
556 4325 691 4376 osiridem
710 4343 774 4378 vero
826 4333 869 4376 tur
887 4328 1217 4396 suspicerislltyeerinum
1238 4339 1293 4384 tarn
1314 4351 1373 4388 sm-
