3088 4922
548 296 799 360 EU'I'ERPE.
821 297 864 357 Il.
885 303 930 358 tu.
1245 286 1307 350 523

173 482 275 566 βαίου
297 461 495 558 εἰσὶ,·οὗιοι
512 473 575 560 μέν
593 498 660 542 νον
678 471 800 551 πάντες
812 467 895 542 ὀΐων
909 466 1109 557 ἀπεχόμενοι
1127 465 1225 554 αἶγας
1239 463 1305 536 00-

173 600 259 650 οοσι.
287 575 391 658 θεοὺς
405 574 470 664 γὰρ
485 574 527 666 δὴ
542 571 583 644 οὐ
595 573 674 656 τούς
688 572 812 656 αὐτοὺς
829 570 973 654 ἅπαντες
987 569 1109 662 ὁμοίως
1125 568 1306 658 Αἰγύπτιοι

174 686 345 772 σέβονται,
368 677 459 769 πλὴν
467 677 570 760 Ἴσιός
589 705 625 748 τι
646 680 703 749 καὶ
719 676 877 770 Ὀσίριος,
901 675 961 748 τὸν
976 674 1018 766 δὴ
1033 673 1205 748 Διόνυσον
1220 671 1307 745 εἶναι

174 890 250 938 ratur
261 883 351 938 verbis
367 875 499 948 ἔκτηνται
513 873 592 946 teir,
610 887 642 934 ut
656 896 717 934 mea
767 885 811 932 tae
831 879 909 932 initia
933 884 1015 946 etque
1037 879 1204 930 incremento
1226 877 1255 927 in
1278 892 1307 928 se

174 954 281 1022 quidem
305 953 442 1004 sententia
465 952 552 1003 omnis
570 950 643 1003 absit
661 968 716 1003 ruu-
767 951 889 1003 eontinet
904 965 1061 1014 omnemque
1080 963 1169 998 rernm
1188 945 1308 996 ordinem

174 1025 252 1076 tandi
282 1038 374 1073 eausa.
418 1023 488 1072 Nam
517 1021 716 1088 intelliguntur,
768 1020 922 1082 constituit,
946 1033 1055 1070 cursum
1076 1031 1153 1068 suum
1176 1031 1224 1081 per
1246 1032 1307 1067 coe-

173 1096 327 1161 quieuuque
339 1093 432 1144 levem
440 1092 610 1144 Ammonium
625 1091 718 1144 colunt
766 1092 822 1142 lum
840 1091 951 1156 eiusque
967 1089 1047 1154 signa
1064 1086 1209 1138 absolvens
1222 1101 1308 1151 eoque

175 1171 202 1217 et
219 1164 254 1214 ed
272 1165 330 1215 aius
347 1159 474 1228 templum
485 1161 645 1213 Thebanum
658 1178 718 1228 per·
767 1164 856 1228 ipsum
875 1175 973 1211 anunm
992 1157 1106 1208 efferens
1127 1161 1153 1206 et
1173 1171 1308 1220 quaecun-

174 1237 271 1286 tinent.
306 1233 364 1283 Nec
383 1233 470 1298 mugls
495 1233 523 1282 iu
547 1247 624 1298 seqq.
648 1247 716 1298 opus
768 1247 820 1298 qua
837 1245 884 1297 per
901 1229 967 1280 anui
984 1243 1091 1279 cursum
1109 1225 1137 1274 iu
1155 1240 1244 1276 rernm
1261 1241 1308 1276 ua-

173 1305 292 1356 lectione
310 1292 373 1354 ὅσοι
392 1297 424 1353 δὲ
442 1293 498 1367 δὴ,
517 1307 548 1353 ut
565 1301 638 1353 idem
653 1302 717 1354 Vel·
765 1308 827 1353 ture
850 1300 919 1352 fiunt
943 1298 1078 1350 efficiens:
1100 1296 1193 1362 itaque
1216 1295 1244 1346 in
1268 1296 1308 1346 iu-

174 1372 383 1436 circumluit,
407 1388 467 1423 cum
492 1373 616 1438 repetitis
634 1373 717 1437 parti·
767 1369 960 1436 scriptionibus
991 1367 1165 1433 praedicatur
1199 1365 1307 1415 Amun-

174 1444 244 1498 eulis
267 1435 320 1509 pte
341 1446 370 1494 et
392 1436 424 1492 δὲ
443 1431 517 1508 (ὅσοι
539 1435 600 1506 μὲν
622 1435 663 1508 δὴ
681 1473 716 1483 -
767 1443 806 1492 Rs
823 1457 846 1492 s.
863 1440 912 1503 liu,
936 1440 954 1489 i.
981 1453 1005 1489 e.
1024 1438 1135 1488 doninus
1155 1437 1229 1498 cosli,
1257 1451 1308 1486 ree·

174 1502 255 1565 οὖτοι
273 1510 334 1574 μέν
352 1527 413 1562 νον
436 1517 464 1563 st
481 1501 544 1562 ὅσοι
565 1506 598 1562 ti
615 1539 650 1550 -
668 1499 716 1562 od·
767 1513 882 1563 deorum:
901 1509 957 1559 vid.
971 1506 1073 1558 Roeth:
1092 1505 1190 1558 Gescb.
1206 1505 1232 1556 d.
1245 1505 1308 1557 Plri-

173 1600 218 1634 τοι
236 1577 287 1648 di)
307 1583 376 1633 satis
399 1597 526 1648 magnam
548 1582 603 1632 rim
625 1583 716 1649 acqui·
768 1582 820 1633 los.
837 1582 862 1632 I.
881 1583 951 1630 uott.
971 1594 1035 1644 pag.
1054 1577 1098 1639 04,
1117 1576 1163 1642 qui
1182 1575 1254 1626 idem
1273 1575 1307 1626 de

175 1655 252 1706 sierit
274 1653 372 1704 oratio.
419 1652 481 1703 Vid.
504 1653 664 1703 Buttmann.
686 1651 715 1702 iu
767 1653 819 1703 boo
843 1651 894 1702 dee
915 1649 1038 1716 pluribus
1062 1646 1187 1712 exposuit
1209 1661 1236 1710 p.
1257 1647 1307 1700 132

175 1727 290 1776 Excute.
307 1723 341 1772 ad
354 1722 496 1773 Demostb.
510 1721 587 1774 Orat.
607 1723 673 1774 blid.
687 1739 716 1787 p.
767 1737 843 1788 seqq.
861 1721 912 1772 145
930 1735 987 1784 seq.
1006 1722 1034 1768 et
1050 1721 1120 1768 nott.
1138 1733 1165 1781 p.
1183 1715 1216 1766 35
1229 1731 1306 1782 seqq.

178 1795 227 1846 154
250 1797 278 1843 et
297 1793 331 1843 de
347 1791 488 1858 particulis
506 1785 558 1854 piu
580 1798 608 1843 et
626 1785 658 1841 di
676 1792 716 1842 ita
766 1793 801 1844 40
819 1807 893 1858 seqq.
922 1786 1058 1854 Seyfferth
1072 1787 1091 1837 l.
1103 1786 1122 1837 l.
1132 1803 1158 1852 p.
1171 1785 1215 1837 01.
1235 1786 1305 1838 Αᾱᾱ.

177 1861 337 1928 duplicatis,
367 1868 399 1912 ut
427 1864 455 1912 in
480 1862 565 1927 priori
596 1862 715 1912 membro
766 1863 877 1913 Bunsen
900 1861 919 1911 l.
941 1859 960 1910 l.
985 1856 1147 1907 Wilkiusou.
1177 1857 1306 1909 Manners

175 1927 227 1998 plu
244 1935 361 1998 ponatur
379 1933 429 1994 tia,
454 1932 483 1982 in
501 1932 615 1996 apodosi
628 1947 716 1997 esque
767 1937 820 1982 etc.
839 1946 894 1980 sec.
912 1944 965 1982 ser.
987 1928 1011 1977 1.
1031 1944 1056 1993 p.
1075 1926 1126 1976 243
1148 1941 1223 1991 seqq.
1242 1927 1305 1979 coll.

175 2008 258 2068 utque
275 2003 304 2052 in
321 2003 439 2067 protasi,
457 2003 484 2051 in
498 2001 715 2062 alteromembro
765 2001 826 2054 201.
855 1995 1182 2064 ΒορείιιιιὶιιιΑὶιὴσοᾱΙΙ.
1196 1997 1305 2049 d.Berl.

175 2067 207 2123 δὲ
220 2071 382 2122 dissimilem
395 2073 424 2122 in
440 2073 562 2135 modum,
581 2071 713 2122 Herodot.
765 2071 851 2122 Aeud.
878 2069 955 2121 1851.
979 2083 1044 2134 pag.
1070 2065 1120 2119 180
1144 2083 1220 2132 seqq.
1245 2067 1305 2120 104.

174 2143 271 2206 Into.
290 2141 332 2193 50.
356 2141 413 2204 102,
435 2141 504 2206 alie,
530 2157 599 2207 quae
621 2141 716 2192 attulit
766 2139 872 2192 Emit-io
891 2137 995 2190 David:
1021 2137 1124 2202 Iupiter
1143 2138 1167 2188 I.
1190 2151 1254 2203 pag.
1271 2138 1323 2190 82·

174 2212 290 2264 Werier.
310 2210 329 2264 l.
348 2211 366 2261 l.
386 2229 412 2278 p.
432 2211 475 2262 00.
495 2243 530 2252 —-
547 2212 629 2263 Iouem
650 2211 715 2262 Tile-
765 2227 841 2276 seqq.
862 2208 912 2261 100
930 2225 1006 2274 seqq.
1043 2209 1120 2270 Quae
1137 2208 1183 2272 qui
1198 2213 1307 2274 reputa-

174 2283 263 2334 tanen
281 2282 393 2346 eiusque
405 2281 534 2346 templum
548 2283 648 2333 Noster
660 2283 714 2332 iam
765 2281 849 2342 verit,
874 2277 959 2330 facile
976 2279 1071 2344 opinor
1087 2275 1234 2344 intelliget,
1259 2280 1307 2344 qui

174 2353 394 2404 commemoravit
408 2352 431 2410 I,
449 2351 496 2402 181
513 2351 715 2413 (ubideiorma
766 2353 870 2402 iactum
894 2350 944 2412 sit,
967 2353 998 2399 ut
1023 2348 1121 2400 Graeci
1143 2348 1214 2400 huuc
1235 2365 1306 2400 sum-

175 2418 315 2487 Θηβαιέος
332 2426 360 2472 st
373 2421 400 2472 h.
420 2421 439 2470 l.
457 2427 485 2472 et
503 2422 539 2483 ll,
557 2424 592 2473 54
609 2437 715 2488 quoqne
765 2437 837 2472 mum
848 2419 1044 2486 Aegyptiorum
1061 2419 1139 2470 deum
1153 2434 1214 2470 cum
1231 2419 1305 2483 Iove,

174 2492 256 2543 obvia
273 2490 403 2555 diximus)
418 2496 661 2557 commemorutque
676 2493 715 2542 in·
765 2493 812 2558 qni
832 2491 934 2556 etipse
958 2504 1078 2540 summus
1098 2489 1164 2540 deus
1184 2488 1306 2540 deorum-

175 2563 217 2613 ira
233 2562 271 2625 ll,
291 2563 333 2613 54.
354 2561 396 2624 50,
413 2563 532 2628 itemque
550 2563 586 2624 ll,
605 2562 639 2613 29
655 2561 714 2624 (ubi
765 2577 817 2628 qne
835 2575 882 2610 rex
892 2559 1098 2626 perhibebatur,
1118 2559 1307 2610 contenderint

174 2633 207 2682 de
224 2648 256 2683 eo
279 2633 346 2683 love
363 2647 465 2694 sermo,
492 2633 537 2698 qui
562 2633 591 2682 in
609 2634 715 2683 Merces
763 2631 893 2696 Iouemque
910 2629 1061 2680 Ammoniou
1077 2627 1140 2678 iude
1158 2631 1306 2680 constitue-

173 2701 262 2753 insula
280 2701 387 2768 colitur)
400 2707 427 2753 et
440 2703 478 2764 11,
492 2703 527 2754 82
546 2700 603 2767 (ubi
622 2702 656 2752 de
673 2701 715 2753 lo-

173 2773 216 2823 vis
230 2769 329 2836 templo
339 2771 483 2824 etoraeulo
497 2774 525 2822 iu
535 2769 713 2834 oasiSineh).

174 2841 304 2906 Reliquos
323 2857 415 2893 omnes
434 2847 555 2893 veterum
572 2841 649 2893 locos
668 2843 715 2892 da-

174 2912 215 2962 bit
232 2911 462 2962 Submitthennerr
489 2914 530 2963 De
549 2912 614 2962 Iove
631 2913 715 2962 Ham-

174 2995 253 3030 moue
263 2980 404 3045 Syutagm.
415 2981 438 3030 I.
452 2980 612 3046 (Wsilburg.
626 2980 714 3048 1840.)

174 3065 202 3114 p.
223 3049 257 3100 10
269 3063 342 3114 seqq.
368 3050 421 3112 Qui
432 3049 512 3112 dens,
526 3051 628 3101 Thebis
638 3067 714 3116 prae-

176 3121 254 3184 cipue
272 3117 375 3182 cultus,
399 3119 488 3183 qualis
507 3121 590 3170 luerit
612 3121 641 3170 in
661 3121 714 3171 Ae-

174 3188 329 3254 gyptiorum
342 3189 464 3240 Pantheo
476 3205 608 3257 quemque
625 3191 715 3242 locum

174 3260 201 3308 in
225 3259 419 3323 Aegyptiomm
441 3259 551 3310 deorum
574 3261 714 3313 ordinibus

174 3328 284 3392 ceperit,
304 3329 328 3378 si
345 3344 474 3393 quaeres,
491 3331 647 3395 primarium
663 3332 716 3382 uti·

173 3413 227 3463 que
250 3411 347 3448 nomeu
370 3397 469 3460 fuisse,
494 3401 521 3450 in
544 3401 630 3466 primo
653 3401 715 3452 dee-

173 3481 230 3518 rum
239 3467 333 3520 ordine
341 3469 532 3534 reponendum,
545 3475 649 3522 eertum
659 3475 714 3522 est:

173 3537 232 3588 sive
247 3537 396 3603 proiectum
409 3539 483 3590 dicas
502 3555 533 3590 eo
551 3557 583 3590 ex
596 3542 713 3603 numine,

173 3607 245 3674 quod
259 3608 377 3659 omnium
393 3609 557 3674 primitivum
568 3610 664 3661 volunt
676 3611 714 3660 in-

173 3677 259 3743 deque
283 3685 410 3742 seperant
432 3678 524 3743 (Num,
550 3679 665 3731 Cbrubis
689 3696 712 3732 a.

172 3747 283 3811 Knepb:
302 3748 359 3800 vid.
373 3749 483 3800 Bunaen
498 3751 614 3814 Egypt's
632 3749 714 3800 Plane

172 3818 201 3867 iu
221 3817 367 3869 Universal
387 3820 502 3883 History
528 3819 550 3870 Ι.
575 3835 638 3885 pag.
664 3818 715 3872 300

173 3885 273 3952 seqq),
291 3889 350 3938 sive
368 3903 451 3940 unum
469 3888 594 3954 idemque
610 3889 713 3942 habeas

172 3971 285 4020 numen,
312 3957 384 4023 quod
400 3957 529 4024 'spiritum
551 3958 671 4009 divinum
689 3974 712 4010 s.

763 2702 832 2752 rint:
852 2699 885 2751 de
900 2715 953 2765 quo
970 2698 1048 2764 plura
1064 2697 1135 2748 idem
1150 2699 1239 2750 Roetb
1253 2699 1272 2751 l.
1285 2699 1304 2752 l.

764 2775 834 2822 nott.
851 2787 878 2836 p.
896 2771 940 2821 41.
971 2767 1079 2818 Εοιόιίο
1095 2768 1185 2818 David
1201 2768 1221 2819 l.
1239 2768 1259 2820 l.
1278 2774 1306 2820 et

765 2843 804 2893 11.
823 2857 849 2906 p.
869 2839 918 2891 401
947 2853 1022 2904 seqq.
1038 2867 1074 2877 -
1090 2836 1232 2888 Caeterum
1254 2837 1306 2890 hoc

765 2927 798 2962 ex
818 2909 880 2961 loco
901 2910 1084 2960 coniecturum
1106 2907 1139 2957 de
1165 2922 1305 2958 nemorum

764 2981 958 3046 Aegyptiorum
976 2978 1081 3044 origine
1098 2977 1174 3027 ducit
1188 2977 1303 3030 Heereu.

764 3051 846 3101 ldeen
860 3053 912 3100 ete.
931 3049 968 3106 11.
979 3050 1005 3099 2.
1022 3063 1085 3112 pag.
1101 3047 1151 3099 113
1163 3046 1225 3098 οοΙΙ.
1244 3048 1304 3100 155.

764 3121 865 3172 Nomos
878 3121 948 3170 enim
958 3118 1112 3183 suspicatur
1121 3115 1243 3182 singulos
1250 3119 1305 3170 sin-

764 3189 828 3254 gula
845 3189 881 3239 sd
898 3187 1000 3252 templa
1016 3187 1238 3252 sacerdotumque
1260 3205 1304 3240 uo·

763 3260 852 3312 lunias
877 3258 1052 3323 pertinuisse,
1077 3272 1190 3322 quarum
1211 3259 1305 3324 singu-

763 3330 806 3380 lae
832 3329 953 3394 singulos
982 3328 1172 3378 constituerint
1198 3343 1303 3391 nomos,

764 3415 815 3452 sua
825 3414 957 3466 quemque
972 3397 1102 3464 religione
1113 3399 1253 3464 morisque·
1265 3399 1305 3449 di·

764 3471 895 3521 stinctum
908 3469 941 3520 ab
952 3468 1013 3519 aliis
1022 3467 1123 3526 nomin
1143 3468 1183 3518 ita
1194 3472 1225 3519 nt
1238 3472 1305 3533 quot

764 3541 848 3602 nomi,
877 3538 990 3589 totidem
1012 3537 1183 3588 sacerdotum
1208 3537 1304 3588 civita·

763 3615 805 3661 tes
823 3625 845 3660 s.
859 3608 982 3660 coloniae
1000 3607 1123 3672 primitus
1140 3607 1302 3660 exstiterint.

764 3681 854 3743 Quare
872 3678 1010 3730 Sesostriu
1031 3691 1170 3728 nemorum
1193 3676 1304 3726 divisio-

763 3765 823 3800 nem
845 3749 998 3800 instituisse
1025 3747 1093 3808 dici,
1117 3747 1180 3812 quia
1202 3747 1303 3812 primus

762 3820 848 3871 totius
862 3819 981 3884 Aegypti
998 3817 1138 3882 imperium
1149 3821 1247 3868 nectua
1257 3817 1302 3866 sit.

763 3891 806 3941 ‘l'u
821 3888 875 3942 vid.
893 3888 928 3938 de
945 3887 1033 3938 nomia
1045 3889 1114 3937 uott.
1133 3887 1169 3937 ad
1186 3885 1223 3949 II,
1244 3885 1301 3938 100.

172 4031 287 4078 mentem
306 4027 424 4078 divinam
442 4026 562 4078 declarat
579 4029 714 4080 additum·
799 4019 937 4090 Ὀσίριος,
952 4013 1004 4072 τὸν
1021 4013 1057 4087 δὴ
1074 4013 1218 4072 Διόνυσον
1229 4015 1304 4073 εἶναι

172 4111 224 4160 que
241 4101 319 4161 gerat
336 4098 414 4160 quusi
428 4095 536 4147 titulum
548 4097 630 4148 Αιιιιιιι
647 4097 676 4163 (i.
687 4113 710 4149 e.
762 4093 884 4162 λέγουσι]
902 4093 981 4144 Ceut.
992 4092 1094 4143 Herod.
1112 4092 1148 4154 11,
1166 4092 1217 4148 144
1235 4108 1302 4159 seq„

171 4167 301 4228 ecculm,
319 4181 368 4217 non
385 4165 518 4231 epertwn).
555 4169 617 4218 Hoc
629 4169 713 4233 igitur
762 4166 855 4231 ibique
872 4167 952 4223 nott..
969 4161 1039 4212 alios
1055 4161 1131 4212 locos
1146 4167 1176 4212 ut
1186 4166 1302 4214 taceam.

172 4249 303 4285 summum
320 4251 421 4286 numen
437 4235 505 4286 Solis
529 4235 610 4301 globo
628 4237 713 4288 homi·
762 4235 803 4286 Aa
825 4248 891 4285 vera
914 4232 1021 4297 quidem
1046 4231 1177 4282 historiae
1198 4237 1303 4296 putrem

171 4303 251 4353 nibus
276 4303 412 4354 iudicatur
437 4309 464 4356 et
493 4311 712 4369 repraesentatur
762 4303 922 4364 tradidisse,
941 4315 991 4351 nec
1008 4300 1115 4366 lapsum
1128 4317 1200 4362 esse,
1219 4306 1251 4352 ut
1267 4302 1302 4352 iis

172 4371 295 4435 idemque
313 4373 438 4424 omnisin
454 4389 543 4424 rerum
557 4380 655 4426 natura
671 4375 711 4423 vi-
761 4373 860 4439 plaoet,
874 4371 921 4437 qui
932 4371 1072 4422 Herodoto
1086 4371 1146 4437 plus
1161 4386 1191 4421 aa
1207 4385 1303 4436 sapere
