3088 4944
655 297 782 361 OLIO.
803 301 829 360 Ι.
853 311 911 365 181.
1288 301 1350 366 357

212 474 329 560 ἕτερον
345 469 383 540 dl
397 475 530 538 ἔσωθεν
544 485 650 560 τεῖχος
668 475 839 562 περιθέει,
865 469 906 544 ori
929 481 1044 570 πολλῷ
1061 479 1123 570 ιε’ρι
1144 473 1347 552 ἀσθενέστε-

214 602 275 662 ρον
290 578 350 641 τοῦ
372 575 487 662 ἑτέρου
505 579 645 660 τείχεος,
666 577 876 666 στεινότερον
892 581 939 648 δέ.
973 575 1028 648 Ἐν
1042 580 1080 649 dl
1094 579 1219 670 φάρσεϊ
1232 585 1345 655 ἑκατέ-

215 705 262 769 ρῳ
276 681 334 764 τῆς
349 675 464 755 πόλιος
476 683 654 765 τετείχιστο
668 681 705 749 ἐν
718 683 825 774 μέσῳ,
845 686 882 751 ἐν
901 686 948 774 τῷ
961 679 1001 750 coi
1022 683 1241 774 declivitate
1200 713 1223 773 μ
1242 717 1263 756 ν
1284 713 1344 760 πε-

212 861 440 926 nonnulliscodd.
452 863 590 926 omissum,
600 864 757 930 eedeoripsi
808 865 856 916 ber
879 865 1053 919 Florentinus
1083 861 1149 919 εἷεν.
1194 870 1347 924 Gronovius

213 929 356 996 περιθέει,
376 935 537 998 utsupral,
552 903 602 984 17'8
604 936 757 1000 ,probante
809 941 962 986 correxerat
983 927 1013 986 ἐν
1039 935 1078 1004 aqi
1099 933 1163 1002 pir
1182 932 1278 1007 reid,
1304 945 1347 993 cui

210 1002 329 1054 Bredov.
351 1018 379 1066 p.
395 1001 462 1064 3733
487 1003 558 1054 idem
581 1005 694 1056 verbam
713 1021 757 1056 ea-
807 1005 990 1069 adstipulatur
1012 1007 1208 1074 Wessolingius
1231 1011 1266 1062 ad
1283 1013 1348 1064 Dio-

212 1071 272 1122 dem
291 1071 489 1137 significatione
510 1073 754 1126 adhibuitHomer.

211 1142 254 1192 Ili.
279 1143 334 1204 VI,
360 1142 420 1194 320.
448 1142 531 1205 VIII,
558 1145 620 1196 404.
654 1145 715 1210 Ody
717 1161 754 1197 se.

211 1211 316 1273 XXIV,
341 1211 401 1264 208.
425 1209 486 1263 οοΙΙ.
511 1212 651 1264 Plutarch.
668 1215 752 1266 Μοιι.

211 1277 280 1346 (ΙΙ.)
305 1296 332 1346 p.
351 1282 452 1334 7054.
483 1281 756 1350 Schweighaeuserns

213 1350 232 1402 l.
250 1350 269 1401 l.
289 1350 355 1402 haee
373 1351 457 1402 verbe
477 1351 511 1401 de
528 1352 575 1404 illo
593 1369 683 1416 muro,
709 1355 756 1420 qui

212 1420 361 1471 secundnm
387 1427 531 1487 utramque
559 1420 634 1473 flurfl
663 1424 756 1476 urbem

213 1491 378 1572 permeantis
394 1493 480 1556 ripam
499 1492 597 1543 ductus
616 1499 691 1557 erat,
712 1488 755 1544 orl-

212 1553 320 1625 μασιὴν
350 1561 450 1612 Noster
485 1561 604 1626 dixerat,
640 1563 757 1630 intelligi

214 1630 282 1681 vult.
323 1631 402 1694 Quod
430 1629 488 1680 ficri
511 1648 592 1696 posse
614 1639 697 1698 negat
721 1635 755 1686 R.

806 1144 934 1195 nedict.
927 1161 955 1195 ιιι
973 1146 1047 1196 Actt.
1067 1161 1132 1196 sem.
1145 1162 1201 1214 reg.
1216 1149 1267 1214 Lip
1269 1165 1292 1200 e.
1306 1151 1345 1204 ΙΙ.

805 1231 833 1279 p.
859 1215 919 1266 284.
948 1215 1069 1266 Koenius
1095 1215 1228 1266 maluerat
1250 1166 1348 1286 ἐντῷ

807 1276 868 1347 μὲν
887 1273 954 1346 ἕνί,
979 1285 1051 1350 qnod
1066 1286 1243 1366 responderet
1257 1269 1348 1340 verbis

807 1353 984 1418 sequentibus
1002 1345 1033 1404 ἐν
1055 1347 1087 1404 (ΙΙ
1111 1371 1149 1420 τῳ
1140 1345 1259 1424 ἑτέρῳ.
1295 1357 1349 1408 Sed

806 1424 893 1488 magis
916 1421 1054 1488 placuit
1046 1425 1094 1486 ris,
1120 1425 1166 1490 qui
1184 1429 1246 1491 post
1262 1426 1349 1478 Hero·

806 1493 899 1544 dotum
922 1493 1044 1558 edidere,
1072 1461 1203 1545 (ΙιοιιοιΙΙ
1225 1497 1349 1548 emenda·

806 1563 859 1626 tio,
889 1578 969 1628 quam
1000 1565 1171 1630 impugnavit
1194 1565 1347 1632 Schweigh.

806 1632 936 1697 vulgatae
963 1633 1074 1685 lectioni
1100 1635 1290 1700 patrocinans,
1319 1637 1349 1686 in
1379 1635 1383 1646 '

807 1073 865 1126 dor.
886 1075 923 1138 ΙΙ,
941 1075 1137 1140 Bprovocans,
1163 1077 1281 1146 itemque
1297 1084 1348 1132 Be·
1443 1084 1449 1096 ⁸

214 1701 327 1752 Iaeobe.
346 1701 388 1751 De
401 1715 518 1752 mensur.
529 1702 691 1769 Herodot.p
693 1705 754 1766 .10,

214 1786 283 1834 eum,
301 1769 354 1822 hoa
372 1771 396 1820 si
414 1769 535 1821 indicare
553 1773 685 1823 voluisset
702 1773 756 1824 No-

212 1843 281 1902 ster,
300 1831 338 1889 τό
357 1833 389 1890 δὲ
407 1835 503 1904 ἕτερον
525 1843 620 1907 utique
638 1843 756 1894 scriben-

212 1910 276 1960 dum
292 1910 406 1960 fuisset:
427 1925 512 1975 quare
526 1911 559 1962 de
571 1911 625 1964 alio
644 1927 755 1977 prorsus

212 1995 289 2030 muro
305 1979 377 2030 intra
395 1978 457 2042 illa,
478 1995 548 2046 quae
560 1986 644 2032 antee
656 1982 756 2033 descri-

212 2049 277 2115 psit,
296 2049 403 2100 moenia
420 2048 503 2100 ducto
521 2049 565 2101 hio
579 2051 754 2117 cogitandum

213 2134 274 2170 εσεο
298 2123 403 2179 censet,
426 2119 494 2169 adeo
517 2125 548 2170 ut
566 2120 618 2171 dno
638 2121 756 2186 Babylo-

213 2205 275 2238 nem
288 2188 512 2240 circnmdederInt
531 2192 600 2240 muri
612 2191 663 2252 vel,
683 2191 755 2256 qnod

214 2257 255 2308 illi
272 2257 445 2308 verisimilius
463 2259 586 2322 videtur,
607 2261 756 2312 secundnm

214 2329 312 2378 flumen
334 2327 433 2392 singuli
457 2333 564 2380 tentum
587 2331 657 2380 rnuri
674 2331 755 2380 exsti-

213 2398 311 2460 terint,
339 2397 387 2448 sed
411 2397 542 2463 reliquum
566 2401 640 2451 urbis
663 2416 757 2450 monn-

212 2471 332 2519 mentnm
356 2484 370 2517 e
395 2467 500 2518 duobus
520 2470 603 2520 muris
628 2471 756 2520 constite-

212 2539 257 2589 rit.
300 2537 433 2620 Equidem
457 2541 487 2588 nt
509 2539 618 2590 minime
641 2540 756 2591 interce·

213 2607 290 2670 dam,
316 2607 340 2656 si
360 2607 421 2672 quis
440 2622 501 2658 cum
520 2609 614 2674 eodem
632 2610 690 2660 viro
711 2609 757 2660 do·

212 2682 257 2728 cto
279 2677 363 2726 rerba
386 2677 575 2728 antecedentia
597 2675 681 2728 τοῦτο
704 2671 756 2743 μὲν

211 2739 248 2810 δὴ
267 2737 299 2796 τὸ
318 2749 409 2810 τειχος
434 2739 535 2811 θώρηξ
556 2737 613 2798 ἐστὶ
631 2749 665 2800 de
682 2748 755 2799 omni

210 2817 286 2868 urbis
304 2816 486 2880 munimento,
511 2817 624 2870 inclusis
648 2834 755 2885 qnoque

213 2887 281 2938 muri
300 2886 424 2951 partibus
447 2887 593 2938 secundnm
612 2893 756 2953 utramque

213 2956 288 3007 fluvii
300 2957 387 3021 ripam
399 2956 498 3018 ductis,
517 2956 669 3022 intelligere
678 2958 754 3020 velit,

212 3027 253 3077 ita
271 3027 414 3091 quominus
432 3026 516 3078 verba
527 3043 602 3093 seqq.
622 3027 656 3078 de
668 3028 754 3078 altero

212 3097 272 3146 sive
290 3096 409 3147 secundo
429 3112 504 3148 muro
524 3098 596 3148 intra
613 3097 689 3147 illum
707 3099 755 3148 du-

213 3171 258 3217 cto
277 3166 350 3217 eirca
366 3166 459 3217 urbem
477 3165 641 3232 intelligam,
661 3167 704 3217 vel
722 3182 754 3218 eo

212 3235 370 3301 prohibeor,
382 3235 455 3302 quod
470 3236 549 3288 huius
562 3237 673 3286 alterius
686 3236 755 3287 muri

212 3304 316 3356 nullum
329 3305 417 3356 adhuc
428 3307 573 3372 vestigium
585 3307 682 3372 reperi,
694 3322 754 3358 cum

214 3391 306 3426 omnes
332 3377 478 3440 scriptores
510 3377 544 3426 de
570 3392 624 3426 nno
647 3381 754 3426 tanturn

212 3461 288 3496 muro
315 3444 475 3510 loquantur,
499 3462 587 3511 neque
610 3447 753 3510 qnisquam

211 3515 264 3565 hue
285 3515 409 3566 retulerit
421 3515 530 3580 losephi
542 3516 643 3581 (contr.
654 3515 752 3578 Apion.

211 3585 234 3644 I,
249 3583 302 3648 20)
321 3585 366 3635 vel
389 3586 481 3649 potius
498 3585 594 3636 Berori
618 3585 703 3634 verba
721 3584 754 3635 de

212 3621 453 3716 Ilebncadnezare,
477 3655 536 3719 qui:
564 3645 753 3734 ὑπερεβαλετο

211 3725 286 3801 τρεις
304 3716 356 3788 μὲν
374 3722 424 3788 τῆς
442 3717 529 3773 ἔνδον
547 3717 655 3780 πόλεως
668 3737 754 3801 ίστερι-

212 3783 339 3910 βόλους,
352 3786 481 3911 τρεῖςδὲ
498 3808 549 3858 της
565 3787 618 3854 ἔξω
636 3785 752 3852 πόλεως,

210 3853 280 3918 τούς
306 3855 358 3923 μὲν
386 3852 414 3922 ἐξ
437 3853 499 3942 ⁸o'rrr
521 3878 534 3920 ς
556 3860 684 3911 πλίνθον
707 3859 755 3940 aql

210 3919 371 3992 ἀσφάλτου,
396 3923 463 3989 (οὖς
486 3860 555 3981 dil
542 3921 684 3995 ἕξαῦτής
704 3929 755 3996 τῆς

211 3997 348 4049 πλίνθου.
386 4001 513 4067 Itaque'
506 4017 533 4050 ιιι
549 3999 755 4066 Schweighaeu-

808 1718 861 1767 qua
879 1704 991 1754 verbnm
1014 1691 1065 1769 ἦεν
1083 1705 1266 1756 necessarium
1287 1721 1346 1760 esse

807 1771 880 1834 vult,
899 1771 944 1822 rel
981 1779 1129 1838 raptores,
1150 1789 1220 1854 quae
1234 1789 1348 1840 ecquan-

807 1845 851 1892 tur
873 1809 939 1899 let
926 1789 1129 1906 epicoeno
1107 1836 1146 1892 ἔτι
1169 1835 1230 1906 ἐὸν,
1260 1859 1294 1895 ne
1315 1861 1349 1896 ne

806 1927 871 1962 vero
895 1911 1012 1962 attendit
1034 1912 1147 1963 formam
1170 1913 1274 1978 epicam
1296 1859 1348 1980 Ξεν

806 1981 834 2030 Ιιι
846 1981 986 2032 Herodoto
1004 1982 1068 2032 terri
1079 1997 1133 2032 non
1146 1997 1236 2046 posse.
1257 1984 1347 2045 Quare

807 2051 938 2101 Gronorii
956 2051 1171 2102 emendationem
1188 2067 1269 2102 unam
1287 2069 1347 2118 pro-

807 2120 869 2170 bam
899 2121 1055 2171 iudicarnnt
1086 2121 1184 2172 Struve
1217 2121 1345 2187 (Speoim.

806 2190 919 2252 Quaeret.
938 2191 1057 2242 Herodd.
1071 2190 1094 2242 Ι.
1112 2206 1139 2256 p.
1152 2191 1185 2244 37
1204 2192 1284 2257 not),
1304 2193 1346 2246 vir

806 2259 901 2308 doctus
934 2259 963 2308 Ιιι
998 2260 1189 2326 Ephemeridd.
1221 2261 1345 2312 lenense.

808 2328 884 2380 1817.
902 2345 944 2378 nr.
965 2330 1023 2382 165.
1042 2346 1069 2394 p.
1090 2328 1154 2393 383,
1181 2334 1208 2380 et
1227 2331 1345 2382 Bredov.

805 2415 831 2463 p.
851 2398 884 2448 50
908 2403 936 2448 et
958 2399 1021 2460 4053
1046 2415 1113 2465 qnos
1138 2401 1233 2450 merito
1260 2403 1347 2452 secuti

805 2473 869 2518 sunt
886 2468 1006 2519 Diudorf
1022 2475 1049 2520 et
1066 2469 1189 2522 Dietech.
1226 2470 1268 2522 Ad
1288 2487 1346 2522 ver-

805 2538 869 2588 bum
894 2537 1043 2603 τετείχιστο
1067 2539 1107 2600 (in
1132 2555 1184 2605 qno
1208 2543 1347 2606 augmenti

805 2607 982 2672 reduplicatio
1001 2609 1160 2674 negligitur,
1189 2611 1267 2674 utI,
1296 2611 1346 2664 180

805 2677 882 2756 init.)
904 2677 1041 2756 pertinent
1065 2679 1222 2760 sequentia:
1246 2671 1280 2728 τὰ
1297 2677 1346 2747 βα-

806 2739 900 2811 σιλήϊα
918 2751 945 2797 et
962 2739 1032 2803 Διὸς
1052 2739 1173 2812 Βήλου
1160 2737 1240 2812 ιρὸν,
1259 2765 1346 2830 neque

804 2818 888 2882 igitur
912 2815 1128 2881 impersonaliter
1147 2816 1283 2868 illuderit
1303 2835 1346 2870 ec-

805 2887 973 2951 cipiendum,
999 2901 1061 2934 cunr
1082 2901 1115 2934 ox
1130 2885 1265 2936 Herodoti
1286 2903 1347 2938 een-

805 2956 893 3006 tentia
909 2960 1053 3020 utrumque
1071 2953 1236 3017 aedilicium,
1261 2960 1288 3006 et
1305 2973 1346 3006 re-

804 3027 851 3091 gia
869 3025 931 3074 aula
950 3040 973 3078 s.
991 3024 1122 3088 palatium
1141 3027 1169 3074 et
1186 3023 1261 3074 Iovis
1279 3030 1345 3077 tern-

804 3095 892 3160 plum,
916 3095 944 3144 in
962 3109 1061 3159 magno
1086 3100 1114 3144 et
1137 3093 1226 3158 amplo
1244 3097 1344 3160 spatio,

805 3163 877 3229 qnod
895 3163 978 3214 muris
998 3163 1130 3214 inclusum
1148 3169 1220 3228 erat,
1242 3171 1346 3216 exstru-

805 3239 878 3285 ctum
898 3233 1014 3298 cogitari
1033 3233 1139 3284 debeat.
1177 3234 1275 3300 Itaque
1292 3237 1345 3286 He-

804 3303 895 3354 rodoti
917 3303 1001 3354 verba
1023 3303 1062 3353 sic
1084 3303 1202 3368 accipio:
1226 3303 1257 3354 Ia
1274 3314 1345 3356 utra-

803 3389 851 3439 que
863 3372 933 3424 urbe
944 3381 1020 3436 parte
1038 3389 1117 3438 eaque
1133 3374 1214 3424 medic
1230 3371 1346 3438 (exstru-

803 3449 849 3494 cta
874 3442 911 3508 et)
939 3445 1014 3493 οιντίι
1037 3443 1189 3492 arcemidora
1211 3452 1299 3508 erent,
1320 3446 1345 3494 in

804 3516 887 3564 altera
914 3513 1007 3577 regium
1035 3513 1159 3574 patrem
1187 3526 1239 3560 οινιι
1267 3528 1289 3562 e.
1320 3515 1346 3562 in

802 3597 891 3645 rengno
914 3583 1046 3646 validoque
1070 3582 1187 3644 σι’ττιιίιιι,
1212 3584 1237 3632 Ιιι
1261 3584 1346 3632 altero

804 3653 873 3704 Iovis
890 3651 950 3701 Beli
971 3651 1084 3714 scriplum
1101 3653 1195 3701 aeneis
1208 3654 1318 3715 portis
1308 3669 1345 3702 νι-

803 3729 930 3773 rtruclroa.
974 3719 1159 3800 Gaisiordius,
1183 3720 1230 3784 qui
1253 3720 1346 3785 vulga-

804 3797 861 3842 tam
877 3789 1020 3841 lectionem
1033 3776 1085 3854 ἦεν
1097 3789 1205 3851 retinet,
1223 3795 1346 3854 repetere

805 3861 908 3912 mavult
926 3876 941 3910 e
958 3859 1169 3924 superioribus'
1161 3874 1249 3924 rpsnm
1261 3859 1345 3910 τετεί-

803 3944 882 3996 χιστο
904 3929 1021 4013 ipdeqne
1042 3930 1081 3980 elo
1104 3929 1193 3980 locum
1215 3930 1345 4014 intorpre-

804 4004 892 4050 tatur.
917 4002 942 4050 ιἰι
959 4008 1068 4066 utreque
1085 3999 1154 4050 artie
1175 4002 1277 4085 regione
1294 4017 1344 4051 rra·

213 4069 266 4120 seri
285 4070 422 4120 sententia
438 4071 610 4136 acquiescere
626 4069 728 4120 malim.
804 4072 912 4120 ηἰνιετιο
932 4076 1065 4120 exsecrere
1086 4076 1175 4120 nant:
1199 4073 1225 4120 ln
1248 4086 1280 4120 ea
1296 4073 1344 4122 sei·

233 4137 396 4218 τετείχιστο
420 4129 451 4189 ἐν
475 4139 565 4204 μέσῳ,
589 4130 619 4188 ἐν
638 4137 677 4207 τῷ
702 4133 754 4204 μὲν
804 4144 874 4200 licet,
892 4141 917 4188 in
934 4155 984 4205 qna
1001 4141 1159 4204 regionale,
1177 4141 1344 4192 aeramentum

211 4197 246 4256 τὰ
263 4199 442 4288 βασιλήϊοιιι.
451 4223 475 4257 τ.
492 4207 528 4275 1.]
549 4209 649 4275 Vulgo.
659 4189 699 4258 ἐν
714 4205 754 4276 τῷ
803 4216 862 4260 eret
876 4215 968 4258 οιιειιοιι
983 4209 1145 4275 calidamque.
1174 4209 1251 4272 Quae
1263 4211 1344 4262 mter

212 4263 276 4338 ἦεν
293 4269 327 4326 τὰ
341 4269 487 4344 βασιλήϊα,
502 4259 754 4344 quadretinnerurit
804 4279 921 4344 protetio
947 4279 1012 4328 milri
1029 4279 1138 4345 quidem
1159 4279 1193 4330 ab
1211 4280 1344 4330 Herodoti

212 4344 364 4414 Schweigh.
384 4351 412 4399 et
431 4347 615 4412 Gaietordiue,
635 4363 704 4402 unus
722 4348 753 4400 li·
801 4363 886 4408 sensa
904 4349 1030 4404 aberrare
1048 4349 1167 4418 videtur,
1186 4364 1247 4414 epm
1259 4351 1345 4404 Hero
