3008 4924
522 272 770 333 EUTERPE.
793 271 834 332 ll.
859 281 918 336 118.
1226 274 1283 333 771

153 439 239 535 άκοῇ
253 442 503 535 παραλαβόντες
520 447 678 534 λέγομεν·
702 441 742 514 τά
757 445 793 514 δὲ
810 443 899 530 άνω,
921 445 1040 534 μέζονα
1053 440 1288 533 άνδρωιιηΐων

153 553 280 635 ἔργων,
298 543 394 616 αὐτοί
410 541 568 636 ὁρέομεν.
607 553 646 618 αἴ
656 575 691 617 τε
705 546 769 638 γάρ
783 551 890 630 ἔξοδοι
911 546 968 617 διά
982 554 1050 618 τοῖν
1065 551 1212 636 στεγέων
1230 549 1287 616 καλ

153 655 187 720 ολ
199 652 326 740 ἑλιγμοὶ
343 647 399 720 διά
413 655 482 720 τῶν
496 648 629 722 αὐλέων
643 652 753 732 ἐόντες
767 649 1011 736 ποικιλώτατοι,
1025 657 1149 740 dodoau
1163 658 1287 742 μυρίον

154 761 351 842 παρείχοντο
372 756 405 835 ἐξ
425 752 530 844 αὐλῆς
547 783 583 825 τε
604 758 637 837 ές
650 753 690 824 τά
710 755 872 847 οίκήματα
896 757 1072 841 διεξιοῦσι,
1096 757 1151 824 καὶ
1166 758 1286 824 ἐκτῶν

153 857 346 946 οἰκημάτων
360 861 393 937 ές
407 859 593 944 παστάδας,
613 863 647 939 ές
661 862 779 946 στέγας
792 887 828 927 τε
843 855 946 938 άλλας
961 861 997 927 έκ
1010 863 1079 928 τῶν
1092 857 1284 942 παστάδων,

45 961 48 966 ’
153 963 208 1029 καὶ
225 965 257 1040 ές
271 957 376 1040 αὐλάς
395 959 497 1043 ἄλλας
511 965 548 1031 έκ
562 968 631 1031 τοῖν
643 963 843 1052 οἰκημάτων.
871 959 979 1050 ὀροφὴ
995 961 1032 1030 δὲ
1047 961 1185 1030 πάντων
1206 961 1283 1030 rod-

152 1091 221 1134 των
234 1072 366 1153 λιδίνη,
390 1065 537 1154 κατάπερ
552 1071 587 1134 οἱ
596 1082 718 1154 τοῖχοι,
738 1071 773 1135 ολ
784 1066 821 1135 δὲ
841 1082 944 1152 τοῖχοι
965 1064 1083 1133 τύπων
1099 1069 1283 1153 ἐγγεγλυμ-

152 1169 265 1256 μένων
290 1171 403 1253 πλέοι,
439 1165 526 1258 αὐλὴ
555 1170 593 1240 δὲ
621 1169 739 1258 ἑκάστη
775 1176 990 1259 περίστυλος,
1026 1174 1128 1236 idion
1160 1173 1284 1236 λευκοῦ

188 1331 223 1384 αλ
235 1349 264 1384 τε
290 1325 342 1398 γάρ
364 1329 460 1394 ἔξοδοι
483 1327 531 1384 διά
552 1333 610 1386 τοῖν
634 1349 693 1386 στε-
744 1341 775 1388 ut
804 1335 923 1388 reddidit
947 1332 1112 1398 Lareharus)
1140 1333 1285 1398 accipiant.

153 1397 238 1470 γέων,
257 1400 306 1454 καλ
324 1396 353 1453 ολ
369 1395 552 1470 dispectae.
567 1405 603 1472 λ.]
623 1407 693 1458 Scri·
745 1405 825 1458 (loni.
850 1410 986 1456 caeterum
1008 1405 1097 1455 Stura.
1119 1402 1152 1453 de
1175 1403 1284 1455 dialect.

152 1473 193 1524 bit
216 1474 411 1539 wyttenbach.
431 1475 543 1526 Selectt.
572 1476 636 1527 hiat.
665 1493 692 1540 p.
743 1475 889 1526 Alexandr.
909 1490 972 1540 pag.
991 1475 1040 1525 108
1053 1489 1111 1539 seq.
1141 1474 1287 1523 Praeterea

153 1543 216 1595 356:
238 1546 354 1607 „Partes
372 1535 460 1609 αὐλῆς
472 1551 537 1595 sunt
553 1539 694 1602 παστάδες
745 1546 792 1599 Or.
812 1545 929 1595 conferri
946 1545 1018 1594 vult:
1044 1543 1217 1608 „boettigerz
1238 1543 1287 1592 Ar-

153 1605 319 1691 et'dtrypor':
337 1619 436 1730 partae
454 1611 552 1680 στέγης
571 1621 634 1666 eunt
653 1609 695 1664 οί-
744 1614 1022 1680 ehaeolog.d.Maler.
1035 1613 1058 1664 1.
1072 1629 1099 1678 p.
1112 1611 1159 1663 102
1178 1619 1204 1662 et
1217 1614 1287 1662 eius·

152 1697 262 1746 κηματα
285 1688 312 1732 et
355 1679 471 1744 ιέξοδοι.
508 1685 694 1735 Actaeorum
745 1681 1154 1749 eemurchaeolog.uuaeum1.
1164 1697 1227 1748 pag.
1237 1682 1286 1732 102

154 1751 310 1815 duodecim,
337 1752 503 1819 totidemque
521 1763 589 1805 tecta
606 1755 694 1816 aedifi·
746 1760 828 1820 atque
851 1754 1011 1818 Ieisvespor.
1041 1768 1067 1818 p.
1094 1750 1157 1815 119,
1190 1753 1286 1816 Heyno

153 1825 193 1871 oia
217 1817 324 1886 στέγαι.Ι
351 1838 384 1871 ex
408 1825 468 1872 aula
492 1839 540 1889 per
565 1813 696 1888 έλιγμοδς
745 1826 772 1874 in
784 1824 946 1874 Commentt.
959 1823 1054 1874 societ.
1064 1821 1188 1886 Gotting.
1197 1827 1216 1870 t.
1226 1821 1285 1872 XV.

152 1894 273 1942 columina
301 1893 409 1955 eiurata,
435 1907 484 1956 per
508 1894 641 1956 anfractus
668 1896 695 1941 et
744 1909 809 1959 pag.
829 1894 909 1946 etue*
930 1923 965 1932 —
987 1893 1122 1942 Letronne
1147 1891 1164 1940 l.
1184 1890 1202 1942 l.
1222 1905 1284 1956 pag.

153 1977 243 2012 carone
266 1964 324 2012 vias
346 1959 481 2027 [passages
498 1970 617 2012 torneae
636 1976 695 2012 ver·
747 1963 797 2015 138
808 1959 908 2026 στέγην
917 1968 998 2028 atque
1011 1958 1117 2024 οἴκημα
1130 1957 1193 2024 (une
1204 1959 1286 2010 ιλανι-

154 2032 188 2080 tit
206 2030 334 2080 Lareber.
369 2031 447 2096 Apud
467 2032 627 2082 Strabonem
650 2046 694 2080 ex·
746 2033 804 2097 bre,
831 2047 883 2082 une
908 2031 989 2096 pie'ee)
1014 2030 1086 2080 haud
1109 2028 1215 2079 differre
1238 2031 1285 2090 ait,

154 2105 223 2150 stat:
245 2094 353 2148 ακολια1
371 2092 448 2166 delos]
468 2102 648 2152 accedebatur
659 2099 695 2150 ad
745 2118 795 2152 nec
807 2092 952 2158 παστάδας
967 2101 1036 2150 alias
1050 2115 1109 2151 esse
1125 2104 1208 2170 atqpa
1220 2114 1287 2163 κρο-

153 2161 307 2232 παστάδας,
326 2170 345 2220 i.
362 2185 385 2220 e.
401 2173 470 2220 atria
490 2170 601 2235 στέγης,
621 2170 696 2220 dein·
746 2163 818 2228 πτάς
837 2171 909 2236 apud
928 2171 1098 2222 Strabonem.
1135 2169 1202 2220 Cum
1221 2183 1286 2218 vero

154 2255 216 2304 ceps
227 2231 412 2304 ῑοοίκήματα,
423 2242 695 2312 οοιιολαολα,μοτηοοο
746 2246 773 2291 et
793 2238 884 2304 στέγαι
904 2245 932 2290 et
949 2232 1090 2296 παστάδος
1113 2243 1190 2288 extra
1208 2238 1285 2288 aulas

154 2313 231 2359 erant
254 2311 429 2372 cicerculae,
454 2314 630 2360 eorteeaeitus
647 2325 695 2359 non
745 2311 859 2372 fuerint,
879 2309 1106 2375 praepositionem
1121 2301 1169 2358 διά
1185 2309 1214 2358 in
1229 2323 1287 2358 ver·
1376 2363 1379 2370 ,

152 2381 293 2429 antummum
318 2381 413 2440 luatur,
446 2375 608 2440 διέξοδοι.“
654 2379 695 2428 De
745 2381 787 2431 bis
806 2373 855 2428 διὰ
872 2377 930 2430 τῶν
948 2374 1056 2429 αὐλέων
1076 2379 1145 2429 idern
1163 2379 1287 2442 exponit:

154 2451 219 2500 arilia
245 2464 327 2514 supra
350 2447 478 2509 diximus;
509 2439 559 2508 τάς
587 2443 692 2513 στέγας,
743 2459 865 2516 propter,
885 2458 999 2512 praeter.
1041 2449 1074 2499 In
1096 2465 1149 2514 quo
1171 2464 1213 2498 rne
1230 2447 1287 2514 qui-

153 2533 200 2584 per
218 2533 285 2584 quas
309 2519 419 2569 fuerunt
443 2519 547 2584 esitus,
571 2519 695 2584 equidem
746 2522 806 2572 dern
825 2519 897 2570 haud
920 2519 1115 2570 assentientem
1136 2517 1220 2568 habet
1244 2518 1287 2566 vir

153 2603 206 2638 non
229 2588 297 2639 alias
321 2589 406 2640 luisse
425 2589 533 2639 credam
556 2595 639 2656 atque
662 2579 696 2637 τά
746 2589 929 2642 doctissimus.
966 2588 1108 2639 Caeterum
1124 2589 1288 2652 Pomponius

154 2649 309 2722 οἰκήματα,
328 2674 398 2724 quae
417 2657 497 2723 paulo
515 2664 598 2710 antea
615 2659 694 2721 dixit,
746 2660 833 2723 Mela,
851 2659 897 2726 qui
916 2673 965 2708 sua
978 2655 1134 2724 plerumque
1147 2657 1286 2708 Herodoto

153 2727 235 2778 cellas
261 2729 396 2792 singulas,
424 2743 495 2792 qnae
518 2729 545 2780 11.
568 2729 586 2779 l.
612 2742 696 2792 oppo-
747 2730 840 2790 debet,
864 2728 896 2780 de
913 2728 955 2778 liis
972 2729 1012 2778 ita
1030 2728 1125 2778 scribit
1141 2727 1169 2789 Ι,
1189 2726 1217 2776 9ε
1237 2726 1287 2791 (la-

153 2803 254 2847 nnntur
271 2797 350 2848 aulis.
375 2797 420 2848 Sic
432 2798 504 2846 inira
517 2798 556 2860 11,
573 2799 621 2848 175
634 2813 697 2861 pro·
746 2799 889 2864 byriathns
906 2797 1000 2862 habet)
1013 2797 1105 2860 „intus
1115 2811 1200 2861 paene
1210 2798 1286 2845 innu-

154 2865 695 2916 misoaeadhibitumvidernusaNostro
746 2867 887 2919 merabilcs
911 2867 984 2928 vias,
1011 2866 1103 2914 multis
1128 2865 1286 2930 ambagibus

155 2929 260 2998 οἴκημα
283 2939 366 2999 atque
390 2928 491 3000 στέγην
519 2935 554 2985 ad
583 2935 695 2984 eandem
746 2939 799 2988 huc
818 2935 924 2986 etilluc
942 2934 1139 2995 remeantibus,
1158 2932 1205 2982 sed
1224 2947 1286 2982 eon-

153 3019 209 3053 renr
230 3003 435 3065 declarandam,
464 3003 609 3069 multisque
634 3003 695 3054 aliis
746 3007 823 3056 tinuo
848 3005 973 3055 anfractu
997 3013 1025 3053 et
1046 3017 1127 3068 saepe
1151 3002 1287 3052 revocatis
1332 3032 1343 3048 .

153 3072 220 3122 locis
231 3087 323 3122 vocem
336 3070 442 3136 στέγης,
456 3089 510 3138 qua
520 3079 622 3123 tectum
636 3087 696 3136 pro·
746 3075 896 3140 porticibus
923 3073 1069 3136 ancipites:
1102 3070 1198 3135 quibus
1225 3070 1287 3120 sub-

153 3142 210 3208 prie
229 3141 410 3207 significatur,
434 3141 467 3192 de
490 3143 587 3208 quovis
604 3141 696 3192 aediti-
746 3145 809 3194 inde
827 3141 907 3193 alium
927 3157 1007 3207 super
1016 3139 1086 3191 alios
1098 3139 1189 3190 orbem
1207 3156 1287 3207 agan-

155 3212 197 3262 cio
212 3227 235 3262 s.
249 3211 374 3262 conclavi
394 3216 465 3262 tecto
485 3212 608 3262 adhiberi
626 3212 695 3261 satis
746 3215 819 3264 tibus
843 3217 870 3263 et
895 3211 1009 3261 subinde
1030 3214 1136 3259 tantum
1158 3209 1287 3260 redeunte

154 3285 275 3332 constat:
296 3282 351 3332 vid.
371 3280 452 3332 Thea.
472 3283 504 3334 L.
524 3283 570 3333 Gr.
587 3281 650 3332 VII.
668 3297 694 3346 p.
745 3285 829 3345 flexu,
846 3285 976 3346 quantum
995 3285 1172 3345 processerat,
1189 3295 1287 3346 magno

154 3351 206 3402 686
232 3351 322 3416 ibique
347 3350 471 3402 Dindori.
489 3381 523 3392 -
550 3345 696 3408 παστάδας
747 3359 775 3404 et
794 3350 948 3417 explicabili
971 3357 1061 3400 tamen
1080 3365 1168 3400 errore
1185 3349 1288 3415 perple-

154 3425 182 3470 et
201 3421 226 3471 h.
245 3419 265 3471 l.
290 3426 317 3471 et
336 3421 379 3484 lI,
401 3421 450 3473 169
471 3421 504 3470 de
528 3423 595 3470 atrio
618 3420 696 3471 intel·
747 3421 927 3473 xnsest.“-
942 3417 1286 3482 παρείχοντοοὸαοοτολλ.

154 3489 278 3552 lexerim;
297 3506 362 3540 nos:
385 3491 514 3543 Vortalle.
545 3489 697 3541 Contlau·
747 3491 806 3544 cod.
830 3491 920 3554 recepi
945 3505 992 3554 pro
1014 3487 1089 3552 vulg.
1112 3486 1286 3553 παρέχοιτο,

155 3559 220 3610 data
238 3575 255 3609 a
272 3559 438 3610 (bencenis
452 3559 573 3625 Symbol.
587 3560 664 3626 11.p.
679 3560 695 3610 8
747 3561 819 3614 coni.
839 3559 954 3612 Bredov.
974 3576 1001 3624 p.
1018 3558 1078 3610 304.

155 3635 223 3681 nott.
243 3629 286 3680 ed.
304 3634 368 3680 tert.
397 3629 548 3680 Lorcherue
566 3629 696 3680 hancve·
781 3621 922 3694 ὀροφὴ-
950 3625 1062 3692 λιθίνη]
1094 3625 1286 3692 Wyttenbaoh.

155 3715 212 3750 cem
240 3701 445 3764 interpretatur:
475 3697 630 3764 ‚,l'espaca,
662 3714 696 3749 ou
747 3700 818 3750 1.1.ι
847 3701 926 3762 „Hoc
949 3696 1117 3748 referendum
1141 3696 1176 3746 ad
1200 3695 1288 3760 proxi-

154 3770 244 3835 plutbt
270 3769 309 3819 les
334 3769 403 3819 deux
431 3768 497 3818 tiers
521 3768 555 3818 de
577 3768 696 3834 l'espace
746 3785 818 3820 mum
838 3759 1013 3832 οἰκημάτων,
1031 3767 1192 3824 conclavium
1221 3765 1288 3814 haec

156 3841 202 3906 qui
221 3843 263 3891 est
279 3843 355 3889 entre
371 3838 410 3888 les
422 3838 533 3900 autes,“
553 3839 642 3902 prouti
660 3837 697 3888 le·
747 3840 831 3900 enim,
854 3843 884 3888 ut
906 3837 993 3887 latera
1010 3837 1100 3886 cincta
1123 3833 1224 3886 habent
1242 3849 1289 3898 pa-

155 3911 228 3974 gitur
245 3909 434 3974 apudVitruv.
449 3907 482 3958 de
495 3907 637 3959 architeot.
648 3907 695 3970 VI,
747 3909 875 3970 rietibus,
894 3905 1009 3972 τοίχοις,
1027 3907 1067 3955 ita
1083 3919 1198 3969 superne
1214 3907 1289 3954 tecta

158 3979 202 4042 10,
227 3978 260 4029 de
283 3993 335 4044 quo
358 3977 419 4029 loeo
443 3978 566 4028 conferas
587 3977 696 4029 Schnei-
748 3985 774 4029 et
800 3983 895 4042 operta
919 3980 982 4026 sunt
1005 3965 1114 4039 ὀροφῇ,
1141 3971 1288 4024 λαααιατί.“

155 4049 212 4099 der.
231 4049 258 4098 in
270 4049 392 4113 epimetr.
412 4048 446 4098 ad
458 4047 581 4113 Xenoph.
597 4049 697 4097 Memo·
748 4075 781 4084 -
804 4047 846 4097 Ad
868 4045 964 4096 verba:
990 4038 1089 4092 τόπων
1112 4032 1289 4108 ἐγγεγλυμμέ-

155 4118 231 4167 rabb.
255 4133 282 4182 p.
305 4117 355 4169 285
379 4133 470 4183 seqq.‚
494 4118 540 4182 qui
565 4117 697 4184 porticum
749 4131 807 4165 νων
825 4112 906 4165 πλέοι
923 4112 997 4164 coni.
1016 4112 1053 4174 11,
1076 4112 1135 4163 136.

155 4193 219 4236 ante
229 4187 309 4237 aedes
320 4186 471 4252 intelligere
481 4187 598 4237 videtur.
619 4185 698 4251 Apud
782 4176 853 4249 αάλὴ
869 4180 900 4233 δὲ
914 4172 1015 4245 ἕκάστη
1031 4179 1207 4246 περίστυλος]
1224 4179 1287 4231 Vid.

155 4255 323 4306 Herodotum
333 4257 371 4318 11,
387 4256 434 4308 169
447 4255 492 4306 fin.
510 4271 615 4322 quoque
626 4261 697 4318 sunt,
749 4270 831 4320 supra
848 4256 919 4304 nott.
939 4249 973 4301 ad
997 4265 1078 4302 voces
1101 4243 1185 4302 αδλα1
1206 4241 1289 4299 κατά-

156 4326 203 4390 qni
222 4324 254 4374 do
275 4327 421 4379 conclavis.
436 4325 544 4378 tlalamo
564 4323 697 4392 (elambi-e,
751 4335 852 4389 στεγοι.
888 4323 924 4373 Et
952 4325 1042 4371 monet
1061 4321 1095 4371 de
1117 4335 1185 4372 voce
1212 4319 1290 4383 περί·

1017 4401 1084 4465 49*
