3088 4922
547 310 799 371 EUTERPE.
822 311 865 372 ΙΙ.
890 319 934 374 40.
1247 315 1309 376 517

172 486 356 573 θυομένων
383 483 550 570 κτηνίωυ,
577 483 632 552 καί
661 481 723 572 τὴν
749 487 939 556 ἐπίσπεισιν
965 489 1026 556 τοῦ
1047 497 1160 574 οίνου,
1187 486 1308 571 πάντες

174 587 355 675 Αἰγύπτιοι
377 584 508 673 νόμοισι
534 601 619 655 τοῖσι
644 583 774 657 αὐτοῖσι
798 593 960 678 χρέωνται
988 585 1109 678 ὁμοίως
1136 594 1169 672 ίς
1197 591 1305 663 πάντα

173 690 213 762 τὰ
232 689 304 780 ίρά·
336 692 393 759 καί
413 685 479 758 ἀπὸ
493 687 613 759 τούτου
627 695 688 760 τοῦ
701 691 806 779 νόμον
820 689 901 762 οὐδὲ
920 691 1024 763 ἀλλον
1038 691 1178 776 οὐδενὸς
1198 695 1304 785 ἐμψύ-

173 823 234 884 χου
254 799 403 883 κεφαλῆς
424 791 579 880 γεύσεται
596 799 794 881 Αἰγυπτίων
813 793 934 876 οὐδείς.
983 791 1075 867 Ἡδὲ
1089 794 1131 887 δὴ
1145 801 1353 888 ἐξαίρεσιςίθ

174 904 242 968 τοῖν
255 899 310 967 καὶ
324 894 346 986 ἡ
361 901 479 976 καῦσις
500 893 586 985 ἀλλη
604 901 681 987 περὶ
694 895 776 968 ἀλλο
790 895 865 984 ίρόν
878 920 939 986 σφι
953 903 1142 990 κατέστηκε.
1195 901 1258 991 τὴν
1271 901 1304 973 δ’

176 994 224 1072 ὦν
244 1008 405 1092 μεγίστην
424 1027 461 1069 τε
477 1005 621 1090 δαίμονα
639 998 779 1091 ἥγηνται
802 1001 906 1087 εἶναι,
933 1003 990 1070 καὶ
1011 1011 1172 1092 μεγίστην
1191 1010 1226 1074 ol
1247 1002 1305 1096 ὁρ-

174 1103 236 1194 τὴν
255 1103 434 1192 ἀνάγουσι,
457 1101 584 1192 ταύτην
606 1111 741 1194 ἔρχομαι
763 1108 877 1198 ἐρίων.
906 1103 1008 1174 ἐπεὰν
1028 1103 1231 1195 ἀποδείρωσι
1248 1108 1308 1179 τὸν

173 1214 276 1298 βοῦν,
304 1205 541 1297 κατευξάμενοι
561 1216 692 1298 κοιλίην
712 1209 774 1298 μὲν
793 1211 928 1297 ἐκείνην
951 1213 1063 1280 πᾶσαν
1083 1211 1116 1293 ἐξ
1137 1203 1186 1280 ὦν
1206 1207 1307 1298 εἷλον,

209 1365 719 1444 οὐδὲἀλλου-Αίγυπτίωνοάδείς]
770 1373 886 1442 ἔρχομαι
913 1367 999 1443 ἐρίων
1024 1377 1097 1430 eoos.
1121 1377 1160 1442 11,
1189 1379 1222 1432 35
1247 1379 1307 1432 init.

174 1451 251 1501 Haeo
269 1453 343 1500 reete
360 1447 408 1497 vix
427 1445 482 1498 diei
499 1445 543 1497 vel
564 1451 637 1497 certe
657 1461 719 1498 eum
770 1447 872 1498 Isidem
896 1451 987 1498 autem
1012 1446 1216 1514 intelligendam
1239 1465 1308 1514 esse,

109 1551 115 1564 ·
175 1520 301 1570 cautione
324 1517 442 1583 quadam
470 1531 530 1566 esse
560 1515 720 1582 accipienda
769 1517 813 1568 vel
831 1532 846 1567 e
865 1517 985 1582 proximo
1006 1533 1066 1584 eap.
1084 1517 1178 1598 liquet.

174 1594 265 1641 monet
281 1588 445 1639 Willsinson.
463 1585 591 1636 Manuers
607 1591 661 1638 ete.
679 1587 716 1638 11.
777 1575 891 1636 ’ἐπεὰν
908 1579 1082 1652 ἀποδείρωσι
1101 1601 1151 1637 τον
1170 1585 1242 1652 βοῦν
1259 1605 1308 1639 κα-

174 1675 201 1724 p.
221 1661 282 1710 222.
301 1657 362 1710 379.
382 1653 443 1707 383.
468 1669 523 1706 see.
548 1671 601 1708 ser.
625 1657 663 1708 II.
689 1673 716 1721 p.
767 1647 934 1720 τενξάμενοι
953 1673 979 1707 κ.
1000 1673 1025 1707 τ.
1050 1655 1086 1722 λ.]
1110 1657 1225 1710 Secutus
1248 1675 1308 1710 sum

174 1727 222 1780 351
238 1733 265 1779 et
276 1725 459 1793 Topography
475 1725 506 1775 ol
514 1725 600 1777 Theb.
615 1743 642 1791 p.
658 1726 717 1790 148,
767 1725 988 1792 Schweighaeus.
1006 1731 1034 1778 et
1056 1726 1206 1792 Geisford.‚
1229 1731 1276 1795 qui
1293 1747 1309 1780 e

175 1813 235 1849 eum
260 1798 288 1846 in
312 1795 508 1862 Aegyptiorum
537 1797 717 1848 monumentis
767 1795 890 1861 pluribus
901 1795 978 1847 libris
990 1796 1031 1846 ito
1042 1795 1193 1848 ediderunt.
1219 1799 1308 1865 Vulgo

175 1867 268 1919 erebro
278 1866 483 1931 conspiciantur
492 1865 663 1917 victimarum
674 1881 717 1916 oo-
768 1866 839 1915 enim
855 1866 927 1917 hune
945 1867 973 1916 ln
984 1865 1092 1918 modum
1104 1866 1204 1918 haecce
1216 1867 1309 1936 legun·

148 1944 150 1948 '
174 1938 232 2004 pita
257 1935 351 1987 oblata
378 1936 406 1985 in
434 1935 545 1985 deorum
574 1935 715 1998 altaribus,
767 1940 825 1985 tur:
854 1925 927 2000 ἐπὴν
949 1928 1182 2000 προνηστεάσωσι
1205 1935 1239 2004 τῇ
1256 1929 1309 1987 'lot

174 2007 217 2058 vel
235 2021 290 2058 una
306 2021 367 2057 eum
385 2003 446 2055 aliis
467 2004 615 2055 bestiarum
633 2006 717 2072 parti·
766 2000 814 2053 καὶ
829 1994 901 2069 ἐπὴν
916 1997 1121 2070 κατεύξωνται,
1139 1998 1246 2056 δυόυσι
1258 1999 1310 2057 τὸν

174 2079 225 2129 bus
244 2077 279 2128 ad
297 2074 466 2142 coquendum
486 2073 618 2126 adhibita.
768 2071 847 2141 βοῦν’
865 2069 930 2133 Ικαί
959 2065 1163 2138 ἀποδείραντες
1195 2075 1308 2141 κοιλίην

767 2138 820 2209 μὲν
843 2134 956 2209 ἐκείνην
982 2141 1078 2194 πᾶσαν
1106 2134 1134 2206 ἐξ
1158 2129 1200 2194 ὦν
1222 2139 1308 2210 εἷλον,

373 2246 440 2299 cu·
458 2247 517 2298 XL·
766 2213 814 2265 ubi
839 2229 917 2298 nemo
941 2229 995 2264 uon
1015 2213 1090 2296 ¹vitiet
1117 2229 1150 2265 oa
1174 2230 1208 2266 ex
1231 2220 1311 2281 parto

203 2341 240 2400 ‘H
256 2343 288 2400 tt
303 2345 339 2416 δὴ
353 2341 491 2414 ἐξαίρεσις
508 2347 565 2399 τιόν
584 2343 655 2414 [pulv
669 2345 716 2400 sol
766 2283 881 2416 lullullrrrr:
888 2283 1311 2422 lptllsllelplrellltllaitllusllllllipltllree

173 2413 191 2488 'l
208 2419 309 2479 καῦσις
327 2435 352 2470 ιι.
372 2436 396 2470 τ.
409 2418 447 2486 L]
463 2409 600 2484 ἐξαίρεσις
617 2419 717 2470 dieitur
767 2423 855 2474 relata
866 2423 953 2474 luisse
967 2422 1013 2472 vix
1029 2423 1176 2475 verisimile
1191 2425 1308 2477 videtur.

173 2491 347 2548 recoloratio,
371 2505 442 2556 quse
463 2489 495 2539 fit
518 2489 669 2540 visceribus
693 2505 716 2541 s.
768 2493 902 2546 Matthiae
929 2491 1070 2558 vulgatam
1099 2495 1226 2558 retinuit,
1256 2497 1310 2546 nisi

172 2561 309 2612 intestinis
328 2575 467 2626 eeorpore
480 2560 619 2611 extractis.
650 2561 717 2610 Lsr·
768 2563 841 2628 quod
864 2561 943 2614 imola
966 2562 1077 2612 inolusit
1100 2561 1215 2614 alterum
1237 2554 1310 2630 ἐπὴν

173 2631 268 2683 eherus
284 2629 481 2681 divinationem
492 2629 537 2680 hie
552 2630 652 2696 respioi
669 2645 718 2696 pu·
768 2637 833 2683 ante
854 2623 1048 2694 κατεύξωνται
1071 2636 1099 2682 et
1126 2648 1174 2697 pro
1196 2623 1310 2698 ἐκείνην

173 2707 215 2753 tat
225 2701 374 2767 laudatque
386 2698 632 2764 Xenophontemin
646 2700 718 2750 Ana·
767 2703 878 2768 scripsit
906 2693 1014 2764 κεινήν.
1059 2702 1096 2751 Et
1119 2701 1171 2752 hoe
1200 2703 1309 2768 quidem

173 2773 234 2823 bas.
253 2771 291 2835 ll,
312 2771 336 2822 l.
351 2770 376 2834 ᾗ.
391 2772 418 2822 7.
453 2769 554 2820 Verum
566 2769 622 2820 alia
634 2769 718 2822 Grae·
768 2771 1043 2838 Schweighaeuserus
1071 2785 1178 2837 quoque
1199 2788 1310 2836 reposu-

173 2856 280 2902 oorum‚
298 2839 353 2890 alia
373 2840 585 2905 Aegyptiorum,
611 2839 644 2890 tle
659 2841 718 2906 qui·
768 2847 841 2905 erat,
866 2857 927 2891 oum
944 2829 1044 2902 κεινὴν
1065 2839 1136 2890 idem
1158 2839 1250 2892 valeat
1269 2849 1310 2893 at-

172 2911 223 2961 bua
235 2909 302 2960 nihil
311 2910 392 2960 istius
401 2909 474 2960 modi
487 2908 603 2960 relatum
614 2909 716 2975 inveni,
768 2927 819 2978 que
837 2902 938 2974 κενὴν,
964 2907 1017 2958 hoo
1034 2906 1092 2958 lere
1115 2923 1210 2960 seusu:
1234 2918 1310 2962 εοειαιι

172 2980 254 3031 ratio.
272 3003 305 3016 -
321 2979 363 3029 Ad
386 2979 470 3029 verba
488 2993 565 3046 seqq.
587 2995 717 3045 provoca·
767 2981 887 3032 abdomen
905 2985 1056 3029 εαειιίεεωιί
1079 2975 1108 3042 (i.
1133 2994 1157 3029 e.
1177 2979 1308 3032 intestine

173 3049 214 3098 vit
237 3049 366 3114 Speneer.
390 3047 408 3098 l.
431 3047 449 3098 l.
475 3048 523 3112 lv,
543 3049 568 3101 1.
590 3065 618 3114 p.
640 3049 715 3113 1092,
768 3051 859 3102 omnia
888 3063 921 3098 ex
948 3047 1010 3098 alvo
1037 3047 1184 3112 eximunt),
1211 3051 1310 3101 αιίτετα

173 3133 227 3184 quo
258 3115 382 3168 nimirum
414 3123 592 3182 monstraret,
622 3119 716 3170 eodem
766 3135 826 3172 aero
843 3123 869 3171 ia
885 3131 993 3181 corpore
1007 3121 1157 3184 relinquunt.
1183 3118 1309 3170 Namar-

174 3187 269 3251 modo,
295 3203 347 3252 quo
369 3187 498 3254 Aegyptii
519 3189 554 3238 ad
578 3189 660 3240 Isidis
679 3189 718 3240 fe·
767 3182 822 3254 τὴν
838 3187 951 3238 κοιλίαν
973 3185 1044 3239 iilam
1068 3203 1128 3239 esse
1145 3187 1205 3239 vult
1226 3193 1309 3256 atque

173 3261 259 3321 stum,
281 3257 423 3308 israelitas
448 3256 483 3306 ad
511 3257 555 3309 del
578 3259 621 3310 sui
645 3259 717 3310 leste
765 3255 903 3321 κενεαῖνα,
927 3259 1020 3321 aluum,
1045 3257 1176 3322 αδδωιιωι,
1204 3259 1232 3309 iu
1257 3276 1309 3326 quo

173 3327 335 3379 eoulloxisse
352 3329 520 3394 eundemque
539 3328 595 3380 iere
614 3329 715 3380 oultum
767 3332 830 3381 sunt
843 3327 983 3380 intestina.
1010 3328 1145 3394 Equidem
1156 3329 1259 3380 nullam
1269 3331 1309 3380 iu-

173 3397 236 3448 huie
256 3397 420 3450 exhibuisse.
765 3403 836 3450 stam
847 3398 976 3464 vulgatae
992 3397 1118 3450 lectionis
1136 3388 1249 3463 ἐκείνην
1265 3399 1310 3450 de·

207 3458 314 3533 ταύτην
337 3461 457 3533 Ιίργομαι
485 3456 582 3533 ἐρέων]
607 3467 715 3534 Reliqui
766 3468 896 3520 serendae
913 3483 1024 3519 oausam
1042 3468 1192 3534 perspioio‚
1210 3468 1234 3519 si
1252 3469 1311 3534 qui-

172 3533 291 3603 ταύτην,
327 3538 404 3589 euius
434 3537 495 3588 loeo
529 3537 655 3602 Sohwgh.
686 3543 714 3588 ot
767 3540 826 3590 (lem
844 3536 958 3602 κοιλίην
974 3527 1088 3602 ἐκείνην
1110 3537 1204 3588 eodem
1228 3539 1308 3588 modo

105 3611 107 3616 ’
172 3609 261 3661 Gaisi.
275 3605 406 3659 dederant
422 3598 526 3673 ταύτῃ,
545 3623 606 3658 oum
619 3608 647 3657 in
660 3623 713 3659 uno
765 3610 867 3660 dietum
885 3608 989 3674 seeipio
1012 3623 1065 3673 quo
1083 3606 1165 3672 paulo
1184 3611 1248 3658 ante
1265 3621 1310 3656 κε-

172 3678 241 3729 libro
260 3679 400 3728 inventum
423 3681 496 3728 esset
515 3669 612 3740 ταύτη.
649 3676 714 3728 Vul-
765 3675 842 3744 φαλῇ
865 3671 897 3728 ti
922 3667 1024 3743 ἐκείνη.
1073 3675 1252 3728 Schneideros
1281 3677 1310 3726 in

172 3751 266 3814 getam
292 3748 362 3798 bene
393 3751 485 3798 tuetur
507 3745 607 3797 Strui-e
634 3747 712 3812 Spee.
764 3751 831 3800 Lex.
850 3765 873 3800 s.
890 3763 917 3800 v.
936 3745 1048 3796 κοιλίαν
1065 3743 1162 3796 πᾶσαν
1178 3745 1309 3810 interpre-

173 3819 286 3880 Quaest.
311 3818 413 3869 Herod.
437 3833 464 3882 p.
489 3814 523 3866 28
545 3821 619 3880 not,
643 3818 714 3869 umle
765 3823 853 3870 tatur:
878 3818 926 3868 den
949 3817 1046 3882 Μαρια
1064 3823 1151 3868 smum
1174 3816 1223 3865 des
1240 3817 1309 3865 Dar-

172 3887 239 3939 haee
266 3903 417 3954 apponam:
448 3884 638 3951 „negligenter
664 3903 713 3938 suo
764 3905 817 3940 meo
828 3885 1051 3952 desOpserstiera.
1081 3885 1309 3950 Accusatiuaopi-

172 3972 246 4008 more
268 3959 426 4010 Herodotus
448 3955 556 4007 loeutus
581 3960 623 4007 est
647 3948 714 4006 ταιί-
766 3974 815 4008 nor
836 3958 868 4008 B.
894 3961 915 4008 t.
935 3955 1022 4006 Brink
1042 3956 1084 4022 (in
1107 3951 1308 4006 Schneidewini

173 4041 239 4090 την,
270 4027 341 4091 quod
370 4027 550 4093 grammatice
577 4042 637 4077 eum
663 4017 716 4090 τὴν
765 4025 900 4090 Philolog.
918 4025 996 4076 VIII.
1020 4041 1047 4090 p.
1067 4025 1115 4076 421
1140 4023 1309 4077 adsimilem

173 4093 202 4159 (i.
218 4111 242 4147 e.
257 4085 306 4160 ἣν)
321 4095 458 4161 μεγίστην
475 4092 601 4160 δαίμονα
617 4097 715 4163 iungit,
766 4095 915 4147 Democriti
933 4093 1051 4158 loeum):
1076 4092 1190 4158 ,κοιλίη
1210 4099 1252 4145 est
1270 4094 1309 4145 al-

172 4163 207 4214 ud
221 4155 311 4230 ὁρτὴν
325 4166 455 4216 referens.
486 4165 629 4216 Sententia
646 4167 715 4216 enim
765 4180 817 4215 vus
836 4165 957 4229 superior
974 4179 991 4215 a
1007 4163 1158 4215 ventriculo
1176 4164 1309 4230 usquead

173 4238 226 4286 est:
244 4227 297 4299 τὴν
315 4229 346 4284 δὲ
364 4227 497 4316 μεγίστην
513 4225 602 4300 ὁρτὴν
619 4233 655 4302 τῇ
669 4249 716 4300 με·
766 4233 858 4296 ealon,
878 4233 942 4284 inde
959 4249 1044 4300 usque
1063 4233 1098 4285 ad
1114 4250 1195 4285 anum
1212 4229 1247 4284 τὰ
1265 4229 1309 4284 ἒν-

172 4301 252 4422 ηίστη
276 4301 394 4368 δαίμονι
425 4293 577 4369 ἀναγουιιι,
610 4296 717 4368 ταύτην
767 4317 833 4367 τερα
850 4304 990 4366 dicuutur,
1015 4305 1093 4356 alvus
1112 4304 1238 4364 interiore
1262 4303 1309 4370 qui

189 4385 290 4438 ρηομαι
309 4364 426 4438 ἐρίων.“
445 4401 478 4411 -
495 4373 717 4426 allocutionem
768 4372 849 4424 simul
865 4374 947 4426 sumti
970 4372 1064 4424 πᾶσαν
1089 4371 1203 4438 κοιλίην
1226 4374 1310 4426 efflei-
