3032 4916
520 269 771 332 BUTERPE.
794 272 837 331 Π.
861 281 920 335 111.
1228 277 1289 340 695

157 441 310 530 κεφαλήν
328 470 388 530 μιν
401 441 585 512 κόπτεσθαι
598 441 726 531 μεγάλα
740 449 890 532 βοῶντα,
912 441 956 528 τός
975 445 1037 517 οὐκ
1052 455 1185 535 ἔχοντα,
1206 448 1289 540 πρὸς

157 538 272 616 ὁκοῖον
298 543 475 616 τῶνόνων
501 552 635 636 πρῶτον
660 547 834 636 τράπηται.
855 547 933 631 τούς
960 551 997 620 δὲ
1025 551 1215 640 φυλάκους,
1243 549 1288 635 ὥς

159 653 247 720 ίδεῑν
261 647 370 719 πολόν
386 653 505 740 ῥέοντα
517 648 577 720 τόν
588 649 700 736 οίνον,
723 655 919 741 συντρέχειν
940 657 973 734 ές
987 652 1049 744 τὴν
1064 651 1146 726 ὁδόν
1164 653 1287 746 ιἰγγήϊα

116 765 163 820 161
173 761 318 844 ἔχοντας,
333 755 389 823 καί
402 751 462 823 τόν
471 756 694 842 ἐκκεχυμένον
708 753 803 826 οἶνον
815 763 1028 845 συγκομίζειν
1037 763 1075 829 έν
1088 762 1285 850 κέρδειποι-

160 861 339 948 ευμέυους·
368 855 427 926 τόν
448 858 486 928 δὲ
508 861 798 946 διαλοιδορέεσθαι
814 865 895 930 πᾶσι
914 857 1021 950 ὀργὴν
1040 864 1285 953 προσποιεύμε-

157 990 230 1032 νον.
254 963 577 1051 ’παραμυθευμένων
591 962 628 1032 δὲ
648 959 753 1032 αι’πδν
765 967 834 1032 τοῖν
853 962 1034 1051 φυλάκων,
1054 965 1163 1060 χρόνῳ
1177 967 1285 1058 πρηΰ-

158 1076 281 1136 νεσθαι
295 1068 557 1153 προσποιέεσθαι
580 1067 635 1134 καί
655 1061 818 1136 ὑπίεσθαι
833 1073 891 1155 τῆς
909 1063 1028 1156 ὀργῆς·
1056 1071 1150 1149 τέλος
1165 1072 1203 1142 δὲ
1217 1075 1286 1154 έξε-

159 1169 257 1240 λάσαι
272 1164 376 1238 αὐτόν
389 1167 467 1250 τούς
480 1165 580 1249 ὅνους
593 1173 632 1238 έκ
645 1174 702 1258 τῆς
723 1163 805 1238 6δοῦ
819 1173 875 1240 καί
894 1171 1162 1256 κατασκευάζειν.
1192 1169 1236 1255 εἱς
1250 1175 1288 1244 δὲ

160 1274 282 1360 λόγους
296 1299 331 1341 τε
345 1280 481 1353 πλείους
495 1276 705 1360 ἐγγίνεσθαι,
725 1278 785 1340 καί
798 1299 874 1342 τινα
889 1275 944 1342 καί
962 1280 1097 1357 σκόφαί
1107 1305 1167 1365 μιν
1183 1280 1240 1348 καὶ
1254 1283 1288 1358 ές

159 1382 288 1466 γέλωτα
302 1381 566 1466 προαγαγέσθαι,
581 1368 895 1446 έπιδοῦναιαότόῑσι
909 1382 978 1446 τοῖν
991 1375 1105 1450 άσκῶν
1118 1383 1193 1449 ἕνα·
1208 1379 1287 1462 τούς

160 1483 198 1552 δὲ
222 1478 345 1564 αὐτοῦ,
371 1477 483 1568 ὥσπερ
510 1479 617 1568 εἶχον,
644 1482 908 1560 κατακλιθέντας
928 1487 1041 1552 πίνειν
1061 1485 1287 1569 διανοέεσθαι,

159 1587 214 1655 καλ
230 1589 362 1654 ἐκεῖνον
376 1583 662 1673 παραλαμβάνειν,
679 1585 735 1652 καί
749 1582 902 1653 κελεύειν
912 1583 984 1672 μετ’
1002 1589 1138 1657 ε’ωυταῑν
1150 1595 1287 1676 μείναν-

159 1718 199 1758 τα
214 1695 412 1776 συμπίνειν·
439 1686 498 1756 τόν
517 1688 555 1757 δὲ
569 1692 755 1775 πεισθῆναί
765 1713 800 1755 τε
816 1685 858 1775 δὴ
878 1689 934 1756 καὶ
950 1706 1157 1777 καταμεῖναι.
1186 1686 1231 1772 ὡς
1251 1694 1291 1761 δέ

159 1821 219 1882 μιν
234 1789 324 1878 παρά
337 1788 399 1878 τὴν
413 1788 513 1859 πόσιν
528 1791 744 1880 φιλοφρόνως
756 1786 952 1878 ἠσπάζοντο,
967 1795 1142 1863 ἐπιδοῦναι
1157 1793 1287 1864 αὐτοῖσι

160 1897 215 1964 καλ
230 1891 333 1964 άλλον
350 1898 418 1962 τῶν
433 1891 557 1963 άσκῶν.
592 1896 728 1975 δαψιλέι·
741 1893 779 1963 δὲ
791 1899 838 1986 τῷ
860 1901 952 1988 ποτῷ
967 1899 1197 1986 χρησαμένους
1209 1896 1288 1980 τοὺς

160 1997 334 2089 φυλάκους
348 1992 671 2086 ὑπερμεθυσθῆναι,
692 2000 748 2065 καὶ
766 2001 994 2087 κρατηθέντας
1006 1996 1074 2070 ὑπὸ
1089 2005 1149 2069 τοῦ
1163 1999 1286 2087 ὕπνου,

159 2101 284 2184 αὐτοῦ,
299 2099 449 2190 έυθάπερ
464 2107 599 2186 ἔπινον,
614 2107 916 2204 κατακοιμηθῆναι.
958 2100 1018 2172 τόν
1039 2103 1094 2189 δέ,
1115 2099 1159 2184 ὥς
1173 2103 1286 2192 πρόσω

159 2212 218 2297 τῆς
232 2201 354 2285 νυκτός
362 2256 371 2290 ,
390 2204 429 2272 τό
442 2233 477 2274 τε
491 2209 586 2293 σῶμα
600 2210 660 2272 τοῦ
671 2201 839 2292 ιἰδελφεοῦ
852 2212 1048 2292 καταλῦσαι,
1064 2208 1120 2275 καί
1137 2213 1206 2277 τάν
1218 2235 1285 2296 φυ-

158 2311 272 2381 λάκων
296 2311 350 2379 έπλ
370 2307 458 2398 λύμη
476 2307 612 2378 πάντων
635 2310 774 2398 ξυρῆσαι
792 2305 850 2389 τάς
870 2308 980 2392 δεξιάς
1002 2317 1185 2401 παρηίδας,
1214 2313 1286 2381 έπι-

158 2507 246 2584 (δτοῦ
259 2508 350 2568 donni
366 2508 491 2583 προέχει,
507 2521 538 2568 ut
554 2519 593 2570 ait
611 2517 697 2570 schol.
781 2509 951 2569 ὑπίεσθαι
977 2517 1037 2585 τῆς
1054 2509 1178 2584 ὀργῆς]
1205 2518 1286 2584 Conf.

156 2591 192 2640 ad
209 2589 302 2654 Eurip.
322 2587 394 2639 Med.
415 2585 494 2652 679),
517 2588 617 2640 lacinia
636 2605 698 2654 pen·
746 2588 770 2650 1,
785 2587 843 2638 156.
856 2588 903 2652 IV,
920 2589 978 2640 181.
993 2618 1026 2626 -
1045 2590 1078 2640 In
1095 2604 1171 2656 seqq.
1188 2589 1288 2639 retinui

156 2659 234 2722 dala,
255 2674 338 2723 equa
349 2658 438 2724 liquor
450 2659 592 2711 emittitur.
618 2659 697 2710 Cous.
747 2655 876 2718 πλείους,
898 2659 1033 2709 Bredovio
1052 2663 1162 2709 auctore
1180 2658 1208 2708 in
1226 2653 1290 2708 πλέ-

156 2727 696 2794 ε11οω8ο1101.κδΔςὶελομδΝοεμδῖΟ.
748 2742 798 2784 ους
814 2729 985 2779 mutandum:
1012 2729 1059 2778 εδδ
1083 2727 1139 2777 vid.
1161 2732 1230 2777 nott.
1254 2727 1289 2778 εδ
1370 2755 1371 2764 1

155 2799 217 2850 Alio
235 2813 315 2848 sensu
329 2796 361 2847 de
375 2798 493 2862 regionis
505 2798 605 2848 lacinia
618 2813 640 2847 ε.
655 2813 699 2847 ex-

156 2873 242 2918 trema
264 2872 340 2931 parte
363 2868 481 2916 occurrit
498 2867 582 2930 VIII,
601 2867 644 2918 31.
664 2897 698 2906 -

156 2937 239 2987 Utres
258 2951 307 2999 per
322 2936 476 3000 Aegyptum
494 2935 566 2986 haud
583 2936 697 2986 inusita-

157 3011 200 3056 tos
219 3005 312 3066 suinae,
329 3004 395 3054 licet
412 3004 503 3070 vulgo,
521 3009 633 3070 postera
650 3021 696 3070 po·

157 3075 290 3126 tissimum
308 3077 413 3134 aetate,
439 3073 574 3138 amphoris
591 3079 696 3125 uteren-

92 3177 97 3186 ·
157 3150 214 3207 tur,
233 3144 314 3194 docet
324 3141 489 3193 Wilirinson.
501 3143 629 3194 Manners
642 3149 694 3195 eto.

157 3215 195 3266 II.
212 3230 238 3280 p.
256 3213 305 3264 158
325 3229 380 3278 ειη.
400 3212 451 3264 364
469 3229 526 3278 req.

184 3274 694 3348 τὴνκεφαλήνμινκόπτεσθαι]ῦοαί.

157 3355 199 3414 11,
212 3354 243 3405 61
260 3357 287 3404 et
303 3352 337 3402 εδ
352 3352 435 3402 verba
452 3343 482 3401 έν
493 3344 590 3416 κέρδεϊ
600 3367 696 3402 ποιεο·

156 3416 260 3487 μένους
280 3419 309 3486 (i.
327 3423 652 3486 ε.1αει·οει“διόγγοαεεε,
672 3424 697 3471 ιἰι

156 3499 226 3545 lucro
242 3493 291 3544 είδί
304 3494 410 3556 ponere)
428 3492 457 3556 I,
474 3493 532 3543 118.
567 3491 600 3541 In
619 3507 696 3557 seqq.

156 3580 205 3630 pro
214 3553 306 3613 πολὺν
313 3562 429 3613 Bredov.
437 3579 463 3626 p.
472 3560 506 3613 36
517 3562 629 3622 rescribi
638 3561 697 3612 vult

156 3625 282 3694 πολλόν;’
299 3631 346 3682 sed
365 3631 400 3683 ci.
411 3633 449 3693 11,
468 3631 518 3682 106
537 3631 602 3696 ibiq.
625 3636 695 3682 nott.

191 3695 243 3752 τὸν
251 3695 283 3751 δὲ
294 3696 542 3766 διαλοιδορέεσθαι
554 3700 634 3766 πᾶσι]
654 3702 695 3752 De

157 3779 295 3825 structura
323 3772 398 3823 verbi
429 3787 489 3822 cum
516 3771 609 3821 dativo
638 3771 694 3821 vid.

157 3843 291 3894 Matthiae
313 3843 359 3893 Gr.
383 3841 430 3893 Gr.
454 3845 480 3904 ζ.
506 3841 644 3894 3881101,
668 3843 694 3890 2.

157 3929 219 3978 pag.
239 3913 299 3962 705.
323 3907 547 3973 προσποιεῖσθαι
567 3911 595 3960 in
619 3925 695 3974 seqq.

158 3987 199 4032 est
206 3984 331 4044 simulare,
339 3980 537 4044 significatione
547 3979 614 4031 satis
621 3983 695 4030 nota.

156 4053 199 4101 De
216 4049 452 4114 παραμυθεῖσθαι
472 4047 617 4113 (consolari,
635 4050 698 4098 miti-

155 4136 229 4186 γοτε,
246 4122 326 4172 lenire
338 4117 434 4182 verbis)
443 4119 499 4170 vid.
515 4119 549 4170 εδ
559 4118 697 4170 Plutarch.

158 4189 245 4240 Aloib.
272 4205 335 4254 pag.
364 4189 414 4240 129
437 4205 495 4254 req.
534 4181 628 4255 χρόνῳ
655 4191 699 4238 ert

155 4267 261 4322 γοιιεα,
288 4267 397 4322 tempore
425 4261 509 4324 aliquo
538 4263 641 4322 elapso,
667 4259 699 4306 ut

157 4327 181 4390 1,
198 4327 241 4378 86.
262 4327 320 4378 171.
343 4329 400 4378 115.

748 2797 792 2859 11,
813 2796 872 2848 120.
915 2797 957 2848 Δδ
974 2788 1189 2854 κατασκευάζειν
1210 2795 1289 2845 intel·

748 2865 795 2932 lig.
814 2862 882 2924 τοὺς
899 2857 999 2926 ὄνους,
1022 2866 1040 2916 i.
1060 2881 1083 2916 e.
1106 2867 1191 2914 asinos
1207 2865 1288 2914 δεααο

746 2939 871 2986 instruere
886 2937 921 2986 αδ
940 2949 1021 2986 onera
1037 2935 1106 2984 beno
1123 2933 1246 2983 serenda.

781 2999 828 3052 uoci
840 2994 866 3061 ἐς
874 3002 980 3069 γέλωτα
993 2991 1218 3068 προαγαγέσθαι]
1233 3001 1252 3052 i.
1263 3017 1288 3050 e.

745 3077 896 3138 permovisse
911 3074 948 3124 αδ
963 3077 1052 3132 mum,
1071 3076 1146 3122 τίααα
1163 3072 1286 3134 elicuisse,

746 3143 794 3193 ubi
815 3143 896 3193 medii
921 3143 998 3194 verbi
1021 3157 1100 3193 usum
1123 3156 1172 3206 pro
1195 3141 1287 3190 activo

747 3212 841 3278 attigit
862 3212 963 3263 Matth.
992 3211 1038 3264 Gr.
1063 3211 1109 3262 Gr.
1137 3226 1198 3276 pag.
1223 3209 1285 3261 935.

746 3282 788 3334 Ad
802 3281 879 3332 verbi
892 3281 1116 3348 significationem
1129 3281 1202 3332 conf.
1216 3281 1286 3330 Pau-

746 3368 805 3402 san.
832 3351 886 3414 IX,
908 3354 933 3403 5.
952 3353 969 3403 8
988 3355 1015 3401 et
1031 3353 1088 3402 vit.
1111 3351 1221 3401 Homeri
1238 3351 1285 3411 213

746 3437 814 3488 quos
831 3421 905 3471 locos
922 3421 1018 3472 laudat
1031 3421 1194 3486 Wesseiing.

781 3481 875 3553 ὥσπερ
896 3483 984 3558 εἶχον]
1012 3493 1030 3542 i.
1051 3507 1074 3542 e.
1093 3493 1161 3540 nulio
1178 3490 1284 3547 delectu,

744 3567 823 3625 prout
839 3576 866 3611 re
878 3559 1012 3612 habebant.
1037 3563 1079 3612 Or.
1096 3559 1201 3610 conferi
1209 3559 1288 3623 Wyt-

745 3629 918 3682 tenbachium
937 3631 973 3682 ad
991 3629 1131 3682 Plutarch.
1147 3626 1245 3678 Moral.
1264 3627 1287 3688 1,

745 3704 771 3752 2.
792 3716 855 3766 pag.
873 3699 934 3752 936.
965 3701 1008 3750 Tu
1025 3699 1098 3751 conf.
1115 3712 1198 3762 supra
1214 3697 1237 3759 1,
1252 3697 1287 3746 24

745 3771 810 3835 ibiq.
830 3775 887 3820 noi.

780 3829 858 3900 παρὰ
880 3831 934 3902 τὴν
951 3828 1048 3901 πόσιν]
1072 3837 1090 3885 i.
1110 3851 1134 3884 ε.
1156 3837 1286 3910 ίαλενιμο-

745 3910 854 3960 tandm.
891 3907 994 3958 Eodem
1007 3905 1086 3956 modo
1104 3895 1287 3964 παράκοπον

746 3980 774 4028 in
780 3976 918 4028 Plutarchi
927 3975 1042 4025 Flamin.
1057 3975 1096 4033 17,
1108 3973 1156 4022 ubi
1168 3973 1204 4023 ci.
1214 3974 1285 4021 nott.

747 4063 774 4112 p.
796 4047 855 4098 120.
870 4073 908 4126 v*
931 4045 964 4094 In
988 4058 1063 4109 seqq.
1087 4039 1122 4092 ad
1143 4043 1228 4094 verba
1249 4031 1287 4096 ὡς

747 4108 845 4178 πρόσω
863 4129 901 4178 ην
918 4111 969 4176 τῆς
993 4103 1095 4168 νυκτὸς
1118 4112 1154 4162 cf.
1173 4113 1227 4173 IX,
1252 4110 1287 4160 44

747 4185 839 4248 ibique
856 4187 926 4234 nott.

782 4247 832 4302 καλ
847 4249 906 4302 τῶν
916 4241 1050 4314 φυλάκων
1066 4240 1112 4299 έπλ
1128 4239 1201 4314 λόμη
1217 4241 1288 4298 πάν-

747 4337 804 4372 των
824 4335 849 4370 κ.
865 4337 889 4370 τ.
903 4319 938 4387 1.]
962 4321 981 4372 i.
1000 4335 1024 4370 ο.
1042 4321 1169 4372 amodum
1185 4319 1288 4368 onmium
