3058 4928
223 283 284 346 562
348 309 352 318 ,

657 280 926 364 nnnouour

221 455 383 545 Βούσιριν
397 455 496 527 πόλιν
509 460 549 547 τή
558 452 640 524 Ἴσι·
665 458 703 526 ἐν
715 454 819 544 τούτη
838 452 903 544 γὰρ
917 451 959 543 δή
974 458 1015 545 τῇ
1029 451 1107 524 πόλι
1122 456 1191 526 ἐστὶ
1204 457 1364 544 μέγιστον
1423 462 1428 470 ’

212 556 312 640 Ἴσιος
333 558 416 650 ι’ρόν.
461 563 596 648 ἵδρυται
617 558 654 628 dl
677 553 813 647 ἡπόλις
835 554 920 646 αὕτη
941 562 999 647 τῆς
1013 557 1191 645 Αἰγύπτου
1213 563 1251 628 ἐν
1270 561 1363 654 μέσῳ

221 669 269 756 τῷ
283 666 405 733 Δέλτα.
436 655 513 743 Ἶσις
527 665 568 732 δέ
579 666 647 733 ἐστι
662 660 746 732 κατὰ
758 661 821 752 τήν
830 657 1000 750 Ἑλλήνων
1013 666 1171 748 γλῶσσαν
1185 661 1361 754 Δημήτηρ.

223 881 285 916 meu
302 864 377 916 urbia
402 865 442 914 ita
460 865 589 930 seriptum
608 864 764 916 exhibeant:
816 865 833 916 l.
854 864 872 915 1.
891 880 956 930 pag.
975 865 1008 916 70
1028 881 1103 932 aeq,
1131 864 1243 917 Renuel.
1258 865 1277 914 1.
1296 864 1315 916 l.
1334 881 1362 930 p.

224 929 342 992 Porsen
359 933 388 984 id
405 934 494 1000 ipsum
511 933 674 986 vocabulum
693 927 764 986 Βού-
816 934 867 986 593
886 949 944 1000 aeq.
964 939 1021 985 not.
1041 951 1067 985 a.
1101 935 1178 987 Inidia
1199 939 1291 986 autom
1315 951 1363 999 op-

224 1017 297 1069 τιρις
317 1003 356 1054 nil
374 1003 448 1054 aliud
471 1019 530 1056 aare
549 1019 629 1070 quam
648 1005 765 1056 Osiridis
814 1006 898 1068 pidrun
917 1003 1114 1070 Ubampollioui
1137 1005 1232 1056 eadam
1252 1004 1364 1056 ridetur

223 1090 334 1138 nomen,
360 1074 454 1124 addito
472 1079 500 1125 et
518 1075 660 1124 immutato
677 1077 765 1141 Aegy·
816 1075 880 1126 urbe
897 1074 929 1142 (l.
947 1073 966 1125 l.
981 1075 1020 1125 11.
1039 1090 1104 1142 pag.
1123 1076 1200 1142 200),
1220 1090 1289 1140 quae
1306 1075 1363 1124 He-

221 1146 340 1210 ptiorum
369 1143 494 1196 articulo.
541 1145 646 1195 Deinde
673 1159 765 1196 omnes
816 1144 912 1196 rodoto
926 1148 1039 1194 vocatur
1054 1145 1150 1212 Anysis
1161 1145 1199 1208 11,
1215 1145 1274 1196 137.
1306 1144 1364 1194 Sed

222 1219 358 1280 quotquot
375 1213 463 1265 adhue
476 1216 651 1266 innotuerunt
664 1219 766 1280 etymo·
816 1215 851 1266 ab
869 1214 975 1265 illorum
996 1215 1116 1265 virorum
1133 1215 1298 1266 auctoritate
1320 1229 1363 1264 re·

222 1285 312 1350 lagine
329 1285 440 1336 elevans
454 1284 615 1336 haunein
631 1299 660 1334 re
675 1285 766 1350 zoega
818 1284 890 1335 uadit
910 1285 1047 1336 Mannert.
1076 1285 1175 1351 Geogr.
1205 1285 1232 1336 d.
1258 1285 1305 1336 (ir.
1330 1299 1360 1334 u.

223 1355 386 1404 seutentiam
397 1359 424 1404 et
433 1354 492 1419 ipae
503 1355 634 1420 sequitur,
646 1353 767 1405 utGrae-
817 1355 911 1406 Roam.
934 1355 974 1417 X,
995 1355 1018 1407 l.
1044 1369 1107 1420 pag.
1127 1356 1179 1406 574
1196 1370 1254 1420 req.
1290 1355 1361 1406 Nam

223 1439 316 1475 eorum
328 1425 475 1487 rationem,
494 1439 549 1490 qua
562 1424 632 1474 bovo
644 1422 766 1488 aepultua
817 1424 922 1476 Baririn
940 1424 1124 1476 Herodoteam
1141 1429 1168 1474 et
1184 1424 1266 1474 Iaidia
1286 1423 1363 1489 oppi-

224 1493 312 1544 Oeiria
328 1494 388 1544 urbi
404 1509 503 1544 nomen
516 1493 653 1556 indiderit,
673 1493 767 1544 abaar-
817 1493 880 1544 dnm
899 1509 954 1544 una
971 1510 1031 1546 oum
1047 1493 1195 1560 splendidis
1211 1493 1266 1543 illia
1283 1493 1363 1544 rude-

223 1563 286 1614 dam
308 1579 369 1614 earo
392 1563 580 1628 pronuntiet.“
617 1563 766 1614 Creuaerur
816 1563 1361 1630 ribuaiprounaeademquehabeturbe‚

223 1633 322 1684 ibidem
345 1648 408 1699 pag.
430 1634 475 1684 lli
497 1648 555 1698 aeq.
577 1632 606 1682 in
628 1637 694 1684 nota
714 1632 766 1684 hoa
817 1633 1095 1700 quaeBuairiavetue
1111 1635 1148 1684 eit
1163 1634 1292 1685 dioeuda.
1319 1635 1361 1684 Ac

223 1702 313 1754 addit:
340 1704 510 1766 „Busiridem
535 1703 629 1754 urbem
654 1703 766 1754 eandem
816 1703 1019 1754 recontiaaimua
1042 1704 1137 1756 harum
1157 1705 1297 1770 regionum
1314 1719 1361 1770 pa-

223 1787 284 1824 eeea
301 1777 383 1838 atque
399 1772 549 1836 Taploririn
569 1778 597 1823 et
614 1772 767 1838 repuleram
816 1774 982 1839 regriuator‚
1007 1774 1148 1836 Minatoli‚
1172 1781 1200 1826 et
1224 1775 1282 1838 ipae
1306 1774 1361 1824 rui-

224 1842 340 1893 Oairidia
357 1842 408 1892 boo
426 1844 486 1907 ipao
504 1843 612 1894 nomine
632 1842 766 1894 declarari
816 1859 866 1894 naa
883 1857 967 1907 prope
983 1843 1101 1894 Babbait
1117 1844 1153 1894 ad
1170 1844 1265 1894 urbem
1281 1844 1360 1894 Buri·

223 1913 308 1962 tradit
318 1912 449 1964 Eudoxus
467 1928 512 1978 ap.
523 1912 662 1964 Plutarch.
676 1913 715 1966 ,de
726 1914 764 1964 Ia.
815 1913 858 1962 rin
876 1912 977 1962 referre
993 1913 1109 1975 mavult,
1136 1913 1253 1980 indeque
1270 1914 1360 1978 euspi-

224 1989 252 2032 et
269 1982 371 2033 Oairid.
390 1998 417 2047 p.
432 1981 483 2034 359
499 1981 693 2047 naruwyn„
712 1998 767 2048 qua
816 1987 894 2034 natur
915 1981 1000 2032 Ieeion
1020 1999 1042 2033 a.
1062 1983 1141 2036 Inidia
1167 1985 1282 2047 oppidum
1305 1983 1360 2033 for-

223 2052 257 2102 de
280 2065 310 2102 re
333 2051 440 2116 plurimi
464 2051 544 2102 aliter
566 2051 765 2103 iudicaverant.
815 2058 891 2102 tauro
909 2052 1003 2116 templi
1025 2053 1112 2117 ipaiue
1137 2053 1222 2104 fuisse
1240 2052 1361 2117 appella·

223 2121 303 2172 Ooni.
321 2121 403 2186 Zoeg.
424 2121 458 2171 de
475 2121 555 2172 obell.
575 2137 602 2186 p.
622 2121 682 2173 289.
719 2121 767 2172 Di·
817 2123 932 2182 tionem;
952 2122 1171 2174 vidRoiaeaum
1181 2121 1359 2187 Tempeletc.

222 2191 399 2256 etingnuntur
429 2195 520 2242 autem
554 2191 646 2256 plurea
676 2192 766 2254 urbae,
818 2206 882 2257 pag.
902 2191 963 2244 301.

223 2275 294 2326 quae
318 2260 369 2310 hoe
396 2261 504 2311 nomine
535 2261 657 2311 veniunt.
701 2261 764 2312 Vid.

223 2329 374 2394 Ohampoll.
398 2329 417 2380 1.
439 2329 457 2380 l.
480 2331 518 2381 11.
540 2345 605 2396 pag.
625 2329 686 2382 263.
705 2331 765 2394 267,

223 2400 271 2464 qui
291 2399 429 2465 Tapoaairi
444 2400 573 2464 scripturn
591 2415 652 2450 eree
669 2400 703 2450 ab
715 2402 766 2452 Ae-

223 2469 326 2535 gyptiis
344 2469 437 2532 donet,
455 2475 482 2518 et
497 2469 581 2520 ιιτὸτοι
597 2468 694 2522 Ouiridi
702 2486 765 2533 pru·

219 2541 304 2604 prium
321 2537 505 2603 significare‘*

257 2597 315 2658 ἐστὶ
331 2606 463 2672 μέγιστον
473 2598 559 2664 Ἴσιος
569 2599 645 2674 ἱρόν]
665 2610 765 2672 „Tem-

222 2677 261 2743 pli
274 2678 372 2740 Iaidie,
390 2677 464 2742 quod
481 2677 546 2728 olim
562 2678 590 2727 in
607 2678 673 2730 urbe
686 2679 766 2729 Buai-

222 2747 293 2811 ride,
322 2751 428 2798 restant
454 2747 689 2814 splendidissimae
712 2750 767 2798 rui-

222 2831 289 2881 nae,
307 2817 518 2884 elegantierimia
537 2817 633 2882 optimi
650 2833 766 2870 marmo-

810 2317 819 2338 '
844 2249 913 2318 Ἰσις
924 2258 956 2310 δέ
967 2254 1025 2310 ἐστι
1036 2289 1073 2326 ,-
1088 2250 1235 2326 Δημήτηρ]
1255 2260 1360 2325 Seripai

817 2333 833 2380 1
834 2343 877 2388 τις
886 2331 947 2396 (pro
952 2319 1042 2394 Ἰρις),
1053 2335 1179 2382 monente
1189 2345 1295 2395 quoque
1302 2331 1360 2381 Sie-

816 2401 913 2450 belleio
931 2399 966 2449 ad
978 2401 1097 2451 Pauaan.
1115 2402 1149 2464 Χ,
1165 2401 1208 2453 32.
1219 2398 1243 2460 ξ.
1254 2402 1281 2451 9.
1307 2401 1360 2450 Ra·

815 2471 885 2535 petit
899 2469 1056 2520 Herodotea
1069 2471 1153 2522 verba
1163 2469 1293 2534 Stephon.
1304 2471 1360 2534 By·

816 2545 890 2590 aaut.
914 2555 936 2590 ι.
955 2555 982 2589 v.
1001 2531 1147 2604 Βούσιρις,
1174 2539 1300 2604 idemque
1318 2541 1360 2590 ai-

816 2611 869 2660 iart
886 2609 1042 2675 Apollodor.
1060 2609 1101 2672 11,
1121 2610 1151 2672 l,
1170 2609 1186 2660 3
1204 2607 1264 2670 fin.;
1293 2610 1357 2660 add.

815 2679 948 2730 Herodot.
963 2679 1006 2740 11,
1028 2680 1086 2729 156.
1106 2683 1133 2729 at
1151 2677 1290 2730 Plutarch.
1316 2682 1359 2730 Da

816 2749 853 2800 Ie.
879 2753 906 2799 et
926 2748 1027 2800 Oeirid.
1054 2764 1114 2814 cap.
1133 2750 1158 2799 2.
1182 2765 1209 2814 p.
1228 2749 1293 2801 352:
1316 2740 1358 2799 ἕλ-

815 2811 934 2883 ληνικὸιι
950 2811 1003 2883 γὰρ
1018 2806 1118 2882 ήἸτίς
1131 2808 1200 2880 ἐστι,
1220 2819 1266 2868 ubi
1283 2819 1357 2870 conf.

222 2887 429 2952 dunolmia,
455 2887 535 2939 dultia
553 2887 690 2938 bominum
709 2889 766 2940 ani·
814 2887 1121 2953 Partbeyp.148eeq.
1164 2888 1204 2940 Aa
1223 2889 1359 2953 pertinent

222 2957 387 3024 maliumqua
404 2957 499 3025 liguria
519 2973 553 3008 aa
572 2957 660 3009 literis
679 2958 765 3010 hiero·
815 2958 881 3021 huo,
902 2973 972 3023 quae
989 2957 1025 3008 ad
1041 2957 1078 3019 11,
1091 2958 1125 3009 66
1137 2957 1171 3007 de
1187 2957 1230 3008 hia
1246 2957 1358 3009 deorum

223 3027 357 3093 glyphioia
393 3027 573 3094 spectabiles,
612 3027 766 3095 descriptae
816 3027 1044 3094 appellationibus
1065 3028 1228 3079 monuimus.
1269 3029 1359 3093 Aegy-

223 3113 283 3148 oum
310 3113 376 3148 aura
403 3113 420 3148 a
442 3098 570 3160 sicardo,
596 3099 704 3151 ourioeo
732 3115 765 3150 ex
815 3099 881 3164 ptiie
898 3099 970 3148 euim
992 3113 1053 3148 oum
1069 3097 1124 3148 Iria
1142 3103 1215 3148 earet
1239 3103 1266 3146 et
1285 3103 1359 3156 terra

223 3167 386 3218 leauitarum
419 3168 523 3219 familia
553 3170 765 3234 peregrinatura,
816 3173 844 3219 et
865 3166 938 3218 alma
958 3167 1075 3218 omniurn
1102 3181 1190 3218 rernm
1213 3171 1300 3218 mater
1324 3183 1358 3217 ao

222 3237 250 3286 iu
275 3237 355 3286 novin
377 3252 486 3288 memor.
511 3238 677 3304 legationum
707 3239 765 3290 eina
816 3238 933 3304 genitrix
960 3237 1045 3303 (conf.
1065 3242 1133 3288 nott.
1158 3239 1194 3288 ad
1212 3237 1254 3299 11,
1274 3237 1306 3288 41
1330 3243 1358 3288 at

222 3305 259 3356 ad
280 3307 411 3356 orientem
435 3308 560 3358 societat.
588 3313 610 3358 t.
635 3309 674 3359 11.
700 3323 764 3375 pag.
815 3307 954 3358 Plutarch.
972 3306 1019 3358 l.l.
1034 3307 1148 3372 capilli.
1165 3323 1191 3372 p.
1206 3306 1277 3371 366),
1296 3321 1357 3356 cnm

223 3374 305 3426 118.“
329 3377 519 3444 Weereiinq.
539 3379 639 3428 Verum
650 3377 766 3428 haerni-
816 3377 913 3428 Cerere
929 3378 1023 3443 utique
1040 3378 1178 3440 convenit,
1197 3377 1358 3442 quaoGrae-

221 3460 286 3507 naa,
309 3446 403 3510 ntique
425 3447 671 3514 splendidissimae,
696 3461 765 3513 quan
816 3448 855 3498 cia
871 3451 898 3498 et
911 3448 971 3512 ipaa
984 3447 1125 3497 colebatur
1140 3453 1212 3498 terra
1227 3446 1359 3497 omnium·

221 3515 332 3566 minima
357 3515 485 3582 fugerunt
508 3517 648 3568 doctorum
674 3517 766 3569 Gallo·
816 3533 866 3582 quo
883 3533 971 3568 rorum
987 3517 1154 3566 terrestrium
1169 3520 1255 3567 mater
1267 3531 1359 3581 aopa·

221 3599 280 3636 rum
308 3585 487 3650 industriam,
515 3603 569 3637 non
598 3587 633 3638 ad
658 3588 765 3638 Busirin
814 3602 889 3650 rena,
907 3587 979 3638 unde
997 3587 1085 3651 ipaum
1101 3585 1246 3638 deductum
1260 3601 1358 3636 nomeu

221 3655 357 3721 pertinere
369 3670 441 3706 uuna
453 3657 588 3720 diduntur,
607 3657 655 3708 aed
668 3657 702 3708 ad
712 3657 764 3708 Iri·
814 3648 967 3722 Δημήτηρ,
998 3671 1015 3706 a
1041 3657 1179 3708 veteribus
1205 3657 1260 3706 iam
1283 3661 1358 3706 reete

221 3725 262 3775 dir
283 3726 402 3792 oppidum
426 3741 447 3776 e.
464 3726 564 3785 Iaeion,
592 3726 663 3791 quod
683 3727 762 3792 paulo
813 3726 854 3776 ita
869 3725 1042 3791 explicatum,
1061 3731 1303 3778 utterruernairem
1318 3726 1359 3776 in·

219 3795 334 3844 inierina
351 3793 386 3844 ad
405 3796 517 3846 eundem
532 3795 683 3846 Phatnitioi
699 3797 764 3846 oetii
814 3795 925 3847 dicaret.
967 3797 1024 3846 Nee
1047 3797 1135 3846 minue
1158 3795 1226 3846 laidi
1256 3794 1358 3846 adaun-

220 3864 308 3928 ripam
334 3865 416 3915 eitum
448 3865 533 3916 iniero
561 3865 659 3927 fertur,
692 3881 764 3916 nuno
813 3865 882 3916 bunt
893 3881 1042 3931 cognomen
1056 3865 1152 3929 Maon,
1171 3865 1243 3930 quod
1254 3873 1358 3916 mairem

221 3937 499 4068 {tinniit
515 3935 762 4070 {diffiniit
813 3933 1358 4069 titillsitttit.litttltt:

221 4068 301 4120 Naeui
323 4087 346 4122 r.
372 4073 456 4128 Nar'ri.
482 4075 554 4140 quod
573 4075 675 4140 ipsum,
703 4091 763 4125 aen·
813 4089 872 4138 cap.
888 4075 930 4124 50.
956 4089 981 4138 p.
1000 4075 1053 4126 374
1076 4075 1168 4138 ibique
1185 4073 1305 4138 Partbey
1328 4089 1355 4137 p.

221 4153 280 4188 eum
303 4141 327 4189 ai
347 4146 468 4206 epactae,
492 4144 592 4208 optime
617 4145 764 4194 convenire
813 4143 1020 4209 252e0q.eo11.
1040 4144 1165 4194 Cranaen.
1180 4142 1300 4209 Symbol.
1314 4141 1354 4196 11.

220 4221 281 4259 oum
294 4208 399 4260 Graeca
418 4217 446 4260 et
462 4213 563 4263 Latina
578 4213 763 4278 appellatione
813 4228 838 4278 p.
856 4211 907 4264 332
922 4229 979 4278 aeq.
1004 4214 1071 4264 Cum
1091 4214 1201 4264 veroin
1219 4210 1355 4276 hierogly-

220 4278 362 4328 oontendit
378 4279 528 4345 champoll.
550 4282 569 4332 l.
594 4283 612 4332 l.
629 4299 692 4348 pag.
712 4283 761 4335 193
812 4282 898 4346 phinie
918 4284 989 4334 notia
1002 4283 1084 4346 Nepte
1103 4285 1252 4334 advocetur
1270 4288 1356 4332 mater

221 4361 279 4412 aeq.
299 4345 349 4400 195
367 4363 442 4415 roqq.
465 4349 527 4402 ooli.
552 4351 759 4404 Sohliohthoret.
813 4352 930 4404 Oeiridie
949 4352 1065 4419 indeque
1091 4352 1286 4415 utiaminide,
1308 4365 1356 4416 pa·

324 4620 365 4627 Α
