3020 4930
271 290 544 355 EXCURSUS
567 291 646 352 VIII
666 290 732 350 AD
754 286 1007 351 HERODOT.
1030 289 1076 363 ΙΙ,
1098 298 1143 352 85.
1214 285 1272 350 861

487 710 807 791 nxounsus
835 712 930 789 viu

372 881 458 947 nu
502 880 859 948 Horonon.
904 880 949 965 11,
994 883 1046 946 aa.

231 1214 273 1267 De
288 1223 448 1283 argumento
465 1215 546 1268 huius
556 1216 654 1286 capitis
670 1221 698 1268 et
713 1216 887 1286 sequentium
902 1216 941 1268 ita
956 1215 1090 1268 disseruit
1101 1215 1233 1268 Creuzer.
1249 1212 1278 1266 in

148 1301 308 1354 Commentt.
320 1300 442 1353 Herodd.
454 1313 482 1370 p·-
494 1305 528 1359 14
538 1319 617 1372 seqq.
654 1303 765 1368 „Fidem
778 1303 907 1356 Herodoti
926 1303 1163 1369 auctoritatemque
1181 1299 1232 1352 hoc
1248 1299 1277 1350 in

147 1385 205 1438 loco
222 1385 260 1436 ita
275 1384 372 1436 definit
381 1385 509 1452 Hcynius
522 1386 549 1438 in
561 1385 656 1456 spicil.
670 1392 727 1440 ant.
742 1403 821 1439 mum.
836 1405 864 1456 p.
877 1389 925 1454 78,
945 1385 1044 1439 utalia
1061 1403 1123 1440 eum
1134 1383 1207 1454 risu,
1225 1383 1278 1436 alia

146 1475 258 1522 narratu
282 1469 422 1540 accepisse
445 1470 528 1522 dicat.
562 1472 651 1534 Quem
673 1470 813 1524 indicandi
835 1471 942 1524 modum
960 1471 1068 1525 excedit
1085 1469 1227 1524 Becherus
1247 1469 1276 1522 in

144 1555 264 1622 August.
277 1554 300 1607 1.
318 1573 346 1624 p.
359 1559 375 1613 6
387 1573 461 1624 seq.‚
488 1572 548 1608 cum
559 1555 728 1608 Herodotum
740 1555 945 1627 Diodorumque
962 1561 1046 1626 negat
1056 1555 1120 1626 plus
1140 1555 1211 1607 scire
1227 1573 1276 1626 pc-

143 1641 237 1703 tuisse,
257 1656 337 1708 quam
354 1639 431 1706 vulgi
451 1658 499 1692 ore
518 1642 648 1694 ferretur.
677 1640 710 1692 ln
730 1657 785 1711 qua
802 1640 914 1694 levitate
930 1642 1014 1694 miror
1030 1640 1110 1694 etiam
1125 1639 1275 1707 Royerium

145 1722 312 1794 deprehendi
329 1725 357 1778 in
371 1724 510 1795 Descript.
533 1725 708 1796 del’Ilgypte
724 1730 800 1779 mem.
822 1724 856 1780 x.
874 1745 902 1796 p.
919 1731 981 1786 208.
1018 1725 1073 1778 sed
1091 1724 1162 1778 idem
1184 1730 1273 1777 tamen

145 1807 284 1878 aliquanto
299 1809 406 1862 cautior
424 1810 561 1879 reperitur
575 1810 661 1863 altero
676 1809 734 1864 loco
751 1828 779 1880 p.
798 1817 859 1870 211.
899 1812 998 1882 Neque
1014 1817 1103 1864 tamen
1128 1810 1189 1880 ipse
1207 1809 1273 1862 Blu-

145 1893 319 1946 menbachius
337 1894 365 1946 in
380 1894 511 1962 symbolis
529 1895 682 1949 vernaculis
695 1896 729 1948 ad
741 1895 837 1949 histor.
854 1903 945 1950 natur.
962 1896 999 1949 ΙΙ.
1018 1915 1045 1966 p.
1062 1901 1111 1956 lul
1129 1895 1172 1948 ed.
1194 1894 1273 1947 alter.

147 1997 201 2032 non
224 1986 339 2031 conatus
360 1983 403 2032 est
418 1981 615 2050 pronuntiare,
640 1997 710 2050 quae
732 1981 837 2034 utervis
859 1997 949 2034 reram
971 1981 1090 2051 scriptor
1111 1980 1145 2032 de
1167 1979 1273 2032 mumiis

145 2063 249 2131 tradat,
276 2063 341 2116 baec
359 2081 406 2116 eos
426 2082 480 2118 non
498 2071 551 2117 tam
570 2065 630 2118 suis
646 2065 735 2134 ipsius
754 2065 841 2118 oculis
860 2082 1028 2136 usurpasse,
1054 2082 1134 2136 qnam
1149 2083 1183 2120 ex
1206 2065 1273 2118 alio·

145 2165 204 2200 rum
222 2149 428 2202 narrationibus
446 2149 583 2204 hausisse.
616 2149 750 2202 Nimirum
766 2149 806 2202 illi
822 2150 876 2203 viri
897 2151 970 2203 docti
992 2151 1122 2204 iudicium
1139 2167 1219 2204 suum
1238 2150 1273 2202 de

146 2233 240 2286 horum
259 2233 424 2304 scriptorum
442 2234 496 2288 fide
511 2251 677 2306 suspensum
693 2237 831 2304 lacerant,
853 2235 897 2290 vel
910 2236 1004 2304 potius
1019 2237 1110 2289 iacere
1126 2236 1271 2302 debebant,

146 2318 180 2370 ab
201 2336 293 2372 earum
312 2319 469 2372 munierum
487 2320 607 2388 ratione,
634 2319 728 2390 quales
745 2321 879 2390 hodieque
897 2339 947 2390 per
961 2321 1090 2390 Europae
1106 2338 1201 2374 musea
1214 2339 1273 2374 ser-

148 2409 225 2456 vatae
250 2404 437 2475 reperiuntur.
477 2404 513 2457 At
529 2423 595 2458 vero
617 2405 761 2458 advertere
782 2423 834 2458 nos
853 2406 935 2460 debet
960 2406 1206 2475 intelligentissimi
1228 2405 1272 2458 Io-

146 2488 229 2540 mardi
240 2489 387 2556 sententia,
403 2506 482 2559 quam
497 2489 543 2542 ille
555 2491 735 2560 pronuntiare
749 2507 804 2543 non
820 2491 928 2544 dubitat
944 2491 972 2544 in
987 2492 1085 2545 Descr.
1102 2492 1137 2544 de
1148 2490 1271 2562 l’Egypt.

146 2571 258 2644 Antiqq.
270 2574 307 2626 II.
323 2593 350 2644 p.
363 2578 432 2641 318,
447 2591 507 2628 cum
526 2574 607 2641 dicit,
630 2581 692 2628 ante
708 2575 907 2645 expeditionem
919 2576 1162 2646 Francogallorum
1180 2575 1272 2644 Aegy-

145 2658 228 2726 ptiam
249 2659 349 2711 nemini
364 2665 489 2712 accurate
505 2660 640 2728 cognitam
657 2660 977 2731 inissevcondiendarum
996 2662 1160 2715 cadaverum
1177 2667 1271 2728 artem

145 2759 216 2812 quae
235 2743 307 2812 apud
326 2749 435 2795 veteres
453 2743 604 2814 Aegyptios
625 2744 759 2798 floruerit.
796 2746 835 2798 Et
849 2764 946 2800 revera
960 2747 1095 2818 quidquid
1114 2745 1273 2796 mumiarum

144 2827 302 2896 Europaeis
319 2827 471 2880 hominibus
486 2829 573 2882 adhuc
586 2829 694 2882 obvium
711 2831 817 2898 luerat,
838 2830 866 2884 id
884 2850 962 2884 omne
977 2833 1035 2884 tere
1053 2848 1087 2897 ex
1102 2825 1273 2896 Memplritici

147 2911 208 2978 agri
223 2911 325 2963 finibus
339 2909 525 2982 Saccaraeque
539 2919 645 2966 erutum
656 2915 756 2968 suerat.
785 2915 890 2969 Contra
904 2916 1065 2968 Herodotus
1075 2911 1272 2977 Diodorusque

146 2993 300 3048 Thebaidis
323 2995 472 3049 incolarum
492 2997 654 3068 opulentiam
677 3005 705 3054 et
728 3007 887 3070 apparatum
910 2998 1022 3052 maxime
1042 2992 1201 3062 respexisse
1221 3007 1272 3060 pu-

144 3079 225 3132 tandi
240 3085 316 3133 sunt.

232 3165 297 3218 Non
317 3164 401 3217 maior
418 3166 584 3220 eruditorum
604 3169 740 3223 hominum
762 3184 916 3224 consensus
938 3167 967 3218 in
989 3163 1161 3234 explorandis
1179 3161 1275 3229 ccush,

145 3270 214 3322 quoe
231 3251 371 3322 Aegyptios
384 3253 581 3322 commoverint,
600 3265 631 3309 ut
647 3263 703 3308 tarn
716 3273 824 3327 operase
836 3253 973 3307 condirent
992 3251 1177 3320 defunctorum
1190 3249 1275 3302 cado-

129 3356 218 3391 ·cerc.
248 3336 318 3388 Nam
334 3335 447 3406 primum
461 3336 587 3406 lleynius
599 3338 617 3391 l.
630 3338 648 3392 l.
667 3357 694 3409 p.
707 3345 741 3400 75
758 3339 853 3409 plures
870 3337 930 3390 eius
951 3332 1073 3388 instituti
1093 3350 1191 3386 causas
1206 3349 1273 3384 enu-

145 3428 240 3474 merat.
269 3420 360 3489 Zoega
376 3427 471 3474 contra
490 3423 524 3474 de
540 3423 666 3477 obelisco.
684 3443 711 3494 p.
726 3427 780 3484 264
796 3429 879 3490 negat
900 3438 999 3492 operae
1015 3417 1132 3490 pretium
1147 3435 1210 3470 esse
1231 3416 1273 3468 in-

146 3507 256 3577 quirere
274 3505 302 3557 in
319 3505 449 3574 originem
468 3524 647 3580 caussamque
662 3509 759 3575 moria,
783 3507 899 3577 quinon
918 3506 1004 3559 solum
1021 3502 1094 3574 apud
1110 3500 1272 3570 Aegyptios,

145 3592 194 3644 sed
207 3590 279 3660 apud
289 3590 438 3661 permultos
453 3609 502 3662 per
517 3593 675 3646 universum
690 3599 824 3645 terrarum
836 3592 929 3644 orbem
943 3588 1060 3660 populos
1075 3587 1201 3639 ‘diffusus
1212 3584 1272 3634 lue·

145 3677 191 3728 rit.
225 3676 281 3746 [Tu
299 3675 371 3740 vide,
391 3692 462 3746 quae
477 3677 537 3746 ipse
554 3695 611 3730 earn
628 3678 655 3730 in
677 3694 732 3730 rem
747 3675 858 3744 collegit
875 3681 903 3728 et
916 3675 986 3727 adde
999 3671 1092 3725 Zachii
1111 3666 1271 3736 Geograph.

143 3760 317 3831 Ephemerid.
331 3764 409 3820 1806.
425 3760 448 3812 I.
464 3764 557 3830 p.5t.]
584 3761 783 3828 Verumtamen,
800 3759 959 3812 athenam
970 3757 1109 3810 Gesacum
1123 3753 1166 3822 (in
1181 3751 1273 3802 Theo-

144 3847 248 3916 phrast.
266 3863 293 3914 p.
309 3848 345 3904 68
359 3862 418 3914 seq.
435 3845 478 3898 ed.
497 3845 582 3916 Casp.
599 3845 709 3912 Barth.)
726 3851 843 3910 taceam,
860 3843 894 3894 ad
909 3841 1057 3910 religiones
1073 3833 1273 3904 Aegyptiorum

144 3930 204 4000 ipse
220 3947 271 3982 nos
288 3921 408 3982 advocat
419 3929 550 3985 historiae
566 3937 645 4000 pater
661 3929 719 3996 III,
736 3933 783 3996 16,
808 3943 868 3979 cum
887 3943 976 3994 neque
996 3924 1061 3991 igne
1085 3918 1190 3972 absumi
1213 3934 1273 3971 cor-

144 4031 225 4083 pora,
247 4032 298 4067 nec
319 4013 457 4067 vermibus
479 4015 578 4068 cantici
601 4031 649 4067 eos
670 4013 793 4066 voluisse
812 4017 955 4077 memoret,
979 4012 1007 4060 et
1020 4004 1107 4072 magis
1128 4002 1207 4056 etiam
1224 4001 1274 4053 hoc

144 4098 204 4168 ipsc
220 4099 318 4168 capite,
338 4099 386 4150 nbi
399 4116 507 4152 sacrum
522 4097 695 4152 simulacrum
709 4115 725 4148 a
740 4095 902 4148 cadaverum
917 4089 1106 4145 conditoribus
1121 4104 1171 4158 pro
1186 4102 1275 4140 exem—

212 4314 239 4379 *)
258 4317 312 4368 Sed
329 4315 385 4368 vid.
403 4331 473 4381 qnae
491 4317 520 4366 in
538 4317 604 4364 nota
622 4311 658 4363 ad
677 4312 703 4363 h.
718 4311 736 4360 l.
757 4307 843 4360 allata
862 4309 935 4370 sunt,
955 4309 1068 4371 atquae
1085 4305 1114 4355 in
1126 4303 1177 4356 fine
1193 4302 1275 4353 buius

141 4383 281 4437 Excursus
299 4385 433 4437 dicentur.
