3032 4916
531 301 777 362 EUTERPE.
798 302 841 362 Π.
864 309 925 364 ltu.
1232 293 1294 358 699

162 487 244 546 σθαι
259 469 320 543 ὑπ’
337 470 457 562 αὐτῆς·
482 479 543 542 καί
559 501 619 562 μιν
634 475 736 545 πάλιν
749 472 819 544 ἀνω
833 471 1031 557 ἀπικέσθαι,
1052 477 1163 562 δῶρον
1176 479 1294 560 ἔχοντα

164 576 243 668 παρ’
261 575 364 666 αὐτῆς
377 576 617 666 χειρόμακτρον
632 580 784 668 χρύσεον.
808 575 874 647 ἀττό
889 579 926 648 δὲ
939 583 997 666 τῆς
1006 572 1218 665 Ῥαμψινίτου
1233 604 1291 645 κα-

163 682 338 770 ταβάσιος,
367 675 411 761 ἀς
431 681 532 750 πάλιν
558 678 713 768 ἀπίκετο,
741 678 844 770 ὁρτὴν
863 681 904 771 δὴ
926 679 1066 768 ἀνάγειν
1087 685 1295 767 Αἰγυπτίους

20 831 37 850 .
56 844 64 860 ,
165 792 311 874 ἔφασαν,
331 782 395 874 τὴν
407 787 463 854 καί
479 783 543 872 ἐγώ
565 783 642 854 οἶδα
656 791 704 856 ἔτι
718 787 774 854 καὶ
795 789 827 866 ἐς
842 786 898 874 ἐμὲ
913 787 1140 864 ἐπιτελέοντας
1154 780 1293 864 αὐτούς·

165 887 205 958 οὐ
226 891 357 978 μέντοι,
383 899 449 958 εἴτε
465 885 510 958 δι’
529 885 610 958 ἄλλο
624 917 656 958 τι
672 901 737 959 είτε
753 888 808 958 διὰ
822 896 926 958 ταῦτα
941 883 1133 974 ὁρτάζουσι,
1157 893 1220 975 ἔχω
1239 891 1292 958 λε’-

164 1020 247 1080 γειν.
282 997 388 1082 φᾶρος
406 993 443 1062 δὲ
459 989 649 1081 αὐτημερὸν
663 993 889 1082 ἐξυφήναντες
902 996 936 1061 oi
944 993 1045 1079 ἱρέες,
1060 985 1135 1058 κατ’
1153 982 1201 1060 ἀν
1211 998 1292 1080 ἐδη-

166 1117 229 1166 σαν
246 1093 319 1176 ἕνός
329 1093 443 1165 αὐτῶν
452 1103 551 1185 μίτρῃ
565 1094 642 1177 τούς
652 1093 868 1185 ὀφθαλμούς·
888 1092 1070 1182 ἀγαγόντες
1081 1095 1121 1164 δέ
1128 1122 1186 1182 μιν
1200 1099 1292 1184 ἔχον-

166 1229 206 1270 τα
219 1199 256 1269 τό
272 1204 378 1289 φᾶρος
392 1202 425 1280 ἐς
438 1196 520 1269 ὁδὸν
534 1201 707 1288 φέρουσαν
722 1203 755 1280 ἐς
775 1197 849 1288 ίρόν
862 1198 1054 1288 Δήμητρος,
1077 1194 1171 1268 αὐτοί
1186 1195 1292 1268 ἀπαλ-

166 1304 346 1374 λάσσονται
367 1299 489 1372 ὀπίσω·
529 1301 589 1371 τὸν
612 1303 648 1372 di
674 1306 745 1390 ίρία
766 1308 903 1387 τοῦτον,
931 1305 1198 1389 καταδεδεμένον
1217 1300 1294 1383 τούς

165 1404 382 1496 ὀφθαλμοῦς,
405 1408 539 1494 λέγουσι
559 1401 626 1476 ἀπὸ
644 1407 706 1477 δύο
726 1405 840 1476 λύκων
859 1403 1002 1494 ἄγεσθαι
1028 1409 1061 1486 ἐς
1081 1403 1118 1475 τὸ
1144 1403 1217 1495 tede
1236 1412 1294 1496 τῆς

164 1577 237 1628 nuit:
255 1573 316 1625 alea
335 1589 395 1625 cum
408 1574 505 1625 Cerere
521 1574 613 1626 ludere
632 1589 703 1628 eam·
755 1573 826 1640 quod
850 1575 885 1624 ab
902 1574 1041 1625 Athenaeo
1063 1575 1155 1638 abest,
1179 1575 1295 1641 indeque

164 1661 216 1712 qne
233 1645 355 1706 vincere,
373 1643 417 1694 vel
432 1643 524 1694 abilla
542 1645 623 1713 viupi
637 1645 704 1696 nihil
757 1659 774 1694 a
800 1643 980 1710 Wssselingio
1006 1645 1148 1705 omissum,
1178 1659 1194 1694 s
1220 1646 1295 1696 Diet-

165 1715 240 1766 eliud
258 1729 333 1776 esse,
352 1729 440 1797 quarn·
444 1715 560 1765 Cererem
575 1717 662 1765 almam
678 1723 705 1765 et
756 1713 831 1764 schio
850 1714 928 1764 uncis
949 1713 1095 1776 inclusum,
1119 1716 1218 1766 retinui
1236 1731 1295 1766 cunr

164 1785 310 1849 [euthicem.
327 1783 371 1832 rel
389 1784 508 1832 vicissim
522 1787 640 1835 insniecm
658 1801 705 1836 ese·
757 1788 823 1834 cett.
847 1783 907 1834 edd.
931 1783 1061 1864 librisque
1087 1786 1208 1850 seriptis.
1249 1785 1296 1836 Sic

165 1856 255 1918 periri
296 1853 366 1902 Nam
392 1854 493 1917 poterit
516 1855 611 1903 reterri
637 1855 705 1904 haee
756 1854 830 1904 inira
846 1868 926 1909 αυτις
945 1843 1049 1916 ὀπίσω,
1075 1870 1109 1904 ne
1126 1855 1230 1921 plura
1222 1871 1250 1904 sn
1266 1871 1296 1905 rs

166 1937 272 1988 quoqne
290 1922 410 1972 narratio
421 1922 455 1972 ad
472 1923 666 1987 agriculturam
678 1929 706 1975 et
757 1925 825 1974 satis
841 1923 961 2004 cognita.

166 1993 273 2044 felicem
292 2007 417 2054 agrorum
435 1995 607 2057 proventum,
626 1995 672 2059 qui
689 2009 706 2043 a
793 2007 886 2056 φαρος
906 1987 936 2042 δε
959 1981 1120 2056 αὐτημερὸν
1137 1983 1296 2058 ἐξυφήναν-

165 2079 194 2114 re
213 2061 368 2114 calendaria
390 2067 464 2112 recte
480 2063 608 2112 instituta
631 2063 706 2113 anui·
755 2062 810 2130 τες]
828 2063 990 2114 Creuzerum
1014 2062 1135 2146 symbol.
1159 2063 1208 2113 IV.
1232 2077 1295 2128 pag.

166 2149 218 2198 que
235 2131 444 2197 tempestatibus
467 2131 530 2182 iude
554 2136 627 2183 certo
645 2149 706 2182 con·
757 2134 809 2185 229
826 2148 883 2199 seq.
902 2133 944 2184 ed.
967 2147 1022 2184 sec.
1041 2133 1064 2182 si
1082 2133 1227 2198 sequimur,
1253 2131 1297 2182 hie

165 2201 389 2254 stitutismultum
404 2201 512 2266 pendet,
530 2217 615 2268 eoque
625 2203 706 2252 etiam

166 2273 267 2324 duenut
291 2272 358 2323 ritus
385 2272 413 2320 in
443 2271 544 2336 templo
566 2273 671 2337 Cereris
690 2287 707 2322 a

166 2342 353 2394 sacerdotibus
381 2342 520 2392 observari
550 2341 633 2394 soliti.
656 2343 707 2393 Re·

166 2413 291 2478 spieitur,
309 2411 399 2472 eredo,
418 2427 496 2478 seges
515 2412 706 2463 frumenticer·

166 2483 202 2533 tis
222 2483 287 2534 anni
309 2482 427 2548 periodis
449 2483 604 2548 reponenda
626 2487 654 2535 st
677 2484 705 2533 in

165 2558 238 2604 tarra
270 2552 424 2616 condenda,
452 2569 515 2604 mox
541 2569 622 2616 vero,
658 2554 706 2604 ubi

166 2624 265 2675 sdueta
283 2639 298 2673 s
314 2628 388 2673 terra
404 2624 432 2674 in
448 2623 533 2674 altum
550 2625 667 2675 creverit
679 2629 707 2674 et

165 2693 199 2743 ad
217 2694 401 2743 maturitatem
420 2695 588 2758 pervenerit,
608 2709 706 2745 eonsu-

164 2764 276 2823 menda3
300 2779 369 2827 quas
387 2779 430 2813 res
448 2779 495 2828 per
512 2761 588 2814 lusus
607 2764 707 2828 allego-

164 2834 231 2882 riam
243 2832 421 2897 significatur,
431 2833 458 2880 in
470 2848 523 2898 quo
535 2833 616 2884 Ceres
625 2833 707 2898 (quae

165 2901 289 2966 frugibus
306 2906 395 2951 terrae
414 2901 535 2965 praeest)
554 2902 634 2952 modo
649 2903 706 2952 vin·

166 2971 211 3031 cit,
223 2970 301 3020 ruodo
311 2970 436 3020 vincitur.
473 2972 568 3035 Neque
578 2973 605 3020 iu
615 2971 708 3021 istius·

166 3040 237 3090 modi
249 3037 349 3089 tabulis
359 3038 424 3088 illud
436 3040 705 3104 praetermittendum

167 3113 222 3171 est,
249 3123 308 3158 eum
326 3108 378 3157 hae
395 3111 542 3159 tesserariis
559 3109 707 3174 agricultu-

167 3193 212 3227 rae
231 3176 428 3240 significatione
445 3180 617 3229 coniunctam
628 3179 707 3230 simul

168 3263 227 3297 esse
246 3247 402 3297 doctrinam
427 3248 460 3298 de
482 3250 668 3300 animarum'
661 3267 708 3300 irn-

167 3316 347 3380 mortalitate‚
371 3317 487 3383 indeque
511 3319 708 3384 explicandum,

167 3386 238 3452 quod
260 3386 347 3437 'Ceres
376 3388 448 3452 apud
473 3388 576 3439 inferos
603 3406 710 3456 quoque

166 3457 299 3520 imperare
317 3456 416 3507 dicitur
432 3457 502 3520 (rid.
519 3459 556 3520 ll,
577 3460 626 3512 123
641 3461 698 3525 ibiq
682 3477 708 3525 q.

165 3527 246 3589 not).
284 3527 346 3589 Qua
364 3527 397 3577 de
415 3543 443 3577 re
462 3542 533 3579 nunc
546 3529 636 3580 dicere
654 3529 710 3580 lon·

166 3611 229 3660 gam
252 3599 303 3646 est.
340 3595 412 3646 Illud
435 3613 500 3648 vero
526 3597 657 3650 addamne
682 3600 708 3650 h.

166 3666 195 3729 1.,
215 3665 287 3732 qnod
298 3665 576 3732 protulitGroteiend.
591 3670 619 3718 iu
629 3670 710 3719 Boet-

166 3737 247 3803 tigsr.
271 3737 391 3788 Amalth.
410 3737 450 3788 11.
467 3753 530 3802 pag.
555 3737 598 3802 92,
617 3739 645 3788 in
662 3753 709 3790 ra-

166 3808 204 3858 aia
220 3805 335 3872 aliisque
357 3807 425 3858 artis
444 3808 583 3872 operibns,
605 3809 652 3858 ubi
666 3825 708 3859 re-

165 3880 376 3940 praesentantur
395 3891 438 3927 res
451 3877 485 3927 ad
496 3879 644 3928 animarum
654 3883 708 3928 sta·

166 3950 223 3996 tum
247 3951 311 4012 post
332 3947 417 3996 vitam
447 3947 518 3998 hane
541 3952 706 4012 spectantes,

165 4016 241 4066 eadee
258 4015 331 4066 haud
353 4031 414 4067 raro
440 4018 562 4067 adiectos
590 4018 706 4068 inveniri

166 4099 221 4134 nna
239 4099 299 4135 enm
323 4088 470 4152 quincunce
498 4087 533 4137 ad
555 4086 618 4137 illos
641 4103 705 4138 vero

757 2219 863 2270 quoque
896 2207 1004 2254 textura
1028 2203 1174 2252 tesseraria
1200 2201 1298 2252 intelli-

758 2273 860 2340 genda,
885 2289 939 2338 qua
962 2277 1049 2322 sortes
1070 2271 1203 2322 humanae
1222 2273 1297 2322 vitae

758 2344 870 2393 orientis
902 2348 985 2408 atque
1016 2343 1192 2403 intereuntis,
1228 2342 1299 2393 ocei-

756 2413 845 2464 dentis
868 2429 901 2464 ac
931 2413 1135 2475 reviviscentis,
1165 2413 1240 2462 vitae
1265 2427 1297 2463 ac

756 2484 851 2534 mortis
870 2489 1000 2548 perpetuo
1024 2484 1103 2549 quasi
1125 2483 1203 2544 orbe,
1227 2481 1298 2532 indi-

757 2558 867 2612 cantur,
888 2553 1020 2618 simnlqne
1034 2553 1223 2620 cogitandum,
1242 2568 1295 2617 quo

757 2639 839 2675 sensu
857 2623 924 2673 deae
940 2629 1045 2674 veteres
1064 2629 1155 2674 texere
1174 2627 1221 2672 aut
1238 2627 1296 2672 tex-

757 2699 834 2745 turae
851 2709 977 2758 praeesse
996 2694 1129 2744 dicantur.
1167 2693 1206 2743 Ac
1223 2691 1297 2742 deni-

758 2779 809 2829 que
840 2765 922 2814 etium
954 2764 1070 2827 eogitari
1102 2761 1148 2812 ille
1176 2761 1236 2811 vult
1263 2761 1297 2812 de

757 2837 849 2897 segete
874 2833 1020 2898 quotannis
1046 2832 1102 2882 iere
1123 2831 1299 2895 proveniente

758 2908 839 2968 atque
863 2905 1028 2962 intereunte,
1054 2902 1147 2950 eodem
1167 2904 1297 2963 perpetuo

759 2971 1063 3037 quasreirculo.1nde
1080 2970 1149 3020 enim
1163 2967 1298 3032 explican-

758 3043 834 3100 dum,
858 3057 905 3092 cnr
920 3045 1021 3092 morule
1038 3055 1141 3090 aureum
1155 3037 1299 3102 Rhampsi-

758 3110 1022 3170 uitodederitCeres,
1033 3108 1298 3176 pignusqnasisege·

758 3182 793 3230 tis
808 3195 917 3241 aureae,
932 3197 946 3231 e
963 3186 1037 3231 terra
1047 3195 1108 3230 mox
1123 3178 1296 3230 emittendae.

793 3243 937 3314 λέγουσι
922 3242 1044 3299 υπὸδάο
1061 3237 1297 3313 ίιῖτυνάγεσθαι]

759 3323 801 3372 De
824 3336 876 3385 quo
897 3319 957 3370 loco
983 3319 1049 3369 haee
1071 3319 1199 3370 disseruit
1217 3319 1299 3369 Creu·

760 3407 814 3441 ser.
841 3391 868 3439 in
891 3389 1051 3440 Commentt.
1081 3388 1202 3439 Herodd.
1232 3403 1297 3454 pag.

759 3460 824 3512 llll:
854 3460 964 3524 „Zosga
988 3459 1021 3510 de
1041 3453 1169 3510 obelmee.
1196 3475 1223 3523 p.
1247 3457 1298 3508 307

759 3545 836 3596 seqq.
855 3529 889 3580 ad
907 3529 1040 3580 Herodoti
1060 3529 1147 3579 locum
1169 3527 1237 3578 haec
1255 3543 1301 3592 ap

759 3601 909 3665 posuit„
918 3601 995 3661 „Hos
1022 3615 1086 3650 vero
1112 3597 1205 3662 lupos,
1232 3611 1300 3662 quos

760 3668 937 3720 sacerdotalis
956 3669 1065 3731 mythos
1086 3668 1234 3718 inferorum
1252 3667 1302 3715 rni-

759 3740 860 3790 niatros
879 3743 907 3789 et
918 3739 1133 3804 psychopompoa
1150 3737 1244 3803 genios
1262 3737 1302 3785 in-

760 3809 874 3874 digitat,
892 3810 920 3858 iu
938 3807 1053 3872 singulis
1072 3808 1130 3857 fere
1141 3806 1248 3856 mnmiis
1260 3821 1303 3855 ar-

759 3879 852 3945 eisque
865 3893 956 3928 earum
967 3879 1055 3943 pictos
1067 3876 1299 3941 deprehendimus,

758 3953 788 3998 ut
811 3947 954 4013 plurimum
979 3961 1127 3997 averrunco
1152 3947 1238 4011 flagro
1261 3946 1300 3994 iu-

758 4023 878 4068 strnetos
888 4017 923 4067 ad
934 4017 1019 4068 malos
1031 4016 1177 4066 daemones
1190 4016 1300 4080 abigen-

757 4086 806 4137 dos
831 4087 973 4137 animabus
1000 4085 1146 4136 inhiantes.
1188 4085 1301 4137 Scilicet

166 4153 223 4202 diss
241 4155 372 4221 quinque,
398 4171 466 4221 quos
485 4157 635 4208 Mercurius
658 4173 707 4222 per
756 4171 842 4222 rapax
859 4156 972 4216 animal,
997 4156 1070 4220 quod
1088 4159 1170 4205 noctu
1184 4155 1301 4205 maxime

165 4219 252 4272 lusum
261 4239 442 4288 acquisivisse
453 4227 568 4307 dicatur,
583 4231 706 4306 spectare
757 4227 866 4276 oberrat
884 4226 988 4290 subque
1006 4224 1073 4276 solis
1092 4229 1180 4275 ortum
1193 4224 1228 4274 ad
1240 4239 1301 4288 spe-

166 4290 357 4350 πενταλίθους
375 4300 402 4344 et
424 4288 514 4345 τεσσά
529 4291 705 4375 πεντάγραμ-
757 4310 804 4346 cus
827 4301 854 4345 et
879 4295 989 4345 deserta
1009 4293 1131 4359 aufugit,
1156 4293 1299 4358 Aegyptiis

165 4363 316 4425 μα-Ιν
334 4378 409 4429 seqq.
429 4359 488 4414 ἄνω
508 4357 705 4430 (pontirollis),
756 4379 842 4432 aeque
859 4369 942 4430 atque
960 4363 1022 4416 aliis
1039 4362 1147 4430 populis
1163 4362 1300 4428 plerisque
