3064 4940
662 355 790 418 OLIO.
810 357 836 417 Ι.
857 367 902 422 65.
1292 361 1348 421 141

212 532 259 596 Oi
276 527 339 617 μὲν
359 528 402 620 δή
422 557 511 611 τινες
532 527 614 620 πρός
633 529 781 601 τούτοισι
802 533 938 619 λέγουσι
958 532 1014 600 καὶ
1034 529 1162 621 φράσαι
1183 530 1351 628 αὐτῷτὴν

211 639 353 722 Πυθίην
372 631 433 703 τόν
446 639 511 704 νῦν
531 641 738 704 κατεστεῶτα
757 635 883 724 κόσμον
898 635 1141 725 Σπαρτιήτῃσι.
1170 633 1213 718 ὡς
1232 633 1264 706 d’
1287 636 1349 710 αό-

211 737 262 806 τοὶ
276 737 537 826 Λακεδαιμόνιοι
557 740 709 825 λέγουσι,
731 745 933 828 Λυκοῦργον
953 739 1240 830 ἐπιτροπεύσαντα
1255 750 1349 812 Λεω-

212 937 273 990 ideo
299 938 438 990 meliorem
461 937 591 992 librorum
613 939 758 992 lectionem
810 943 870 1005 „De
892 941 1018 1006 Lycurgo
1041 947 1171 1008 tauquam
1201 943 1260 993 viro
1290 957 1351 1008 pru-

213 1008 337 1060 deaerere
353 1010 442 1060 vnum
459 1016 511 1061 est.
809 1011 890 1061 dente
901 1015 929 1060 et
948 1013 992 1060 cui
1004 1011 1096 1077 Scipio
1105 1013 1250 1062 Africanus
1264 1014 1351 1063 maier

248 1069 308 1128 ἀλλ’
328 1073 369 1129 ἔτι
387 1076 572 1146 secluditur]
592 1079 625 1130 In
642 1079 758 1130 Diodori
809 1081 904 1130 similis
928 1081 1010 1132 luerit
1028 1081 1056 1130 in
1074 1081 1172 1132 callide
1187 1082 1351 1146 usurpandis

212 1149 353 1215 Excerptt.
377 1149 492 1218 legitur:
513 1141 584 1200 ἀλλὰ
610 1141 684 1198 θεὸν
709 1143 758 1198 καὶ
809 1150 940 1214 oraculis,
965 1151 1090 1214 somniis,
1116 1151 1144 1200 id
1171 1167 1256 1217 genus
1279 1153 1350 1214 aliis,

215 1215 321 1284 μᾶλλον
339 1211 378 1269 ἔτ’
396 1218 494 1285 οἴομαι
511 1251 555 1270 -.
573 1221 615 1270 De
632 1235 684 1271 usn
697 1234 758 1285 par·
809 1221 938 1284 iudicium
957 1219 1026 1269 iacit
1041 1219 1171 1286 Polybius
1189 1222 1223 1282 X,
1242 1224 1268 1272 2.
1286 1236 1351 1286 pag.

212 1287 314 1340 ticulae
332 1286 379 1340 καὶ
403 1285 472 1354 (καὶ
495 1287 612 1356 μᾶλλον)
636 1305 691 1340 non
713 1305 757 1340 co·
810 1289 860 1342 189
880 1290 922 1341 ed.
942 1289 1095 1354 Schweigh.
1115 1289 1176 1341 coll.
1193 1291 1227 1354 X,
1243 1292 1269 1341 5.
1287 1307 1351 1356 pag.

211 1357 334 1426 puletiva
358 1360 406 1411 sed
430 1361 568 1411 intensiva
589 1359 632 1410 Or.
658 1359 755 1410 laudat
810 1359 891 1412 196.“
912 1360 954 1411 (h.

211 1429 351 1481 Schaeier.
362 1430 396 1481 ad
408 1429 624 1496 Dionys.Halic.
636 1429 670 1480 de
682 1445 756 1482 com·
840 1421 892 1479 τὸν
921 1426 976 1478 νῦν
1007 1425 1179 1479 κατεστεῶτα
1211 1421 1351 1496 κόσμον]

211 1515 272 1566 pos.
290 1500 385 1553 rerbb.
408 1516 437 1566 p.
456 1499 516 1552 333.
553 1499 599 1551 Sic
620 1495 668 1550 καὶ
686 1497 755 1565 μᾶλ-
806 1499 909 1552 Eodem
927 1515 1009 1550 sensu
1026 1496 1171 1557 πολιτείοις
1187 1493 1296 1565 κόσμον
1314 1501 1354 1550 di-

211 1568 263 1618 1ον
287 1569 329 1631 11,
353 1569 397 1622 43.
427 1565 475 1620 καὶ
498 1561 573 1635 μάλα
599 1569 669 1633 vll,
694 1569 754 1621 186Ι
807 1572 846 1622 cit
863 1569 943 1621 Plato
962 1570 1049 1636 Legg.
1069 1569 1118 1620 VI.
1140 1571 1214 1634 init,
1237 1587 1286 1622 nec
1305 1571 1353 1621 ali-

211 1634 259 1688 καὶ
276 1631 354 1689 πάνυ
368 1640 492 1706 Thucyd.
511 1640 534 1704 1,
547 1639 573 1692 3.
592 1640 641 1704 VI,
660 1640 702 1702 17,
721 1654 756 1688 ne
806 1647 848 1692 ter
863 1640 1029 1706 Pythagorei
1046 1639 1168 1691 homines
1187 1633 1295 1705 κόσμον
1319 1641 1352 1691 de

214 1708 302 1776 plura.
808 1711 849 1762 rei
872 1709 999 1775 publicae
1017 1710 1112 1772 forma,
1130 1712 1290 1776 praesertim
1309 1727 1351 1773 ea,

248 1771 279 1827 ot
300 1769 352 1844 ple
375 1769 412 1843 δή
434 1792 509 1836 τινες
534 1768 607 1842 πρὸς
629 1767 758 1826 τούτοισι
809 1795 877 1847 quoe
895 1779 964 1829 bene
980 1780 1131 1829 constituta
1152 1787 1195 1831 est
1218 1787 1266 1830 aut
1290 1797 1353 1830 eou-

212 1845 334 1914 λέγουσι]
358 1847 454 1899 Refert
478 1847 577 1899 Strabo
599 1846 673 1898 xvl.
692 1861 756 1910 pag.
809 1850 887 1902 stitni
906 1849 995 1910 debet,
1014 1854 1158 1913 usurpant.
1177 1850 1247 1901 Add.
1266 1850 1297 1899 C.
1318 1851 1351 1900 0.

213 1917 275 1970 162.
293 1933 316 1970 s.
341 1933 405 1986 pag.
433 1916 500 1970 1165
524 1918 555 1969 O.
578 1918 613 1967 D.
640 1930 700 1966 eam
717 1915 757 1964 fa·
808 1917 931 1970 Mueller.
950 1919 1017 1968 Dor.
1039 1917 1077 1967 11.
1097 1933 1123 1982 p.
1144 1919 1169 1970 6.
1194 1924 1221 1970 et
1238 1919 1353 1970 Krische

214 2003 293 2051 mam,
311 1989 514 2054 quaLycurgus
529 2003 546 2038 a
563 1985 664 2052 Pythia
681 1999 758 2036 acce·
807 1991 850 2041 De
873 2003 956 2053 scopo
983 1985 1087 2051 politic.
1112 1989 1238 2039 societat.
1263 2005 1291 2054 p.
1309 1989 1354 2040 59.

210 2058 297 2124 perit,
329 2073 397 2124 quae
433 2057 496 2108 dein
531 2055 756 2108 Lacedaemoniis
808 2059 904 2110 Cicero
928 2057 1027 2108 Latine
1049 2055 1168 2110 reddidit
1191 2067 1305 2110 οικοιιιιιι
1326 2059 1354 2108 in

212 2127 340 2190 edixerit,
364 2128 465 2178 Minoia
491 2127 660 2178 Cretensium
683 2125 756 2190 regia
806 2129 876 2180 libro
900 2127 933 2178 da
955 2128 995 2178 Re
1019 2127 1093 2192 publ.
1115 2127 1138 2191 Ι,
1164 2129 1206 2192 28,
1231 2128 1277 2178 ubi
1296 2129 1353 2180 vid.

213 2197 260 2248 ille
278 2197 387 2263 quidem
403 2197 535 2249 aemulus.
554 2197 635 2248 Unde
651 2194 698 2246 alii
715 2195 756 2245 di·
808 2198 936 2252 Creureri
952 2201 981 2248 et
998 2197 1098 2248 Moseri
1116 2204 1240 2250 annotet.
1254 2215 1282 2264 p.
1293 2200 1353 2251 115.

211 2268 321 2330 cebant,
339 2283 372 2317 ex
389 2268 451 2333 ipsa
472 2268 555 2318 Orata
572 2266 661 2318 insula
682 2265 756 2331 leges
843 2261 881 2328 ὡς
905 2259 933 2318 d’
959 2257 1043 2317 adrui
1067 2263 1288 2335 Λακεδαιμόνιοι
1311 2265 1353 2319 λέ-

210 2337 436 2389 Lacedaemoniis
454 2336 578 2389 attulisse
588 2337 757 2403 Lycurgum
806 2352 888 2405 yones
911 2353 937 2388 ιι.
961 2352 986 2386 τ.
1011 2335 1047 2404 1.]
1078 2339 1120 2390 De
1149 2339 1354 2392 constructione

211 2409 241 2458 in
259 2422 339 2473 quam
358 2408 522 2458 sententiam
539 2407 611 2458 idem
634 2407 757 2471 disputat
807 2409 938 2460 monitum
958 2405 1026 2457 adI
1055 2408 1098 2460 58.

211 2477 313 2529 Strabo
331 2477 423 2542 etqui
441 2478 475 2526 eb
494 2493 525 2528 eo
548 2478 648 2528 citatur
668 2475 758 2542 Epho·
842 2445 1268 2544 Δοκοῦομσνόπιτροιιεόσαντα
1278 2479 1354 2527 Λειο-

211 2563 259 2598 rua
277 2547 312 2598 X.
331 2563 358 2613 p.
376 2545 436 2598 735.
455 2546 571 2615 (Ephori
589 2547 713 2612 fragmm.
728 2561 755 2610 p.
808 2541 911 2616 βιότεω,
924 2537 1095 2610 ἀδελφιδέον
1107 2540 1159 2612 μὲν
1170 2537 1287 2610 ἑαυτοῦ,
1304 2544 1354 2614 βα-

213 2617 264 2669 165
283 2631 358 2683 eeqq.
382 2616 432 2668 113
447 2632 504 2682 seq.
526 2616 569 2669 ed.
589 2617 676 2667 Marx.
694 2614 756 2666 coll.
808 2610 1228 2682 σι1εόοντοςόὲΣπαρτιητέων,
1241 2608 1354 2682 όκΚοή-

211 2687 244 2737 C.
272 2685 305 2737 0.
327 2685 451 2737 Mueller.
475 2687 556 2738 Dorr.
578 2685 617 2739 11.
642 2701 705 2752 pag.
725 2683 758 2735 16
807 2703 857 2752 της
875 2677 1033 2751 ἀγαγέσθαι
1052 2685 1151 2754 ταῦτα)
1171 2689 1204 2739 In
1222 2685 1264 2736 his
1286 2683 1355 2736 nihil

211 2755 313 2822 seqq).
338 2757 460 2822 Namque
482 2757 608 2822 Ephorus
631 2756 683 2807 hoc
706 2754 759 2805 sihi
806 2757 870 2808 libri
888 2757 1011 2820 variant,
1037 2757 1090 2807 uisi
1115 2757 1187 2822 quod
1212 2771 1260 2822 pro
1280 2756 1354 2806 Λεω-

210 2831 404 2894 propoeuerat,
426 2831 457 2876 ut
485 2825 600 2891 plurima
622 2825 759 2876 Lacedae·
808 2820 1015 2896 correpturos
1040 2819 1354 2894 exhibentrleeddreu.
1435 2857 1440 2866 -

211 2897 365 2948 moniorum
389 2897 518 2946 instituta
542 2911 559 2946 a
582 2895 758 2947 Cretensibus
807 2899 849 2948 Eo
879 2897 966 2946 maior
994 2897 1022 2946 in
1046 2911 1075 2947 re
1106 2897 1167 2962 ipsa
1195 2895 1354 2947 difficultas.

211 2965 361 3032 repetenda
378 2981 439 3017 esse
452 2966 599 3017 evinceret.
620 2966 690 3017 Utnt
706 2969 757 3028 cst,
807 2967 934 3032 Plerique
961 2967 1032 3016 enim
1059 2965 1107 3016 alii
1138 2966 1298 3031 scriptores,
1323 2964 1355 3014 dc

211 3035 327 3088 multum
350 3037 478 3088 videntur
495 3037 524 3086 in
546 3051 578 3086 eo
595 3036 648 3086 sihi
671 3033 759 3086 indul·
809 3037 907 3103 quibus
926 3036 984 3088 vid.
1002 3036 1152 3086 Menrsium
1169 3036 1356 3101 inItegn.La-

211 3108 284 3158 aisse
301 3106 527 3169 Lacedaemonii,
546 3105 619 3172 quod
638 3107 759 3171 ipsorum
809 3123 871 3158 con.
889 3107 915 3158 9.
935 3105 1051 3158 Miscell.
1062 3107 1165 3158 Lacon.
1185 3107 1224 3169 11,
1244 3109 1269 3170 5,
1290 3106 1356 3157 Olia-

210 3177 288 3242 leges
308 3191 341 3227 ax
358 3176 474 3242 Pythice
493 3175 604 3226 oraculo
618 3176 758 3241 proiectae
808 3180 892 3227 rillum
909 3177 1064 3238 nourinant;
1092 3177 1168 3228 cuius
1184 3175 1307 3240 tutelam,
1323 3179 1356 3226 ut

212 3251 319 3308 essent,
347 3247 375 3296 in
397 3247 469 3296 hunc
490 3246 558 3296 adeo
583 3247 690 3296 modum
715 3245 759 3295 de·
809 3247 903 3298 fratris
915 3246 1080 3312 Polydectae
1091 3247 1297 3314 filii,Lycurgus
1310 3245 1357 3296 ad-

211 3317 342 3381 scriptae,
356 3323 386 3366 ut
404 3315 575 3367 oraculorum
593 3316 707 3366 lerinam
720 3329 760 3365 re·
810 3317 1017 3367 ministraverit.
1037 3317 1150 3367 Accedit
1167 3317 1238 3383 quod
1252 3317 1357 3368 Leobo·

212 3386 356 3438 tinuerint.
378 3387 450 3448 Quin
466 3391 760 3436 commemoraturma-
811 3393 883 3436 tuse
899 3387 974 3451 regia
988 3387 1357 3450 Eurysthenidarumatirpe,
1436 3391 1438 3394 ‘

211 3458 346 3524 gistratue
366 3457 512 3522 Ρμιόίσπνο
537 3464 658 3521 quatuor,
681 3455 726 3519 qui
744 3469 761 3503 a
812 3457 955 3520 Lycurgus
968 3455 1251 3516 ver0,Eunomifiliue
1266 3455 1358 3522 (cuius

212 3542 278 3592 rege
288 3525 424 3592 designati
437 3525 548 3577 oracula
554 3525 672 3590 Pythice
681 3524 760 3588 Spar·
812 3529 926 3576 stemma
944 3523 999 3572 vid.
1019 3523 1091 3588 apud
1102 3524 1190 3576 Marx.
1209 3523 1245 3574 ad
1255 3521 1358 3588 Ephori

212 3603 272 3648 tam
290 3597 398 3662 integra
415 3596 558 3646 referrent.
577 3595 640 3646 Vid.
661 3594 709 3657 Vl,
727 3593 760 3644 51
813 3595 912 3659 fragm.
931 3609 958 3657 p.
980 3593 1050 3656 114),
1069 3592 1197 3643 Proclida
1217 3593 1278 3644 fuit.
1300 3593 1358 3642 Nec

204 3667 281 3732 ibiq.
300 3671 371 3716 nott.
405 3665 485 3717 Unde
507 3665 623 3731 probare
647 3667 761 3714 conatur
813 3664 941 3715 convenit
965 3663 1080 3728 denique
1103 3667 1255 3727 temporum
1278 3661 1358 3726 ratio,

212 3737 246 3788 C.
273 3735 306 3786 Ο.
329 3735 451 3786 Mueller.
477 3733 515 3801 (p.
542 3735 574 3787 11
594 3750 650 3801 seq.
677 3733 696 3786 l.
720 3731 761 3799 l.),
813 3750 895 3800 quum
913 3737 1022 3783 centum
1040 3733 1096 3783 fere
1115 3735 1178 3783 anni
1203 3734 1273 3784 inter
1290 3733 1359 3784 Leo-

211 3807 266 3857 hoc
285 3805 423 3856 oraculum
447 3807 592 3856 universae
615 3805 762 3870 Spartano·
812 3805 895 3856 botae
913 3803 1016 3853 obitum
1035 3802 1189 3870 etLycurgi
1208 3803 1359 3871 legislatio-

212 3891 274 3927 rum
294 3876 333 3926 rei
358 3875 484 3942 publicae
504 3875 622 3926 tuendae
644 3873 763 3940 legibue·
813 3891 874 3925 nem
901 3873 1069 3924 intercedere
1097 3873 1235 3936 dicantur3
1266 3875 1305 3925 ita
1327 3879 1359 3926 nt

213 3962 268 4012 que
287 3945 428 3997 servandis
442 3947 522 4012 quasi
537 3945 699 4011 praefuisse.
719 3942 762 3993 Tu
813 3944 938 3994 Leobota
955 3943 1077 4009 adeoque
1096 3945 1154 3995 eius
1172 3944 1358 4012 filioDorysao

213 4015 271 4066 vid.
298 4031 368 4082 quae
391 4015 470 4066 affert
495 4015 526 4067 C.
549 4015 581 4066 F.
608 4016 760 4066 Hermann.
814 4019 945 4080 regnante
963 4029 996 4064 ne
1014 4019 1097 4064 natus
1116 4015 1224 4080 quidem
1240 4032 1359 4082 essepo-

213 4083 325 4138 Grieeh.
350 4085 557 4137 Staataalterth.
582 4087 607 4148 §-
628 4084 671 4137 23.
691 4087 761 4134 nott.
813 4085 897 4134 tuerit
918 4085 1072 4150 Lycurgus.
1098 4085 1286 4151 Marshamua,
1306 4103 1359 4154 qno

216 4157 261 4208 ll.
280 4159 308 4204 el
326 4154 374 4207 Ch.
385 4156 418 4208 F.
435 4155 562 4206 Wilster:
581 4156 623 4206 De
641 4154 718 4218 relig.
735 4157 763 4204 et
812 4154 982 4204 Herodotum
1006 4155 1204 4221 quodammodo
1233 4157 1359 4208 concilia-

213 4224 319 4290 oracql.
338 4225 425 4291 Apoll
448 4223 545 4290 Delph.
565 4221 666 4289 (Havn.
687 4221 761 4288 1821)
813 4229 855 4274 ret
874 4240 933 4274 cum
952 4223 1117 4291 reliquorum
1140 4228 1302 4292 scriptorum
1320 4233 1360 4276 te·

213 4297 248 4347 P.
269 4294 293 4346 Ι.
318 4297 344 4358 ξ.
368 4295 411 4346 34.
435 4311 462 4360 p.
488 4297 521 4349 79
545 4309 621 4361 aeqq.
647 4292 709 4344 coll.
728 4294 761 4344 F.
814 4295 962 4359 elimoniis,
989 4302 1096 4346 mutata
1122 4311 1220 4346 vocum
1238 4295 1361 4347 Herode-

214 4363 470 4430 StiefelhagenrDe
483 4363 585 4415 oracul.
597 4362 686 4429 Apoll.
699 4361 762 4413 Del·
813 4369 918 4415 tearum
935 4365 1001 4416 sede
1019 4365 1074 4430 legi
1093 4367 1166 4416 vult:
1191 4355 1360 4427 ἐπιτροπεύ-

213 4435 288 4502 phic.
307 4433 407 4500 (Bonn.
427 4433 505 4501 1848)
530 4449 558 4500 p.
578 4433 612 4486 35
631 4449 706 4499 seqq.
726 4463 761 4472 -
814 4445 902 4484 σαντα
919 4425 1091 4500 ἀδελφιδέου
1109 4428 1161 4500 μὲν
1179 4425 1296 4497 ἑαυτοῦ,
1311 4429 1360 4500 βα-
