3086 4932
224 283 284 348 188
647 263 925 349 ‘aaronem

222 463 393 555 συννήσας
413 460 525 556 πυρὴν
540 461 705 554 μεγάλην,
729 459 909 552 ἀνεβίβασε
929 460 983 534 ἐπ’
1004 460 1110 553 αὐτὴν
1131 464 1191 539 τὸν
1211 468 1359 558 Κροῖσόν

222 671 259 722 ci.
283 671 306 730 Ι,
331 668 374 720 50.
398 665 513 717 Multum
535 666 570 717 ab
594 666 637 718 his
660 669 766 720 differre
817 671 926 738 Lnynes
943 671 972 721 in
989 668 1097 720 Annali.
1115 670 1270 738 archeolog.
1291 671 1359 734 (Mo-

222 741 331 792 Cteeiae
353 738 536 788 narrationem
565 737 683 790 Persico.
713 742 767 790 Ex·
816 738 953 802 numentil
972 742 1005 792 Τ.
1022 741 1055 793 V.
1076 757 1104 806 p.
1121 739 1172 792 237
1191 758 1266 806 seqq.
1283 745 1315 793 Τ.
1334 744 1357 794 Ι.

222 813 354 876 cerptt.§.
366 811 391 858 4.
404 807 541 869 multoque
558 808 646 874 magis
658 810 767 860 Nicolai
817 813 885 863 Tab.
905 811 1017 862 XLVII.
1041 814 1068 860 et
1086 811 1158 862 LIV.
1185 817 1213 862 et
1234 813 1361 864 Welchsr

221 879 386 934 Damasceni
404 877 597 942 amplificantis
618 881 645 928 et
661 879 694 930 ad
710 885 765 930 tra·
814 882 842 931 in
861 883 932 932 Mus.
951 881 1073 932 Rhenan.
1092 881 1130 932 11.
1149 898 1176 946 p.
1195 881 1256 932 504.
1282 883 1360 946 Quod

222 951 337 1020 goediae
360 949 493 999 rationem
517 949 673 999 exornastis
697 948 762 1010 (vid.
814 953 860 1001 vix
873 952 1013 1017 quisquam
1033 952 1184 1013 mirabitur,
1204 953 1259 1017 qni,
1277 969 1359 1018 quan-

223 1026 280 1075 eius
300 1021 424 1086 fragmm.
444 1035 471 1080 p.
497 1019 547 1069 195
570 1017 612 1067 ed.
633 1018 716 1070 Orell.
737 1026 764 1070 et
814 1026 872 1072 tnm
890 1022 958 1072 baec
975 1020 1070 1070 sabula
1087 1022 1158 1072 inter
1170 1022 1289 1074 Graecos
1300 1040 1360 1090 pro-

222 1092 359 1158 supplem.
376 1105 403 1154 p.
424 1087 466 1150 38,
486 1089 612 1140 Creuaer.
625 1089 762 1154 lhagmm.
817 1097 919 1158 pagata
936 1091 1019 1142 faerit
1036 1091 1152 1158 indeque
1177 1091 1211 1142 ad
1235 1095 1296 1158 ipsa
1320 1111 1360 1144 ar-

220 1165 331 1214 historr.
371 1175 434 1225 pag.
470 1159 522 1210 207
558 1173 634 1223 seqq.
670 1164 698 1210 et
735 1161 764 1212 C.
818 1163 854 1212 tis
870 1179 953 1228 opera
970 1161 1106 1224 traducta,
1125 1165 1307 1226 reputaverit:
1326 1165 1360 1215 de

221 1231 336 1284 Mueller
350 1231 487 1292 Fraqmm.
506 1227 572 1280 hist.
585 1229 698 1282 Graece.
712 1231 765 1283 111.
818 1249 872 1298 qna
892 1232 983 1283 eadem
1010 1232 1092 1282 etiam
1117 1233 1248 1284 retulerat
1270 1235 1360 1285 Ptole-

222 1321 249 1370 p.
269 1299 431 1366 ihdseqq.),
450 1300 550 1350 iamin
567 1301 641 1349 notis
661 1301 768 1351 adCte-
817 1318 910 1354 maeus
941 1302 1109 1366 Hephaestio
1142 1303 1228 1368 primo
1258 1301 1361 1368 καινῆς

222 1373 279 1428 siae
302 1371 321 1422 l.
345 1371 364 1421 1.
388 1369 517 1420 indicavi.
551 1370 594 1419 De
615 1386 682 1436 rogo
706 1387 766 1421 cnm
818 1369 947 1433 ἱστορίας
965 1371 1044 1435 libro,
1062 1374 1090 1423 in
1109 1389 1161 1438 quo
1180 1379 1242 1438 post
1257 1373 1360 1424 Hercu-

222 1443 291 1494 nihil
319 1441 427 1506 legatur
454 1439 526 1503 apud
560 1439 679 1490 Ctesiam
709 1439 767 1506 (qui
816 1443 869 1494 lem
897 1443 1011 1492 flammis
1035 1448 1205 1494 consumtum
1227 1444 1270 1494 hic
1296 1443 1360 1494 scri-

224 1515 354 1565 Croesnm
377 1515 470 1560 narrat
494 1510 523 1558 in
545 1509 678 1572 Apollinis
703 1516 768 1561 tem·
819 1518 881 1578 ptor
899 1512 1050 1563 tradiderat
1074 1510 1139 1576 aspi
1160 1511 1211 1578 τῆς
1233 1511 1359 1576 Κροίσου

223 1585 297 1650 plum
314 1577 522 1646 perfugientem,
541 1583 583 1629 ter
596 1580 717 1631 vinctum
730 1582 768 1632 ibi
819 1577 849 1634 ἐν
868 1580 903 1641 τῇ
926 1580 1005 1650 πυρᾷ
1029 1581 1182 1647 σωτηρίας,
1202 1587 1273 1634 teste
1290 1583 1360 1634 Pho-

223 1672 240 1704 α
255 1653 357 1714 Persis,
374 1657 416 1701 ter
432 1649 577 1700 liberatum
597 1664 657 1700 osse
675 1651 768 1702 divina
819 1655 857 1704 tio
880 1653 951 1706 Bibl.
977 1653 1037 1703 cod.
1063 1653 1123 1704 190.
1142 1652 1190 1717 (cf.
1210 1653 1360 1718 Hephaest.

224 1724 331 1774 scilieet
349 1737 415 1786 ope,
434 1724 461 1770 et
484 1720 580 1769 iterum
599 1720 722 1771 vinctum
740 1723 768 1772 in
818 1726 955 1789 Fragmm.
981 1739 1008 1788 p.
1034 1724 1066 1774 12
1090 1724 1182 1788 ibique
1203 1724 1305 1776 Roulea
1332 1741 1359 1789 p.

223 1794 307 1860 regiis
334 1791 464 1853 aedibus,
496 1789 584 1840 denuo
613 1789 767 1854 liberatum,
820 1797 853 1844 47
871 1793 950 1860 seq).
973 1792 1034 1843 Alia
1055 1809 1127 1844 nunc
1149 1795 1269 1858 mittam,
1293 1810 1360 1860 quae

224 1863 353 1915 immissis
373 1860 531 1912 fulminibus
550 1865 577 1910 et
600 1861 767 1928 tonitrubus)
820 1881 924 1916 summa
942 1879 1007 1914 cura
1024 1864 1119 1914 attulit
1130 1865 1216 1916 Raoul
1228 1866 1362 1917 Rocbette

223 1951 274 1986 nec
290 1931 363 1998 apud
383 1931 602 1995 Xenophontem,
620 1932 674 1982 iarn
692 1934 769 1984 Wes-
820 1935 848 1984 in
866 1951 899 1986 ea
918 1935 1078 1998 scriptione,
1103 1935 1179 1985 cuius
1202 1936 1256 1986 iarn
1280 1951 1362 2000 supra

226 2005 340 2070 selingio
365 2001 483 2067 suspicio
507 2005 565 2051 erat
587 2002 713 2066 suborta,
735 2019 769 2054 ex
819 2006 983 2055 mentionem
1003 2005 1116 2055 fecimus
1144 2005 1179 2055 ad
1202 2005 1225 2068 1,
1248 2006 1273 2067 6,
1297 2022 1360 2072 pag.

224 2075 302 2137 vrrlqi
316 2073 386 2122 mira
409 2071 546 2136 captantis
569 2071 677 2122 fabellis
700 2074 769 2124 baec
818 2076 868 2126 271
889 2091 975 2139 seqq,
1006 2074 1054 2124 ubi
1084 2075 1224 2126 Herodoto
1251 2076 1362 2141 eiusque

225 2143 395 2210 profluxisse.
436 2143 473 2192 Et
503 2142 560 2191 eius
587 2145 769 2209 suspicionem
819 2145 969 2196 narrationi
988 2145 1207 2207 patrocinaturus
1226 2144 1260 2194 ad
1280 2145 1363 2210 Assy·

226 2217 328 2278 augent
359 2212 480 2276 adeoque
515 2212 614 2262 iustam
648 2230 770 2278 compro·
819 2215 907 2278 riaca,
939 2213 1029 2278 qualia
1055 2215 1082 2263 in
1115 2213 1252 2278 Lydorum
1282 2217 1362 2265 rebus

225 2287 302 2345 bant,
327 2298 397 2348 quae
421 2283 455 2331 sd
480 2282 589 2332 Ctesiae
612 2283 631 2334 l.
656 2283 676 2335 l.
705 2301 769 2350 pag.
820 2300 902 2349 supra
926 2299 1033 2348 quoque
1054 2282 1073 2334 l.
1098 2283 1117 2334 l.
1142 2284 1296 2347 attigimus,
1318 2285 1362 2334 hio

227 2354 287 2408 loll.
297 2354 325 2402 in
335 2353 490 2402 universum
503 2353 650 2417 disputavi.
670 2355 769 2405 Parum
821 2370 928 2420 qnoque
960 2353 1058 2418 respici
1087 2351 1145 2402 vult
1178 2353 1361 2418 Crassumque

227 2425 298 2476 enim
317 2422 382 2472 mihi
399 2422 507 2472 videtur
523 2423 677 2487 probabile,
696 2425 768 2488 igne,
821 2425 878 2490 igni
901 2423 1030 2474 traditum
1054 2439 1108 2472 non
1131 2421 1185 2472 alio
1214 2437 1295 2472 sensu
1318 2437 1361 2472 ac·
1389 2421 1399 2430 ‘

227 2496 274 2562 qui
292 2493 480 2545 sanctissimus
498 2493 551 2542 init
567 2494 668 2556 Persis,
686 2499 718 2544 ut
736 2511 770 2545 ne
821 2495 884 2559 cipi,
903 2510 983 2560 qnam
1008 2492 1221 2556 Sardanapalum
1236 2491 1311 2541 illum
1333 2496 1362 2542 et

227 2566 324 2632 spiritu
361 2563 467 2628 quidem
498 2579 558 2613 enm
591 2565 770 2614 contaminari
820 2567 909 2630 ipsum
930 2564 1101 2628 Assyriorum
1122 2578 1216 2625 regum
1237 2561 1361 2612 ultimum

227 2637 342 2694 vellent,
373 2633 480 2684 eosdem
515 2633 615 2684 abusos
644 2649 704 2685 esse
735 2635 770 2685 ad
822 2651 906 2700 aeque
940 2634 1053 2684 flammis
1091 2633 1243 2682 absumtum
1280 2637 1362 2697 atque

228 2705 389 2771 supplicium
417 2701 575 2753 sumendum
604 2703 637 2754 de
663 2705 771 2755 homine
820 2705 1036 2770 huncLydorum
1046 2718 1135 2768 regern
1145 2703 1283 2752 ultimum:
1298 2703 1363 2764 quin

228 2791 313 2843 pravo
332 2779 412 2840 atque
432 2773 568 2824 damnato.
598 2774 674 2825 Haeo
699 2776 769 2839 ipsa,
821 2777 910 2841 ipsum
927 2775 1019 2836 deum,
1039 2773 1179 2838 Assyrium
1202 2773 1277 2824 illurn
1295 2774 1363 2823 Her-

229 2862 299 2914 quae
316 2845 437 2910 pluribus
455 2843 474 2895 l.
488 2843 507 2894 l.
525 2842 650 2908 explicui,
669 2845 697 2895 in
711 2861 770 2895 eam
822 2844 1032 2906 cnlem,Sardan
1051 2860 1130 2909 quern
1148 2845 1285 2894 vocabant
1295 2842 1362 2906 (vid.

229 2933 272 2967 me
295 2915 446 2980 perducunt
469 2914 646 2976 sententiam,
669 2920 700 2965 nt
717 2916 771 2966 lle-
823 2932 905 2981 snpra
921 2915 956 2965 ad
977 2915 1000 2977 I,
1019 2913 1057 2978 6.)
1076 2913 1168 2976 affert,
1193 2915 1290 2978 quovis
1308 2913 1364 2963 iere

229 2987 319 3037 rodoti
338 2985 521 3035 narrationem
537 2984 624 3049 magis
639 2985 772 3036 Graecam
823 3002 894 3037 anno
924 2987 953 3036 in
978 2983 1158 3049 compluribus
1184 2984 1267 3035 Asiae
1293 2984 1366 3034 urbi·

230 3056 351 3110 dixerim,
371 3055 466 3116 idest,
487 3055 650 3105 Graecorum
664 3055 698 3104 ad
716 3071 773 3106 mc·
823 3057 874 3107 bus
892 3057 954 3122 igne
973 3060 1130 3116 crematum,
1146 3059 1177 3105 ut
1188 3071 1252 3106 mox
1271 3055 1306 3106 ad
1319 3069 1366 3104 no-

230 3141 272 3174 res
294 3124 379 3184 massis
404 3123 599 3174 conformatam
623 3128 705 3189 atque
728 3141 773 3176 ac·
824 3143 886 3177 vam
913 3128 998 3177 vitam
1027 3130 1161 3191 emergam
1192 3125 1229 3177 cf.
1258 3141 1284 3190 p.
1315 3126 1365 3176 277

231 3194 436 3254 commodatam,
449 3193 580 3242 veriorem
594 3193 774 3245 Ctesiaenar-
824 3213 900 3262 seqq.
919 3197 996 3258 erae
1014 3197 1108 3247 eadem
1132 3197 1160 3245 in
1179 3197 1283 3247 Graeco
1302 3210 1366 3260 quo·

230 3264 373 3325 rationem,
392 3266 423 3311 ut
440 3263 480 3314 rei
501 3263 553 3326 ipsi
571 3266 658 3330 magis
676 3281 773 3315 conve·
824 3283 876 3331 quo
904 3265 1022 3317 Hercule
1055 3265 1176 3316 valuisse
1208 3267 1366 3326 arbitratur,

229 3335 349 3385 nientem
369 3348 420 3382 nec
448 3348 465 3382 a
486 3331 630 3384 Persarum
653 3335 772 3385 moribus
824 3335 914 3402 quiin
935 3338 1006 3388 Oeta
1028 3337 1142 3386 flammis
1165 3336 1282 3386 traditus
1303 3335 1367 3384 inde

231 3406 430 3456 abhorrentem.
465 3402 689 3467 Xenophonteam
712 3421 773 3454 nar·
824 3406 858 3456 ad
878 3405 1022 3470 Olympum
1041 3410 1152 3456 erectus
1171 3407 1215 3454 ait.
1236 3406 1275 3455 Ac
1293 3403 1366 3453 deni·

230 3477 363 3528 rationem
382 3473 453 3536 quod
470 3471 505 3522 ad
518 3489 611 3523 verum
624 3475 711 3541 magis
729 3491 773 3524 ac·
824 3491 874 3540 que
893 3475 975 3526 etiam
989 3475 1041 3525 huc
1056 3479 1179 3538 spectare
1193 3473 1237 3522 ille
1252 3473 1312 3522 vult
1323 3487 1364 3530 ea,

231 3547 327 3599 cedere
356 3543 414 3594 vult
444 3545 506 3595 lae.
529 3543 614 3594 Klerh
644 3545 672 3594 in
697 3545 771 3602 Dies,
824 3561 893 3608 qnae
928 3545 1000 3609 apud
1029 3543 1197 3594 Herodotum
1224 3543 1287 3604 VII,
1316 3541 1364 3590 167

230 3619 296 3670 hist.
315 3617 348 3668 de
372 3615 431 3664 vita
448 3613 555 3676 Croesi,
581 3630 661 3680 qnam
684 3615 773 3664 Xeno·
824 3614 858 3664 dc
876 3613 977 3665 Gelono
995 3613 1152 3672 traduntur,
1177 3612 1223 3676 qui
1247 3611 1275 3660 in
1292 3612 1366 3660 flam-

232 3689 303 3752 phon
332 3688 360 3738 in
388 3684 558 3749 Cynopaedia
580 3685 708 3742 tradidit,
736 3683 772 3733 ad
824 3699 882 3733 rnas
915 3699 944 3734 se
978 3683 1090 3733 coniicit
1115 3681 1275 3744 divinosque
1303 3680 1366 3730 iude

232 3757 312 3807 iidem
334 3755 493 3805 historicam
517 3759 622 3815 exacta,
646 3754 771 3814 Lugdun.
824 3754 925 3816 accipit
942 3753 1067 3803 honores.
1103 3753 1183 3801 Hanc
1202 3751 1366 3800 sententiam

232 3823 329 3876 Bat'av.
351 3825 427 3874 1825.
447 3841 473 3888 p.
491 3822 606 3889 tuipsa
625 3823 773 3874 diiudicare
824 3823 1011 3887 comprobavit
1037 3821 1189 3871 assentiens
1217 3819 1297 3870 Wala
1325 3821 1366 3869 in:

232 3893 308 3952 uolo,
334 3907 395 3943 carm
416 3893 515 3943 librum
537 3893 671 3958 inspicere
700 3893 773 3944 haud
824 3890 896 3956 Allg.
924 3893 1040 3956 Zeitung
1063 3893 1088 3941 7.
1112 3891 1183 3949 Aua.
1206 3890 1275 3942 1853
1298 3889 1366 3940 Bait.

156 4027 159 4032 Ι
231 3963 348 4014 licuerit.
368 3962 420 4012 Sed
440 3963 574 4013 Herodoti
592 3964 772 4014 narrationem
823 3961 884 4013 ala.
902 3977 929 4026 p.
948 3961 1025 4012 3499,
1045 3963 1087 4010 De
1109 3960 1205 4026 quibus
1228 3963 1290 4009 utnt
1313 3964 1368 4010 sta-

233 4033 351 4096 derogo
370 4031 441 4094 quod
460 4033 547 4096 magis
566 4033 773 4095 Graecamdixi,
824 4032 888 4093 tuis,
915 4033 943 4081 in
969 4031 1021 4081 hac
1053 4034 1112 4080 tota
1146 4030 1302 4080 narratione
1335 4031 1369 4081 de

234 4101 262 4152 id
276 4117 348 4151 nnuc
364 4101 567 4164 comprobatum
577 4103 657 4152 video
670 4103 775 4154 vasculi
826 4103 927 4151 Croeso
962 4101 1037 4150 victo
1072 4115 1104 4150 ae
1134 4115 1200 4166 rogo
1230 4101 1368 4164 imposito,

233 4171 373 4224 amandam
402 4185 488 4234 nuper
515 4169 646 4220 Volsiniis
675 4173 776 4237 reperti
827 4161 923 4222 deinde
953 4169 1113 4220 mirabiliter
1142 4175 1252 4220 servato
1284 4170 1370 4220 multa

234 4241 362 4305 imagine,
380 4255 450 4304 quae
467 4238 595 4289 Croesum
619 4256 776 4304 repraessn-
827 4243 925 4301 inesse,
944 4255 1014 4305 qnae
1031 4239 1066 4288 ad
1085 4239 1249 4291 Graecorum
1267 4256 1310 4290 res
1329 4243 1370 4289 to-

234 4315 276 4361 tst
299 4325 389 4372 renem
416 4309 570 4372 impositum
593 4324 659 4372 rogo
683 4311 776 4360 addita
827 4317 936 4376 tamque
959 4325 1051 4360 eorum
1075 4314 1102 4360 et
1124 4311 1259 4360 sentiendi
1281 4315 1308 4360 et
1327 4325 1370 4358 co·

233 4379 411 4445 inscriptione
434 4375 632 4429 KPOEEOZ:
651 4377 708 4431 rid.
734 4382 776 4430 De
827 4381 932 4446 gitandi
949 4381 1080 4432 rationem
1099 4381 1263 4447 pertineant,
1276 4379 1371 4444 negari
