3058 4928
242 265 305 326 556
671 265 944 330 ΗΕΕΟΠΟΤΙ

245 447 376 531 ἔφασαν
402 439 485 531 πρὸς
512 447 633 528 ταῦτα,
666 440 800 531 ζήτησιν
824 438 974 530 μεγάλην
993 437 1060 510 άπὸ
1078 443 1194 530 σφέων
1217 442 1377 528 γενέσθαι

243 552 312 616 τῶν
335 552 507 632 γυναικοῖν
527 548 688 616 τουτέων·
721 547 777 614 καὶ
795 543 955 634 ἀνευρεῖν
977 549 1040 634 μέν
1055 567 1162 633 σφεας
1181 542 1223 615 οὐ
1238 546 1377 614 δυνατοὶ

244 652 420 738 γενέσθαι,
441 653 613 720 πυθέσθαι
630 649 666 718 δὲ
681 645 823 739 ὕστερον
835 654 940 719 ταῦτα
960 651 1036 738 περὶ
1050 646 1197 735 αὐτέων,
1216 647 1321 738 τάπερ
1335 647 1378 737 δὴ

197 761 237 822 55
246 760 373 841 ἔλεγον.
423 759 535 824 Ταῦτα
554 756 616 842 μέν
635 781 701 824 νυν
718 759 786 822 τῶν
809 756 846 822 ἐν
862 753 992 844 Θήβῃσι
1011 755 1112 842 ίρέον
1133 751 1276 841 ἤκουον,
1296 751 1378 822 τάδε

245 859 282 929 δὲ
297 864 516 928 Δωδωναίων
533 858 616 945 φασὶ
635 862 673 926 αἱ
685 854 901 946 προμάντιες·
925 857 1000 927 Δύο
1022 855 1200 937 πελειάδας
1219 863 1379 946 μελαίνας

242 1063 283 1124 V,
302 1064 328 1113 2.
347 1061 375 1124 Ι,
395 1061 437 1112 14.
481 1059 558 1121 Quae
584 1059 608 1108 si
631 1063 786 1125 reputasset
836 1059 912 1110 simis
938 1059 1069 1110 historiae
1097 1061 1176 1124 patre
1203 1058 1297 1129 melius
1325 1060 1376 1110 eibi

243 1131 329 1183 Cobet
347 1131 425 1182 Varr.
444 1131 534 1180 Lectt.
551 1145 577 1193 p.
597 1129 704 1192 27616
723 1128 784 1180 aliis
834 1129 923 1181 edocti
947 1129 1073 1180 videntur
1093 1115 1221 1195 indeque
1226 1130 1316 1180 omnia
1334 1145 1375 1192 aa,

242 1201 310 1252 locis
323 1200 508 1252 consimilibus
517 1199 680 1250 Herodoters
697 1200 742 1280 (V,
757 1201 783 1250 2.
835 1215 904 1266 quae
923 1215 955 1250 ex
967 1199 1114 1266 Aegypto'
1107 1215 1135 1249 rn
1145 1199 1288 1250 Graeciam
1299 1198 1376 1250 illata

242 1261 469 1338 V198)prourro
478 1285 532 1320 666
542 1260 784 1334 reposuissetvrso
834 1269 880 1320 ille
907 1269 989 1332 dicit,
1016 1285 1048 1320 ex
1071 1269 1243 1334 opinionibus
1266 1274 1376 1334 postera

835 1339 941 1389 demum
960 1343 1051 1389 aetate
1068 1353 1116 1405 per
1126 1339 1268 1390 Graeciam
1282 1356 1377 1404 propa-

444 1441 510 1494 0³
525 1443 583 1493 nv.
834 1408 1377 1530 uitiatiinstitituit

280 1546 376 1598 Ταῦτα
392 1543 444 1610 μέν
461 1561 514 1595 ννν
533 1535 563 1594 ἓν
577 1535 687 1611 Θήβησι
699 1538 784 1608 ΐρέων
836 1549 925 1614 potior
933 1549 1065 1600 Herodoti
1078 1549 1237 1611 auctoritas,
1249 1551 1294 1614 qui
1306 1550 1377 1615 quod

241 1609 363 1684 ἤκουον]
380 1617 460 1668 Facit
471 1615 533 1679 huc,
549 1615 619 1681 quod
634 1630 717 1680 supra
729 1617 783 1666 iam
837 1620 1004 1684 arAegypto
1016 1619 1159 1669 Dodonaei
1177 1619 1279 1670 oraculi
1298 1619 1378 1684 origi-

243 1687 292 1752 (ΙΙ,
311 1687 355 1755 52)
375 1687 492 1738 omuium
510 1687 538 1735 in
557 1685 672 1737 Graecia
690 1701 783 1737 oracu-
836 1705 884 1740 nes
902 1690 1012 1772 repetit,
1031 1688 1103 1740 haud
1118 1687 1256 1740 adversari
1272 1689 1379 1740 videtur

242 1757 327 1811 lorum
345 1757 562 1822 antiquissimum
578 1755 684 1806 dixerat
693 1757 783 1807 Dodo
836 1760 879 1822 iis,
880 1760 944 1837 *qui
963 1758 1014 1810 boc
1032 1757 1179 1821 oraculum,
1198 1757 1270 1824 quod
1289 1757 1377 1808 Πελα

241 1844 352 1892 uacum,
380 1826 412 1877 de
436 1827 514 1877 cuius
539 1826 642 1890 origine
663 1825 714 1877 hoc
740 1842 784 1877 ca·
835 1825 910 1894 ογῶν
924 1823 1047 1893 ἕδρανον
1059 1829 1128 1879 drxrt
1143 1829 1280 1880 Hesiodus
1294 1826 1378 1894 (apud

242 1899 299 1964 pite
317 1903 345 1950 et
362 1913 438 1962 seqq.
456 1895 504 1961 (ΙΙ,
519 1893 711 1962 55-581661.)
731 1897 784 1948 dis·
834 1899 961 1951 Strabon.
986 1899 1049 1949 VII.
1074 1915 1101 1964 p.
1125 1899 1204 1950 2263.
1229 1899 1289 1951 327.
1314 1898 1376 1949 coll.

242 1969 350 2027 seritur.
385 1966 549 2018 Haecenim
566 1965 784 2032 regioantiquis·
834 1967 1375 2032 66666614466166661111111,
1406 1999 1414 2020 ι

242 2040 312 2090 sima
330 2037 460 2091 Graeciae
477 2036 571 2098 sedes,
589 2034 660 2085 unde
678 2041 705 2086 et
722 2051 785 2101 gen·
835 2036 887 2091 233
906 2037 1009 2104 seqq),
1029 2037 1200 2103 Pelasgicon
1219 2039 1304 2089 fuisse
1321 2044 1376 2088 sta-

241 2113 284 2160 tes
299 2114 326 2159 et
343 2107 490 2174 religiones
502 2121 550 2171 per
561 2104 692 2171 16116666
704 2105 786 2156 Grae·
834 2112 929 2170 tuuut;
949 2107 1029 2158 modo
1040 2113 1159 2173 reputes,
1178 2123 1247 2173 quae
1263 2109 1375 2174 deipsis

242 2181 312 2230 ciam
329 2181 497 2244 propagatae
516 2180 593 2238 suut,
621 2191 688 2240 quas
710 2176 784 2240 ipsas
834 2178 959 2244 Pelasgis
977 2193 1122 2244 eorumque
1140 2178 1291 2243 originibus
1305 2179 1338 2227 ad
1351 2179 1375 2242 Ι,

242 2265 275 2300 ex
296 2249 419 2314 Aegypto
445 2246 575 2298 advectas
598 2259 672 2306 esse,
700 2245 785 2295 Hero·
836 2250 870 2302 56
893 2249 1055 2299 monuimus.
1091 2247 1169 2310 Quod
1193 2263 1258 2298 vero
1282 2263 1376 2299 sacrae

242 2318 331 2371 6611
323 2333 352 2368 ru
372 2317 441 2366 haec
467 2313 622 2365 accuratius
650 2315 786 2380 inquiren·
837 2318 954 2368 feminae
975 2315 1112 2368 oraculum
1131 2316 1263 2368 Dodonae
1285 2319 1377 2368 condi-

242 2390 278 2440 tis
295 2392 322 2438 et
341 2386 461 2437 diversas
477 2384 668 2436 Thebanorum
687 2381 786 2450 (Aegy-
836 2388 877 2438 dia
867 2403 910 2438 aa
928 2387 1060 2450 seruntur,
1078 2387 1130 2438 hoc
1149 2387 1183 2437 ad
1202 2388 1376 2452 praecipuum

240 2456 370 2524 ptiorum)
387 2471 419 2506 ao
433 2454 642 2505 Dodonaeorum
660 2455 785 2506 sacerdo·
834 2458 930 2508 harum
949 2458 1118 2520 feminamm,
1136 2457 1235 2522 quippe
1252 2457 1377 2508 iatidica-

242 2534 299 2579 tum
311 2525 480 2576 narrationes
497 2524 634 2575 afferentis
646 2526 698 2576 fert
709 2526 785 2576 testi·
835 2543 908 2588 rum,
940 2527 1068 2578 honorem
1092 2529 1120 2576 16
1147 2525 1255 2577 colonia
1282 2543 1375 2578 recens

241 2597 370 2648 monium.
412 2595 452 2644 Ac
476 2593 565 2660 plures
583 2595 636 2644 viri
660 2594 733 2647 docti
751 2595 785 2645 de
836 2597 947 2648 condita
964 2597 1049 2648 refert
1065 2598 1182 2648 Heereu.
1195 2597 1278 2648 Ideen
1296 2597 1333 2658 ΙΙ,
1352 2598 1375 2648 1.

242 2665 353 2718 oraculo
361 2664 511 2716 Dodonaeo
523 2671 717 2729 exposuerunt:
736 2664 782 2716 Fr.
835 2683 862 2731 p.
875 2665 935 2728 486,
954 2667 1000 2731 661
1018 2665 1086 2718 11166
1102 2681 1209 2732 666666
1226 2667 1280 2717 iam
1297 2665 1376 2716 intel·
1404 2681 1414 2696 ·

242 2737 344 2788 Cordes
363 2735 391 2784 iu
409 2735 518 2800 Disput.
543 2735 576 2785 de
594 2734 711 2786 Oraoulo
729 2736 783 2784 Do·
833 2735 882 2802 ligi
906 2751 987 2800 posse
1005 2743 1109 2798 mouet,
1133 2752 1181 2786 cur
1199 2737 1376 2788 Dodonaeum

242 2807 347 2858 donaeo
366 2804 588 2870 Groning.18‘ltl,
609 2805 654 2869 661
667 2805 782 2855 adDeu-
834 2805 972 2856 oraculum
996 2806 1128 2872 Pelasgos
1151 2806 1264 2856 iusserit
1288 2807 1377 2871 Aegy·

242 2876 356 2928 calionis
377 2875 434 2926 iere
452 2879 575 2939 tempora
593 2874 666 2924 cirea
682 2889 782 2924 aunum
833 2876 892 2941 ptis
922 2875 1033 2926 deorum
1068 2875 1179 2926 nomina
1215 2877 1375 2938 adsciscere,

244 2946 349 3000 153116.
363 2945 424 2996 Chr.
439 2961 466 2996 n.
484 2943 588 2995 oraculi
605 2944 723 3009 origines
742 2959 783 2993 re·
836 2961 904 3012 quae
921 2945 984 2996 inde
1001 2945 1035 2996 ad
1054 2947 1173 2996 Graecos
1191 2947 1300 2997 omniuo
1318 2961 1377 3011 per-

241 3022 338 3078 vocat,
357 3031 384 3080 p
404 3017 437 3066 58
457 3014 519 3066 6611.
538 3031 564 3078 p.
579 3015 612 3062 22
632 3029 707 3078 seqq.
726 3014 782 3064 Ios.
833 3015 969 3067 venerint.
1012 3018 1080 3067 Nam
1103 3015 1192 3066 media
1216 3017 1245 3066 in
1261 3016 1377 3068 Graecia

240 3053 358 3138 6666161
389 3085 480 3138 Ueber
503 3084 552 3134 das
575 3082 783 3134 Taubeuorakel
833 3086 1010 3152 Pelasgorum
1039 3087 1067 3134 in
1097 3085 1206 3136 sedibus
1239 3086 1375 3138 conditum

240 3173 295 3207 rou
318 3155 443 3206 Dodona.
473 3154 561 3205 Wieu.
591 3152 668 3204 1840.
697 3155 729 3204 E.
754 3169 780 3204 v.
834 3161 893 3206 erat
918 3155 1095 3206 Dodonaeum
1128 3155 1255 3222 templum
1283 3171 1377 3207 oracu-

241 3225 375 3277 Lasaulx=
405 3225 463 3274 Dae
489 3222 661 3288 pelasgische
680 3221 781 3274 Orokel
832 3225 942 3290 lumque
965 3225 1161 3290 Aegyptiorum
1190 3243 1207 3276 a
1230 3225 1376 3278 sacerdoti·

241 3295 288 3346 des
309 3296 378 3346 Zeus
406 3308 440 3342 au
462 3293 587 3346 Dodona.
616 3293 779 3359 Wiiraburg.
833 3295 884 3346 bus
903 3293 956 3345 huc
974 3295 1081 3346 delatis.

241 3365 318 3416 1846.
352 3363 483 3428 (Studien
511 3363 558 3413 des
586 3359 668 3413 class.
695 3362 782 3413 Alter·
868 3360 940 3428 φασΙ
958 3380 976 3413 α
978 3355 1190 3429 [προμάντιες]
1218 3363 1374 3414 (1666661.

240 3434 329 3486 thama
348 3449 411 3498 pag.
431 3433 482 3484 283
501 3431 541 3496 ff.)
560 3432 687 3483 Grsurer.
705 3432 782 3497 Sym·
833 3433 868 3484 ad
888 3433 911 3496 1,
925 3435 983 3485 182.
1020 3435 1053 3485 16
1070 3449 1146 3500 seqq.
1167 3434 1202 3484 sd
1219 3434 1303 3484 verba
1320 3425 1375 3481 drio

239 3501 294 3555 bol.
313 3505 367 3556 111.
386 3502 420 3554 60
437 3518 513 3568 seqq.
531 3517 558 3565 p.
577 3503 626 3553 175
640 3517 717 3568 seqq
738 3502 781 3552 ed.
832 3471 982 3560 πελειάδας
1005 3503 1138 3569 μελαίνας
1162 3517 1188 3553 a.
1206 3519 1229 3556 τ,
1254 3502 1276 3551 λ.
1303 3501 1376 3552 6661.

241 3578 303 3624 tart.
323 3573 473 3637 Guignisut
495 3571 513 3623 l.
532 3571 552 3622 l.
570 3572 613 3633 11,
626 3571 651 3623 3.
671 3588 698 3636 p.
714 3571 780 3623 1267
833 3576 890 3623 661.
908 3573 942 3623 ad
961 3573 999 3636 Π,
1018 3575 1051 3625 57
1068 3575 1130 3624 init.
1150 3571 1228 3622 6166
1244 3567 1377 3636 ἱζομένην

239 3659 315 3709 seqq.
331 3643 397 3696 1336
411 3659 488 3708 seqq.
503 3641 621 3692 Zaudar.
639 3641 713 3692 Hali
728 3643 782 3692 En·
832 3638 864 3690 de
883 3657 933 3705 μιν
949 3611 999 3693 lut
1015 3635 1109 3708 φηγὸν
1129 3641 1164 3706 (tu
1181 3645 1244 3708 fugo
1262 3641 1376 3692 residea-

241 3713 328 3778 cyclp.
356 3714 429 3764 Seot.
448 3713 471 3762 l.
490 3712 551 3763 Vol.
569 3711 668 3761 XXVI.
687 3727 713 3776 p.
730 3712 781 3764 257
832 3710 889 3776 tera)
909 3712 981 3762 coni.
1000 3717 1072 3764 nott.
1093 3713 1169 3774 adl,
1190 3713 1231 3772 14,
1252 3712 1299 3762 661
1316 3709 1377 3760 loco

231 3781 504 3917 1111111111
521 3779 782 3918 tullian
832 3749 1377 3915 ttlt·tltntittlffttff'tffi¹233

240 3935 332 3972 omnes
350 3921 447 3972 afferre
466 3923 501 3972 ab
518 3921 570 3972 lroc
588 3921 647 3972 loco
664 3920 781 3970 alienum
832 3916 1377 3987 161661161,είςροαί161.(11611661

240 4005 298 4040 esse
313 3997 393 4054 puto,
412 4007 465 4056 quo
483 3992 511 4042 16
531 3991 596 4042 milri
613 3991 780 4055 propositum
833 3989 939 4040 aduott.
963 3991 997 4040 ad
1017 3991 1069 4053 IV,
1094 3990 1154 4041 145.
1190 3989 1259 4040 De'
1252 4005 1311 4054 ipsa
1335 4003 1377 4037 ar-

240 4064 296 4121 eat,
314 4065 346 4110 ut
359 4061 492 4111 Herodoti
509 4061 593 4111 verba
609 4065 682 4110 recte
701 4057 780 4108 intel·
831 4061 897 4110 bore
913 4059 1033 4110 dicemus
1053 4059 1087 4110 ad
1105 4061 1145 4120 11,
1166 4060 1209 4110 56.
1247 4059 1279 4109 16
1298 4073 1374 4122 seqq.

238 4127 360 4193 ligantur
388 4145 422 4179 ac
451 4129 641 4181 diiudicentur.
687 4130 781 4194 Neque
832 4143 925 4179 vocem
939 4126 1046 4194 Λίβυας
1060 4130 1087 4179 16
1100 4126 1202 4195 Λίβυς,
1223 4143 1277 4193 666
1290 4129 1377 4178 forms

239 4197 309 4247 enirn
327 4198 354 4247 in
373 4199 462 4250 auimo
480 4203 521 4249 ast
540 4215 600 4250 oum
618 4199 652 4249 iis
672 4203 781 4249 conten·
833 4199 984 4248 accusativi
1000 4203 1141 4250 eontracta
1156 4200 1256 4248 Noster
1272 4198 1300 4247 16
1313 4196 1376 4246 aliis

239 4265 316 4328 dora,
336 4268 381 4334 qui
395 4269 534 4319 Herodoto
552 4267 612 4332 plus
628 4283 723 4333 sapere
741 4271 781 4316 at·
833 4267 986 4318 nominihus
1009 4270 1050 4319 uti
1076 4268 1162 4329 solet,
1190 4268 1289 4318 mutari
1316 4265 1376 4315 vnit

239 4351 291 4402 que
309 4337 343 4388 de
367 4337 447 4388 rebus
466 4337 628 4390 Graecorum
649 4337 782 4402 antiquis·
832 4336 949 4388 Bredov.
974 4353 1002 4402 p.
1020 4339 1069 4390 271
1091 4342 1119 4389 et
1136 4337 1187 4390 hoo
1207 4337 1267 4390 loco
1286 4341 1313 4388 et
1331 4351 1375 4386 ee·
