<?xml version="1.0" encoding="UTF-8"?>
<!DOCTYPE html PUBLIC "-//W3C//DTD XHTML 1.0 Transitional//EN"
    "http://www.w3.org/TR/xhtml1/DTD/xhtml1-transitional.dtd">
<html xmlns="http://www.w3.org/1999/xhtml" xml:lang="en" lang="en">
 <head>
  <title>
</title>
<meta http-equiv="Content-Type" content="text/html;charset=utf-8" />
  <meta name='ocr-system' content='tesseract 3.04.00' />
  <meta name='ocr-capabilities' content='ocr_page ocr_carea ocr_par ocr_line ocrx_word'/>
</head>
<body>
  <div class='ocr_page' id='page_1' title='image "./herodotihalicar00bhgoog_0183.png"; bbox 0 0 3064 4940; ppageno 0'>
   <div class='ocr_carea' id='block_1_1' title="bbox 248 279 948 383">
    <p class='ocr_par' dir='ltr' id='par_1_1' title="bbox 248 279 948 383">
     <span class='ocr_line' id='line_1_1' title="bbox 248 279 948 383; baseline 0.001 -42"><span class='ocrx_word' id='word_1_1' title='bbox 248 279 306 342; x_wconf 85' lang='lat'><strong>160</strong></span> <span class='ocrx_word' id='word_1_2' title='bbox 618 375 622 383; x_wconf 19' lang='grc' dir='ltr'>ι</span> <span class='ocrx_word' id='word_1_3' title='bbox 681 282 948 344; x_wconf 85' lang='lat' dir='ltr'><strong>HERODOTI</strong></span> 
     </span>
    </p>
   </div>
   <div class='ocr_carea' id='block_1_2' title="bbox 217 449 1381 862">
    <p class='ocr_par' dir='ltr' id='par_1_2' title="bbox 217 449 1381 862">
     <span class='ocr_line' id='line_1_2' title="bbox 217 449 1379 551; baseline 0.007 -28"><span class='ocrx_word' id='word_1_4' title='bbox 217 483 225 492; x_wconf 87' lang='lat'><em>·</em></span> <span class='ocrx_word' id='word_1_5' title='bbox 245 452 442 544; x_wconf 72' lang='grc' dir='ltr'><strong><em>Ματιηνοὺς</em></strong></span> <span class='ocrx_word' id='word_1_6' title='bbox 454 454 517 544; x_wconf 74' lang='grc' dir='ltr'><strong>μὲν</strong></span> <span class='ocrx_word' id='word_1_7' title='bbox 538 449 576 524; x_wconf 75' lang='grc' dir='ltr'><strong>ἓν</strong></span> <span class='ocrx_word' id='word_1_8' title='bbox 597 457 688 546; x_wconf 76' lang='grc' dir='ltr'><strong><em>δεξιῇ</em></strong></span> <span class='ocrx_word' id='word_1_9' title='bbox 709 463 775 546; x_wconf 79' lang='grc' dir='ltr'><strong><em>ἔχει</em></strong></span> <span class='ocrx_word' id='word_1_10' title='bbox 790 460 898 546; x_wconf 77' lang='grc' dir='ltr'><strong><em>ῥέων,</em></strong></span> <span class='ocrx_word' id='word_1_11' title='bbox 920 455 957 528; x_wconf 78' lang='grc' dir='ltr'><strong>ἐν</strong></span> <span class='ocrx_word' id='word_1_12' title='bbox 971 457 1009 528; x_wconf 68' lang='lat' dir='ltr'><strong>di</strong></span> <span class='ocrx_word' id='word_1_13' title='bbox 1021 463 1082 528; x_wconf 86' lang='grc' dir='ltr'><strong>τοῦ</strong></span> <span class='ocrx_word' id='word_1_14' title='bbox 1097 461 1213 550; x_wconf 78' lang='grc' dir='ltr'><strong><em>ἑτέρου</em></strong></span> <span class='ocrx_word' id='word_1_15' title='bbox 1227 461 1379 551; x_wconf 79' lang='grc' dir='ltr'><strong><em>Φρύγας·</em></strong></span> 
     </span>
     <span class='ocr_line' id='line_1_3' title="bbox 244 557 1380 654; baseline 0.006 -26"><span class='ocrx_word' id='word_1_16' title='bbox 244 557 531 650; x_wconf 80' lang='grc' dir='ltr'><strong><em>παραμειβόμενος</em></strong></span> <span class='ocrx_word' id='word_1_17' title='bbox 546 559 584 628; x_wconf 72' lang='grc' dir='ltr'><strong>δὲ</strong></span> <span class='ocrx_word' id='word_1_18' title='bbox 604 559 760 648; x_wconf 82' lang='grc' dir='ltr'><strong><em>τούτους,</em></strong></span> <span class='ocrx_word' id='word_1_19' title='bbox 780 563 836 630; x_wconf 84' lang='grc' dir='ltr'><strong><em>καὶ</em></strong></span> <span class='ocrx_word' id='word_1_20' title='bbox 857 565 945 652; x_wconf 75' lang='grc' dir='ltr'><strong><em>ῥέων</em></strong></span> <span class='ocrx_word' id='word_1_21' title='bbox 964 560 1035 632; x_wconf 76' lang='grc' dir='ltr'><strong>ἄνω</strong></span> <span class='ocrx_word' id='word_1_22' title='bbox 1057 561 1139 652; x_wconf 85' lang='grc' dir='ltr'><strong><em>πρὸς</em></strong></span> <span class='ocrx_word' id='word_1_23' title='bbox 1158 569 1283 654; x_wconf 80' lang='grc' dir='ltr'><strong><em>βορέην</em></strong></span> <span class='ocrx_word' id='word_1_24' title='bbox 1304 564 1380 636; x_wconf 81' lang='grc' dir='ltr'><strong><em>ἄνε-</em></strong></span> 
     </span>
     <span class='ocr_line' id='line_1_4' title="bbox 244 663 1381 759; baseline 0.005 -26"><span class='ocrx_word' id='word_1_25' title='bbox 244 691 324 752; x_wconf 94' lang='grc' dir='ltr'><strong><em>μον,</em></strong></span> <span class='ocrx_word' id='word_1_26' title='bbox 346 669 451 732; x_wconf 79' lang='grc' dir='ltr'><strong><em>ἔνθεν</em></strong></span> <span class='ocrx_word' id='word_1_27' title='bbox 470 663 532 751; x_wconf 72' lang='grc' dir='ltr'><strong>μὲν</strong></span> <span class='ocrx_word' id='word_1_28' title='bbox 551 671 702 754; x_wconf 82' lang='grc' dir='ltr'><strong><em>Συρίους</em></strong></span> <span class='ocrx_word' id='word_1_29' title='bbox 720 665 950 746; x_wconf 78' lang='grc' dir='ltr'><strong><em>Καππαδόκας</em></strong></span> <span class='ocrx_word' id='word_1_30' title='bbox 964 664 1119 756; x_wconf 78' lang='grc' dir='ltr'><strong><em>ἀπέργει,</em></strong></span> <span class='ocrx_word' id='word_1_31' title='bbox 1147 665 1181 750; x_wconf 80' lang='grc' dir='ltr'><strong>ἐξ</strong></span> <span class='ocrx_word' id='word_1_32' title='bbox 1203 667 1381 759; x_wconf 82' lang='grc' dir='ltr'><strong><em>εὐωνύμου</em></strong></span> 
     </span>
     <span class='ocr_line' id='line_1_5' title="bbox 245 764 1381 862; baseline 0.007 -27"><span class='ocrx_word' id='word_1_33' title='bbox 245 767 283 836; x_wconf 71' lang='grc' dir='ltr'><strong>δὲ</strong></span> <span class='ocrx_word' id='word_1_34' title='bbox 308 767 546 856; x_wconf 79' lang='grc' dir='ltr'><strong><em>Παφλαγόνας.</em></strong></span> <span class='ocrx_word' id='word_1_35' title='bbox 595 764 684 836; x_wconf 78' lang='grc' dir='ltr'><strong><em>οὕτω</em></strong></span> <span class='ocrx_word' id='word_1_36' title='bbox 711 764 854 849; x_wconf 80' lang='grc' dir='ltr'><strong><em>ὁ”Αλυς</em></strong></span> <span class='ocrx_word' id='word_1_37' title='bbox 882 769 1026 860; x_wconf 85' lang='grc' dir='ltr'><strong><em>ποταμὸς</em></strong></span> <span class='ocrx_word' id='word_1_38' title='bbox 1052 768 1235 861; x_wconf 77' lang='grc' dir='ltr'><strong><em>ἀποτάμνει</em></strong></span> <span class='ocrx_word' id='word_1_39' title='bbox 1261 772 1381 862; x_wconf 69' lang='grc' dir='ltr'><strong><em>σχεδὸν</em></strong></span> 
     </span>
    </p>
   </div>
   <div class='ocr_carea' id='block_1_3' title="bbox 235 935 1416 4427">
    <p class='ocr_par' dir='ltr' id='par_1_3' title="bbox 243 935 1380 1074">
     <span class='ocr_line' id='line_1_6' title="bbox 243 935 1380 1008; baseline 0.004 -23"><span class='ocrx_word' id='word_1_40' title='bbox 243 937 278 985; x_wconf 89' lang='lat' dir='ltr'><strong>tis</strong></span> <span class='ocrx_word' id='word_1_41' title='bbox 309 951 417 1002; x_wconf 90' lang='lat' dir='ltr'><strong>quoque</strong></span> <span class='ocrx_word' id='word_1_42' title='bbox 443 935 558 1000; x_wconf 88' lang='lat' dir='ltr'><strong>tabulis,</strong></span> <span class='ocrx_word' id='word_1_43' title='bbox 591 951 661 1002; x_wconf 85' lang='lat' dir='ltr'><strong>quae</strong></span> <span class='ocrx_word' id='word_1_44' title='bbox 686 938 787 987; x_wconf 92' lang='lat' dir='ltr'><strong>montis</strong></span> <span class='ocrx_word' id='word_1_45' title='bbox 837 937 978 989; x_wconf 74' lang='lat' dir='ltr'><strong>Asiaticae</strong></span> <span class='ocrx_word' id='word_1_46' title='bbox 1013 939 1093 989; x_wconf 90' lang='lat' dir='ltr'><strong>istius</strong></span> <span class='ocrx_word' id='word_1_47' title='bbox 1124 941 1242 1006; x_wconf 75' lang='lat' dir='ltr'>regionis</span> <span class='ocrx_word' id='word_1_48' title='bbox 1275 947 1380 1008; x_wconf 77' lang='lat' dir='ltr'><strong>agutur,</strong></span> 
     </span>
     <span class='ocr_line' id='line_1_7' title="bbox 243 1007 1379 1074; baseline 0.005 -19"><span class='ocrx_word' id='word_1_49' title='bbox 243 1007 389 1071; x_wconf 80' lang='lat' dir='ltr'><strong>imaginem</strong></span> <span class='ocrx_word' id='word_1_50' title='bbox 406 1007 542 1058; x_wconf 82' lang='lat' dir='ltr'>exhibent.</span> <span class='ocrx_word' id='word_1_51' title='bbox 837 1007 886 1057; x_wconf 92' lang='lat' dir='ltr'><strong>sed</strong></span> <span class='ocrx_word' id='word_1_52' title='bbox 911 1023 964 1073; x_wconf 89' lang='lat' dir='ltr'><strong>quo</strong></span> <span class='ocrx_word' id='word_1_53' title='bbox 994 1009 1042 1059; x_wconf 88' lang='lat' dir='ltr'><strong>illo</strong></span> <span class='ocrx_word' id='word_1_54' title='bbox 1074 1011 1130 1059; x_wconf 85' lang='lat' dir='ltr'><strong>situ</strong></span> <span class='ocrx_word' id='word_1_55' title='bbox 1156 1012 1252 1074; x_wconf 80' lang='lat' dir='ltr'><strong>inerit,</strong></span> <span class='ocrx_word' id='word_1_56' title='bbox 1276 1011 1323 1061; x_wconf 92' lang='lat' dir='ltr'><strong>ubi</strong></span> <span class='ocrx_word' id='word_1_57' title='bbox 1346 1012 1379 1061; x_wconf 87' lang='lat' dir='ltr'><strong>ab</strong></span> 
     </span>
    </p>

    <p class='ocr_par' dir='ltr' id='par_1_4' title="bbox 239 1065 1380 2752">
     <span class='ocr_line' id='line_1_8' title="bbox 278 1065 1380 1146; baseline 0.005 -22"><span class='ocrx_word' id='word_1_58' title='bbox 278 1076 314 1124; x_wconf 91' lang='grc' dir='ltr'><em>Μ</em></span> <span class='ocrx_word' id='word_1_59' title='bbox 319 1068 486 1140; x_wconf 81' lang='grc' dir='ltr'><strong><em>ατιηνούς</em></strong></span> <span class='ocrx_word' id='word_1_60' title='bbox 509 1070 562 1140; x_wconf 71' lang='grc' dir='ltr'><strong>μὲν</strong></span> <span class='ocrx_word' id='word_1_61' title='bbox 580 1065 610 1123; x_wconf 78' lang='grc' dir='ltr'><strong>ἔν</strong></span> <span class='ocrx_word' id='word_1_62' title='bbox 630 1071 713 1140; x_wconf 79' lang='grc' dir='ltr'><strong><em>δεξιῇ</em></strong></span> <span class='ocrx_word' id='word_1_63' title='bbox 729 1069 785 1140; x_wconf 73' lang='grc' dir='ltr'><strong><em>ἔχει</em></strong></span> <span class='ocrx_word' id='word_1_64' title='bbox 836 1078 926 1143; x_wconf 83' lang='lat' dir='ltr'><strong>Halys</strong></span> <span class='ocrx_word' id='word_1_65' title='bbox 944 1094 1023 1128; x_wconf 87' lang='lat' dir='ltr'><strong>amne</strong></span> <span class='ocrx_word' id='word_1_66' title='bbox 1039 1079 1164 1142; x_wconf 87' lang='lat' dir='ltr'><strong>radatur,</strong></span> <span class='ocrx_word' id='word_1_67' title='bbox 1184 1096 1318 1146; x_wconf 90' lang='lat' dir='ltr'><strong>quamque</strong></span> <span class='ocrx_word' id='word_1_68' title='bbox 1335 1095 1380 1130; x_wconf 92' lang='lat' dir='ltr'><strong>an·</strong></span> 
     </span>
     <span class='ocr_line' id='line_1_9' title="bbox 243 1138 1378 1213; baseline 0.005 -19"><span class='ocrx_word' id='word_1_69' title='bbox 243 1138 325 1212; x_wconf 74' lang='grc' dir='ltr'><strong><em>ρέων]</em></strong></span> <span class='ocrx_word' id='word_1_70' title='bbox 358 1146 467 1196; x_wconf 71' lang='lat' dir='ltr'><strong>illationi</strong></span> <span class='ocrx_word' id='word_1_71' title='bbox 494 1150 737 1195; x_wconf 79' lang='lat' dir='ltr'><strong>commemorantur</strong></span> <span class='ocrx_word' id='word_1_72' title='bbox 762 1145 784 1208; x_wconf 88' lang='lat'><strong>1,</strong></span> <span class='ocrx_word' id='word_1_73' title='bbox 836 1155 916 1213; x_wconf 81' lang='lat' dir='ltr'><strong>gusto</strong></span> <span class='ocrx_word' id='word_1_74' title='bbox 932 1164 948 1198; x_wconf 89' lang='lat' dir='ltr'><strong>a</strong></span> <span class='ocrx_word' id='word_1_75' title='bbox 966 1149 1079 1199; x_wconf 85' lang='lat' dir='ltr'><strong>Ciliciae</strong></span> <span class='ocrx_word' id='word_1_76' title='bbox 1096 1148 1195 1199; x_wconf 89' lang='lat' dir='ltr'><strong>finibus</strong></span> <span class='ocrx_word' id='word_1_77' title='bbox 1219 1151 1248 1199; x_wconf 92' lang='lat' dir='ltr'><strong>in</strong></span> <span class='ocrx_word' id='word_1_78' title='bbox 1264 1151 1378 1200; x_wconf 81' lang='lat' dir='ltr'><strong>Pontum</strong></span> 
     </span>
     <span class='ocr_line' id='line_1_10' title="bbox 243 1215 1379 1285; baseline 0.004 -20"><span class='ocrx_word' id='word_1_79' title='bbox 243 1215 431 1278; x_wconf 79' lang='lat' dir='ltr'><strong>202.1V,94.</strong></span> <span class='ocrx_word' id='word_1_80' title='bbox 450 1216 482 1279; x_wconf 87' lang='lat' dir='ltr'><strong>V,</strong></span> <span class='ocrx_word' id='word_1_81' title='bbox 496 1215 539 1279; x_wconf 79' lang='lat'><strong>49,</strong></span> <span class='ocrx_word' id='word_1_82' title='bbox 557 1221 716 1281; x_wconf 89' lang='lat' dir='ltr'><strong>partemque</strong></span> <span class='ocrx_word' id='word_1_83' title='bbox 728 1215 786 1265; x_wconf 85' lang='lat' dir='ltr'><strong>lde-</strong></span> <span class='ocrx_word' id='word_1_84' title='bbox 836 1219 873 1266; x_wconf 86' lang='lat' dir='ltr'><strong>sit</strong></span> <span class='ocrx_word' id='word_1_85' title='bbox 896 1223 1017 1269; x_wconf 86' lang='lat' dir='ltr'><strong>extensa.</strong></span> <span class='ocrx_word' id='word_1_86' title='bbox 1043 1220 1151 1269; x_wconf 83' lang='lat' dir='ltr'><strong>Monuit</strong></span> <span class='ocrx_word' id='word_1_87' title='bbox 1173 1219 1379 1285; x_wconf 80' lang='lat' dir='ltr'><strong>WesselIngius‚</strong></span> 
     </span>
     <span class='ocr_line' id='line_1_11' title="bbox 243 1285 1378 1353; baseline 0.004 -18"><span class='ocrx_word' id='word_1_88' title='bbox 243 1286 304 1336; x_wconf 88' lang='lat' dir='ltr'><strong>diae</strong></span> <span class='ocrx_word' id='word_1_89' title='bbox 333 1287 453 1336; x_wconf 83' lang='lat' dir='ltr'><strong>tenuisse</strong></span> <span class='ocrx_word' id='word_1_90' title='bbox 480 1285 621 1349; x_wconf 89' lang='lat' dir='ltr'><strong>dicuntur,</strong></span> <span class='ocrx_word' id='word_1_91' title='bbox 651 1286 784 1337; x_wconf 77' lang='lat' dir='ltr'><strong>Strabone</strong></span> <span class='ocrx_word' id='word_1_92' title='bbox 835 1287 951 1338; x_wconf 82' lang='lat' dir='ltr'><strong>laudens</strong></span> <span class='ocrx_word' id='word_1_93' title='bbox 972 1289 1021 1353; x_wconf 84' lang='lat' dir='ltr'><strong>IV,</strong></span> <span class='ocrx_word' id='word_1_94' title='bbox 1046 1288 1089 1340; x_wconf 76' lang='lat'><strong>85.</strong></span> <span class='ocrx_word' id='word_1_95' title='bbox 1114 1289 1157 1340; x_wconf 87' lang='lat'><strong>89.</strong></span> <span class='ocrx_word' id='word_1_96' title='bbox 1180 1289 1228 1352; x_wconf 86' lang='lat' dir='ltr'><strong>VI,</strong></span> <span class='ocrx_word' id='word_1_97' title='bbox 1252 1289 1296 1341; x_wconf 88' lang='grc'><strong>36.</strong></span> <span class='ocrx_word' id='word_1_98' title='bbox 1317 1289 1378 1353; x_wconf 85' lang='lat' dir='ltr'>VII,</span> 
     </span>
     <span class='ocr_line' id='line_1_12' title="bbox 242 1355 1379 1421; baseline 0.004 -17"><span class='ocrx_word' id='word_1_99' title='bbox 242 1361 313 1406; x_wconf 87' lang='lat' dir='ltr'><strong>teste</strong></span> <span class='ocrx_word' id='word_1_100' title='bbox 329 1355 367 1405; x_wconf 90' lang='lat'><strong>11.</strong></span> <span class='ocrx_word' id='word_1_101' title='bbox 386 1372 413 1421; x_wconf 85' lang='lat' dir='ltr'><strong>p.</strong></span> <span class='ocrx_word' id='word_1_102' title='bbox 433 1355 476 1407; x_wconf 78' lang='lat'><strong>73.</strong></span> <span class='ocrx_word' id='word_1_103' title='bbox 496 1371 519 1406; x_wconf 89' lang='lat' dir='ltr'><strong>s.</strong></span> <span class='ocrx_word' id='word_1_104' title='bbox 540 1357 599 1406; x_wconf 76' lang='lat'><strong>124.</strong></span> <span class='ocrx_word' id='word_1_105' title='bbox 617 1355 665 1406; x_wconf 84' lang='lat' dir='ltr'><strong>lx.</strong></span> <span class='ocrx_word' id='word_1_106' title='bbox 685 1372 711 1420; x_wconf 90' lang='lat' dir='ltr'><strong>p.</strong></span> <span class='ocrx_word' id='word_1_107' title='bbox 722 1355 782 1406; x_wconf 84' lang='lat'><strong>509.</strong></span> <span class='ocrx_word' id='word_1_108' title='bbox 836 1358 896 1420; x_wconf 80' lang='lat'><strong>223,</strong></span> <span class='ocrx_word' id='word_1_109' title='bbox 915 1359 979 1408; x_wconf 80' lang='lat' dir='ltr'><strong>ulis.</strong></span> <span class='ocrx_word' id='word_1_110' title='bbox 1004 1359 1071 1408; x_wconf 85' lang='lat' dir='ltr'><strong>Cum</strong></span> <span class='ocrx_word' id='word_1_111' title='bbox 1090 1375 1155 1409; x_wconf 83' lang='lat' dir='ltr'><strong>vero</strong></span> <span class='ocrx_word' id='word_1_112' title='bbox 1176 1364 1281 1409; x_wconf 87' lang='lat' dir='ltr'><strong>tractus</strong></span> <span class='ocrx_word' id='word_1_113' title='bbox 1299 1359 1344 1409; x_wconf 90' lang='lat' dir='ltr'><strong>ille</strong></span> <span class='ocrx_word' id='word_1_114' title='bbox 1364 1375 1379 1409; x_wconf 87' lang='lat' dir='ltr'><strong>a</strong></span> 
     </span>
     <span class='ocr_line' id='line_1_13' title="bbox 242 1425 1379 1494; baseline 0.002 -18"><span class='ocrx_word' id='word_1_115' title='bbox 242 1443 265 1477; x_wconf 88' lang='lat' dir='ltr'><strong>e.</strong></span> <span class='ocrx_word' id='word_1_116' title='bbox 285 1425 346 1477; x_wconf 79' lang='grc'><strong>776.</strong></span> <span class='ocrx_word' id='word_1_117' title='bbox 375 1426 429 1488; x_wconf 83' lang='lat' dir='ltr'><strong>Qui</strong></span> <span class='ocrx_word' id='word_1_118' title='bbox 456 1425 539 1474; x_wconf 92' lang='lat' dir='ltr'><strong>iidem</strong></span> <span class='ocrx_word' id='word_1_119' title='bbox 565 1425 637 1490; x_wconf 89' lang='lat' dir='ltr'><strong>quod</strong></span> <span class='ocrx_word' id='word_1_120' title='bbox 664 1425 692 1474; x_wconf 93' lang='lat' dir='ltr'><strong>in</strong></span> <span class='ocrx_word' id='word_1_121' title='bbox 717 1425 785 1474; x_wconf 82' lang='lat' dir='ltr'><strong>Asia</strong></span> <span class='ocrx_word' id='word_1_122' title='bbox 836 1427 949 1477; x_wconf 81' lang='lat' dir='ltr'><strong>Ciliciae</strong></span> <span class='ocrx_word' id='word_1_123' title='bbox 973 1427 1072 1478; x_wconf 89' lang='lat' dir='ltr'><strong>finibus</strong></span> <span class='ocrx_word' id='word_1_124' title='bbox 1096 1444 1183 1494; x_wconf 87' lang='lat' dir='ltr'><strong>usque</strong></span> <span class='ocrx_word' id='word_1_125' title='bbox 1208 1429 1244 1479; x_wconf 91' lang='lat' dir='ltr'><strong>ad</strong></span> <span class='ocrx_word' id='word_1_126' title='bbox 1263 1431 1379 1480; x_wconf 85' lang='lat' dir='ltr'><strong>Pontum</strong></span> 
     </span>
     <span class='ocr_line' id='line_1_14' title="bbox 242 1495 1379 1564; baseline 0.003 -18"><span class='ocrx_word' id='word_1_127' title='bbox 242 1496 339 1546; x_wconf 89' lang='lat' dir='ltr'><strong>minori</strong></span> <span class='ocrx_word' id='word_1_128' title='bbox 366 1496 553 1557; x_wconf 86' lang='lat' dir='ltr'><strong>inveniuntur,</strong></span> <span class='ocrx_word' id='word_1_129' title='bbox 577 1495 625 1545; x_wconf 89' lang='lat' dir='ltr'><strong>ubi</strong></span> <span class='ocrx_word' id='word_1_130' title='bbox 647 1495 784 1544; x_wconf 85' lang='lat' dir='ltr'><strong>Larchero</strong></span> <span class='ocrx_word' id='word_1_131' title='bbox 834 1498 978 1562; x_wconf 82' lang='lat' dir='ltr'><strong>angustior</strong></span> <span class='ocrx_word' id='word_1_132' title='bbox 995 1499 1096 1549; x_wconf 86' lang='lat' dir='ltr'><strong>Nostro</strong></span> <span class='ocrx_word' id='word_1_133' title='bbox 1113 1499 1247 1564; x_wconf 82' lang='lat' dir='ltr'><strong>videatur,</strong></span> <span class='ocrx_word' id='word_1_134' title='bbox 1264 1515 1319 1549; x_wconf 91' lang='lat' dir='ltr'><strong>nou</strong></span> <span class='ocrx_word' id='word_1_135' title='bbox 1333 1501 1379 1550; x_wconf 92' lang='lat' dir='ltr'><strong>mi·</strong></span> 
     </span>
     <span class='ocr_line' id='line_1_15' title="bbox 242 1563 1380 1634; baseline 0.004 -19"><span class='ocrx_word' id='word_1_136' title='bbox 242 1571 354 1616; x_wconf 86' lang='lat' dir='ltr'><strong>auctore</strong></span> <span class='ocrx_word' id='word_1_137' title='bbox 385 1564 429 1629; x_wconf 87' lang='lat' dir='ltr'><strong>(T.</strong></span> <span class='ocrx_word' id='word_1_138' title='bbox 455 1565 534 1615; x_wconf 89' lang='lat' dir='ltr'>VIII.</span> <span class='ocrx_word' id='word_1_139' title='bbox 567 1581 594 1629; x_wconf 89' lang='lat' dir='ltr'><strong>p.</strong></span> <span class='ocrx_word' id='word_1_140' title='bbox 621 1563 697 1628; x_wconf 80' lang='lat'><strong>324.)</strong></span> <span class='ocrx_word' id='word_1_141' title='bbox 725 1580 784 1614; x_wconf 85' lang='lat' dir='ltr'><strong>eam</strong></span> <span class='ocrx_word' id='word_1_142' title='bbox 835 1583 908 1632; x_wconf 89' lang='lat' dir='ltr'><strong>rum,</strong></span> <span class='ocrx_word' id='word_1_143' title='bbox 933 1568 1005 1634; x_wconf 91' lang='lat' dir='ltr'><strong>quod</strong></span> <span class='ocrx_word' id='word_1_144' title='bbox 1026 1571 1132 1634; x_wconf 79' lang='lat' dir='ltr'><strong>quinque</strong></span> <span class='ocrx_word' id='word_1_145' title='bbox 1155 1570 1242 1620; x_wconf 82' lang='lat' dir='ltr'><strong>diebus</strong></span> <span class='ocrx_word' id='word_1_146' title='bbox 1262 1569 1336 1620; x_wconf 89' lang='lat' dir='ltr'><strong>illum</strong></span> <span class='ocrx_word' id='word_1_147' title='bbox 1363 1585 1380 1619; x_wconf 85' lang='lat' dir='ltr'><strong>u</strong></span> 
     </span>
     <span class='ocr_line' id='line_1_16' title="bbox 243 1635 1378 1706; baseline 0.003 -20"><span class='ocrx_word' id='word_1_148' title='bbox 243 1635 434 1700; x_wconf 80' lang='lat' dir='ltr'><strong>Cappadociae</strong></span> <span class='ocrx_word' id='word_1_149' title='bbox 457 1641 563 1700; x_wconf 82' lang='lat' dir='ltr'><strong>partem</strong></span> <span class='ocrx_word' id='word_1_150' title='bbox 583 1641 689 1698; x_wconf 90' lang='lat' dir='ltr'><strong>tenent,</strong></span> <span class='ocrx_word' id='word_1_151' title='bbox 714 1649 785 1700; x_wconf 92' lang='lat' dir='ltr'><strong>quae</strong></span> <span class='ocrx_word' id='word_1_152' title='bbox 834 1637 927 1703; x_wconf 91' lang='lat' dir='ltr'><strong>pedite</strong></span> <span class='ocrx_word' id='word_1_153' title='bbox 943 1638 1069 1703; x_wconf 87' lang='lat' dir='ltr'><strong>expedito</strong></span> <span class='ocrx_word' id='word_1_154' title='bbox 1080 1640 1215 1704; x_wconf 85' lang='lat' dir='ltr'><strong>permeuri</strong></span> <span class='ocrx_word' id='word_1_155' title='bbox 1226 1655 1307 1704; x_wconf 91' lang='lat' dir='ltr'><strong>posse</strong></span> <span class='ocrx_word' id='word_1_156' title='bbox 1319 1656 1378 1706; x_wconf 91' lang='lat' dir='ltr'><strong>pro·</strong></span> 
     </span>
     <span class='ocr_line' id='line_1_17' title="bbox 242 1704 1377 1774; baseline 0.005 -20"><span class='ocrx_word' id='word_1_157' title='bbox 242 1705 382 1756; x_wconf 81' lang='lat' dir='ltr'><strong>Morimene</strong></span> <span class='ocrx_word' id='word_1_158' title='bbox 401 1720 418 1754; x_wconf 89' lang='lat' dir='ltr'><strong>a</strong></span> <span class='ocrx_word' id='word_1_159' title='bbox 436 1705 570 1755; x_wconf 83' lang='lat' dir='ltr'><strong>Strabone</strong></span> <span class='ocrx_word' id='word_1_160' title='bbox 588 1704 666 1770; x_wconf 77' lang='lat' dir='ltr'>(XII.</span> <span class='ocrx_word' id='word_1_161' title='bbox 689 1721 714 1769; x_wconf 91' lang='lat' dir='ltr'><strong>p.</strong></span> <span class='ocrx_word' id='word_1_162' title='bbox 733 1705 784 1755; x_wconf 82' lang='lat'><strong>808</strong></span> <span class='ocrx_word' id='word_1_163' title='bbox 835 1707 876 1757; x_wconf 90' lang='lat' dir='ltr'><strong>dit</strong></span> <span class='ocrx_word' id='word_1_164' title='bbox 899 1711 926 1758; x_wconf 88' lang='lat' dir='ltr'><strong>et</strong></span> <span class='ocrx_word' id='word_1_165' title='bbox 951 1708 1003 1758; x_wconf 91' lang='lat' dir='ltr'><strong>boc</strong></span> <span class='ocrx_word' id='word_1_166' title='bbox 1026 1707 1087 1760; x_wconf 92' lang='lat' dir='ltr'><strong>loco</strong></span> <span class='ocrx_word' id='word_1_167' title='bbox 1114 1713 1142 1759; x_wconf 90' lang='lat' dir='ltr'><strong>et</strong></span> <span class='ocrx_word' id='word_1_168' title='bbox 1168 1709 1241 1759; x_wconf 83' lang='lat' dir='ltr'><strong>inira</strong></span> <span class='ocrx_word' id='word_1_169' title='bbox 1267 1711 1305 1774; x_wconf 85' lang='lat'><strong>11,</strong></span> <span class='ocrx_word' id='word_1_170' title='bbox 1329 1709 1377 1770; x_wconf 72' lang='lat'><strong>3⁴3</strong></span> 
     </span>
     <span class='ocr_line' id='line_1_18' title="bbox 241 1774 1378 1844; baseline 0.004 -19"><span class='ocrx_word' id='word_1_171' title='bbox 241 1777 274 1826; x_wconf 89' lang='lat' dir='ltr'><strong>B.</strong></span> <span class='ocrx_word' id='word_1_172' title='bbox 294 1775 343 1826; x_wconf 86' lang='lat' dir='ltr'><strong>Sll</strong></span> <span class='ocrx_word' id='word_1_173' title='bbox 362 1776 395 1825; x_wconf 88' lang='grc' dir='ltr'><strong>Β.</strong></span> <span class='ocrx_word' id='word_1_174' title='bbox 413 1775 464 1826; x_wconf 83' lang='grc'><strong>814</strong></span> <span class='ocrx_word' id='word_1_175' title='bbox 486 1777 532 1840; x_wconf 83' lang='lat' dir='ltr'><strong>A.)</strong></span> <span class='ocrx_word' id='word_1_176' title='bbox 551 1779 578 1824; x_wconf 91' lang='lat' dir='ltr'><strong>et</strong></span> <span class='ocrx_word' id='word_1_177' title='bbox 595 1774 683 1824; x_wconf 89' lang='lat' dir='ltr'><strong>Plinio</strong></span> <span class='ocrx_word' id='word_1_178' title='bbox 700 1776 784 1842; x_wconf 85' lang='lat' dir='ltr'><strong>(Hist.</strong></span> <span class='ocrx_word' id='word_1_179' title='bbox 836 1793 887 1828; x_wconf 87' lang='lat' dir='ltr'><strong>nec</strong></span> <span class='ocrx_word' id='word_1_180' title='bbox 913 1777 994 1828; x_wconf 84' lang='lat' dir='ltr'><strong>latuit</strong></span> <span class='ocrx_word' id='word_1_181' title='bbox 1022 1778 1073 1830; x_wconf 88' lang='lat' dir='ltr'><strong>hcc</strong></span> <span class='ocrx_word' id='word_1_182' title='bbox 1101 1780 1248 1844; x_wconf 84' lang='lat' dir='ltr'><strong>Seymnum</strong></span> <span class='ocrx_word' id='word_1_183' title='bbox 1275 1780 1378 1842; x_wconf 82' lang='lat' dir='ltr'><strong>Chium,</strong></span> 
     </span>
     <span class='ocr_line' id='line_1_19' title="bbox 241 1843 1378 1915; baseline 0.003 -19"><span class='ocrx_word' id='word_1_184' title='bbox 241 1847 306 1896; x_wconf 88' lang='lat' dir='ltr'><strong>Nat.</strong></span> <span class='ocrx_word' id='word_1_185' title='bbox 330 1845 382 1908; x_wconf 85' lang='lat' dir='ltr'><strong>V1‚</strong></span> <span class='ocrx_word' id='word_1_186' title='bbox 408 1844 434 1898; x_wconf 82' lang='lat'><strong>³.</strong></span> <span class='ocrx_word' id='word_1_187' title='bbox 461 1846 538 1896; x_wconf 82' lang='lat' dir='ltr'><strong>Torn.</strong></span> <span class='ocrx_word' id='word_1_188' title='bbox 565 1846 589 1895; x_wconf 92' lang='lat' dir='ltr'><strong>I.</strong></span> <span class='ocrx_word' id='word_1_189' title='bbox 614 1861 640 1910; x_wconf 94' lang='lat' dir='ltr'><strong>p.</strong></span> <span class='ocrx_word' id='word_1_190' title='bbox 665 1843 716 1896; x_wconf 82' lang='lat'><strong>303</strong></span> <span class='ocrx_word' id='word_1_191' title='bbox 741 1844 784 1894; x_wconf 91' lang='lat' dir='ltr'><strong>ed.</strong></span> <span class='ocrx_word' id='word_1_192' title='bbox 836 1848 883 1912; x_wconf 89' lang='lat' dir='ltr'><strong>qui</strong></span> <span class='ocrx_word' id='word_1_193' title='bbox 902 1853 993 1898; x_wconf 90' lang='lat' dir='ltr'><strong>tamen</strong></span> <span class='ocrx_word' id='word_1_194' title='bbox 1019 1849 1077 1913; x_wconf 87' lang='lat' dir='ltr'><strong>ipse</strong></span> <span class='ocrx_word' id='word_1_195' title='bbox 1099 1859 1195 1914; x_wconf 80' lang='lat' dir='ltr'><strong>septem</strong></span> <span class='ocrx_word' id='word_1_196' title='bbox 1219 1851 1297 1915; x_wconf 87' lang='lat' dir='ltr'><strong>pouit</strong></span> <span class='ocrx_word' id='word_1_197' title='bbox 1321 1851 1378 1900; x_wconf 87' lang='lat' dir='ltr'><strong>dies</strong></span> 
     </span>
     <span class='ocr_line' id='line_1_20' title="bbox 240 1914 1379 1991; baseline 0.003 -25"><span class='ocrx_word' id='word_1_198' title='bbox 240 1914 341 1981; x_wconf 87' lang='lat' dir='ltr'><strong>Hard.)</strong></span> <span class='ocrx_word' id='word_1_199' title='bbox 357 1915 520 1981; x_wconf 87' lang='lat' dir='ltr'><strong>appellatur,</strong></span> <span class='ocrx_word' id='word_1_200' title='bbox 538 1915 567 1964; x_wconf 94' lang='lat' dir='ltr'><strong>id</strong></span> <span class='ocrx_word' id='word_1_201' title='bbox 588 1916 616 1963; x_wconf 91' lang='lat' dir='ltr'><strong>in</strong></span> <span class='ocrx_word' id='word_1_202' title='bbox 634 1921 715 1980; x_wconf 86' lang='lat' dir='ltr'><strong>gente</strong></span> <span class='ocrx_word' id='word_1_203' title='bbox 730 1915 786 1979; x_wconf 90' lang='lat' dir='ltr'><strong>opi·</strong></span> <span class='ocrx_word' id='word_1_204' title='bbox 836 1933 877 1968; x_wconf 82' lang='lat' dir='ltr'><strong>vr.</strong></span> <span class='ocrx_word' id='word_1_205' title='bbox 896 1916 957 1982; x_wconf 79' lang='grc'><strong>926,</strong></span> <span class='ocrx_word' id='word_1_206' title='bbox 970 1933 1032 1991; x_wconf 79' lang='lat' dir='ltr'><strong>mcx</strong></span> <span class='ocrx_word' id='word_1_207' title='bbox 1046 1935 1112 1970; x_wconf 84' lang='lat' dir='ltr'><strong>vero</strong></span> <span class='ocrx_word' id='word_1_208' title='bbox 1128 1935 1169 1971; x_wconf 86' lang='lat' dir='ltr'><strong>vs.</strong></span> <span class='ocrx_word' id='word_1_209' title='bbox 1184 1919 1236 1972; x_wconf 81' lang='grc'><strong>1129</strong></span> <span class='ocrx_word' id='word_1_210' title='bbox 1248 1935 1305 1985; x_wconf 86' lang='lat' dir='ltr'><strong>seq.</strong></span> <span class='ocrx_word' id='word_1_211' title='bbox 1325 1921 1379 1970; x_wconf 87' lang='lat' dir='ltr'><strong>Ha·</strong></span> 
     </span>
     <span class='ocr_line' id='line_1_21' title="bbox 240 1984 1379 2052; baseline 0.004 -17"><span class='ocrx_word' id='word_1_212' title='bbox 240 2001 291 2036; x_wconf 90' lang='lat' dir='ltr'><strong>nor</strong></span> <span class='ocrx_word' id='word_1_213' title='bbox 314 1985 460 2051; x_wconf 86' lang='lat' dir='ltr'><strong>pastoritia</strong></span> <span class='ocrx_word' id='word_1_214' title='bbox 484 1985 652 2050; x_wconf 83' lang='lat' dir='ltr'><strong>multumque</strong></span> <span class='ocrx_word' id='word_1_215' title='bbox 673 1984 784 2049; x_wconf 81' lang='lat' dir='ltr'><strong>palante</strong></span> <span class='ocrx_word' id='word_1_216' title='bbox 835 1986 925 2037; x_wconf 90' lang='lat' dir='ltr'><strong>rodcti</strong></span> <span class='ocrx_word' id='word_1_217' title='bbox 953 1989 1040 2052; x_wconf 90' lang='lat' dir='ltr'><strong>ipsius</strong></span> <span class='ocrx_word' id='word_1_218' title='bbox 1065 1990 1188 2040; x_wconf 86' lang='lat' dir='ltr'><strong>meminit</strong></span> <span class='ocrx_word' id='word_1_219' title='bbox 1212 1990 1273 2040; x_wconf 86' lang='lat' dir='ltr'><strong>loeo</strong></span> <span class='ocrx_word' id='word_1_220' title='bbox 1306 1989 1379 2040; x_wconf 86' lang='lat' dir='ltr'><strong>leen-</strong></span> 
     </span>
     <span class='ocr_line' id='line_1_22' title="bbox 240 2055 1379 2122; baseline 0.005 -18"><span class='ocrx_word' id='word_1_221' title='bbox 240 2071 291 2105; x_wconf 90' lang='lat' dir='ltr'><strong>nec</strong></span> <span class='ocrx_word' id='word_1_222' title='bbox 309 2060 399 2106; x_wconf 87' lang='lat' dir='ltr'><strong>certas</strong></span> <span class='ocrx_word' id='word_1_223' title='bbox 417 2055 495 2106; x_wconf 85' lang='lat' dir='ltr'><strong>sedes</strong></span> <span class='ocrx_word' id='word_1_224' title='bbox 512 2060 624 2105; x_wconf 89' lang='lat' dir='ltr'><strong>tenente</strong></span> <span class='ocrx_word' id='word_1_225' title='bbox 642 2070 673 2104; x_wconf 88' lang='lat' dir='ltr'><strong>eo</strong></span> <span class='ocrx_word' id='word_1_226' title='bbox 687 2056 784 2112; x_wconf 85' lang='lat' dir='ltr'><strong>minus</strong></span> <span class='ocrx_word' id='word_1_227' title='bbox 835 2073 912 2120; x_wconf 85' lang='lat' dir='ltr'><strong>noso,</strong></span> <span class='ocrx_word' id='word_1_228' title='bbox 932 2073 1011 2122; x_wconf 87' lang='lat' dir='ltr'><strong>quem</strong></span> <span class='ocrx_word' id='word_1_229' title='bbox 1031 2074 1064 2110; x_wconf 86' lang='lat' dir='ltr'><strong>ex</strong></span> <span class='ocrx_word' id='word_1_230' title='bbox 1079 2060 1214 2110; x_wconf 86' lang='lat' dir='ltr'><strong>Herodoti</strong></span> <span class='ocrx_word' id='word_1_231' title='bbox 1232 2061 1322 2110; x_wconf 84' lang='lat' dir='ltr'><strong>verbis</strong></span> <span class='ocrx_word' id='word_1_232' title='bbox 1339 2076 1379 2110; x_wconf 93' lang='lat' dir='ltr'><strong>re-</strong></span> 
     </span>
     <span class='ocr_line' id='line_1_23' title="bbox 241 2099 1377 2196; baseline 0.006 -22"><span class='ocrx_word' id='word_1_233' title='bbox 241 2125 377 2175; x_wconf 81' lang='lat' dir='ltr'><strong>offendsre</strong></span> <span class='ocrx_word' id='word_1_234' title='bbox 389 2125 478 2188; x_wconf 92' lang='lat' dir='ltr'><strong>debet,</strong></span> <span class='ocrx_word' id='word_1_235' title='bbox 489 2141 541 2190; x_wconf 92' lang='lat' dir='ltr'><strong>quo</strong></span> <span class='ocrx_word' id='word_1_236' title='bbox 555 2126 641 2190; x_wconf 84' lang='lat' dir='ltr'><strong>magIs</strong></span> <span class='ocrx_word' id='word_1_237' title='bbox 654 2099 699 2189; x_wconf 71' lang='lat' dir='ltr'><strong>qil</strong></span> <span class='ocrx_word' id='word_1_238' title='bbox 712 2141 784 2174; x_wconf 88' lang='lat' dir='ltr'><strong>nuno</strong></span> <span class='ocrx_word' id='word_1_239' title='bbox 835 2128 949 2177; x_wconf 88' lang='lat' dir='ltr'><strong>stituere</strong></span> <span class='ocrx_word' id='word_1_240' title='bbox 967 2133 1081 2178; x_wconf 87' lang='lat' dir='ltr'><strong>conatus</strong></span> <span class='ocrx_word' id='word_1_241' title='bbox 1102 2135 1143 2180; x_wconf 89' lang='lat' dir='ltr'><strong>est</strong></span> <span class='ocrx_word' id='word_1_242' title='bbox 1155 2131 1280 2181; x_wconf 86' lang='lat' dir='ltr'><strong>Meinoke</strong></span> <span class='ocrx_word' id='word_1_243' title='bbox 1294 2146 1321 2196; x_wconf 90' lang='lat' dir='ltr'><strong>p.</strong></span> <span class='ocrx_word' id='word_1_244' title='bbox 1333 2131 1377 2180; x_wconf 76' lang='lat' dir='ltr'><strong>os.</strong></span> 
     </span>
     <span class='ocr_line' id='line_1_24' title="bbox 240 2195 1379 2260; baseline 0.004 -16"><span class='ocrx_word' id='word_1_245' title='bbox 240 2195 423 2245; x_wconf 85' lang='lat' dir='ltr'><strong>Matienorum</strong></span> <span class='ocrx_word' id='word_1_246' title='bbox 451 2196 479 2244; x_wconf 93' lang='lat' dir='ltr'><strong>in</strong></span> <span class='ocrx_word' id='word_1_247' title='bbox 506 2195 567 2245; x_wconf 91' lang='lat' dir='ltr'><strong>looa</strong></span> <span class='ocrx_word' id='word_1_248' title='bbox 594 2201 784 2246; x_wconf 87' lang='lat' dir='ltr'><strong>successerunt</strong></span> <span class='ocrx_word' id='word_1_249' title='bbox 835 2196 939 2260; x_wconf 79' lang='lat' dir='ltr'><strong>Quodsi</strong></span> <span class='ocrx_word' id='word_1_250' title='bbox 967 2203 1058 2248; x_wconf 87' lang='lat' dir='ltr'><strong>autem</strong></span> <span class='ocrx_word' id='word_1_251' title='bbox 1092 2199 1187 2249; x_wconf 84' lang='lat' dir='ltr'><strong>dlurno</strong></span> <span class='ocrx_word' id='word_1_252' title='bbox 1213 2200 1306 2249; x_wconf 88' lang='lat' dir='ltr'><strong>itineri</strong></span> <span class='ocrx_word' id='word_1_253' title='bbox 1334 2199 1379 2250; x_wconf 83' lang='lat' dir='ltr'><strong>vel</strong></span> 
     </span>
     <span class='ocr_line' id='line_1_25' title="bbox 241 2265 1379 2335; baseline 0.004 -21"><span class='ocrx_word' id='word_1_254' title='bbox 241 2265 339 2328; x_wconf 68' lang='grc' dir='ltr'><strong><em>Καιναί,</em></strong></span> <span class='ocrx_word' id='word_1_255' title='bbox 359 2265 453 2315; x_wconf 91' lang='lat' dir='ltr'><strong>eodem</strong></span> <span class='ocrx_word' id='word_1_256' title='bbox 477 2266 557 2315; x_wconf 91' lang='lat' dir='ltr'><strong>modo</strong></span> <span class='ocrx_word' id='word_1_257' title='bbox 581 2269 716 2330; x_wconf 79' lang='lat' dir='ltr'><strong>rogantur·</strong></span> <span class='ocrx_word' id='word_1_258' title='bbox 734 2280 784 2315; x_wconf 87' lang='lat' dir='ltr'><strong>nec</strong></span> <span class='ocrx_word' id='word_1_259' title='bbox 835 2271 942 2316; x_wconf 90' lang='lat' dir='ltr'><strong>centnm</strong></span> <span class='ocrx_word' id='word_1_260' title='bbox 970 2268 1169 2335; x_wconf 82' lang='lat' dir='ltr'><strong>qninquaginta</strong></span> <span class='ocrx_word' id='word_1_261' title='bbox 1191 2269 1235 2318; x_wconf 86' lang='lat' dir='ltr'><strong>vel</strong></span> <span class='ocrx_word' id='word_1_262' title='bbox 1260 2269 1379 2318; x_wconf 89' lang='lat' dir='ltr'><strong>ducenta</strong></span> 
     </span>
     <span class='ocr_line' id='line_1_26' title="bbox 241 2334 1378 2402; baseline 0.002 -18"><span class='ocrx_word' id='word_1_263' title='bbox 241 2334 297 2384; x_wconf 83' lang='lat' dir='ltr'><strong>ulla</strong></span> <span class='ocrx_word' id='word_1_264' title='bbox 315 2334 418 2385; x_wconf 85' lang='lat' dir='ltr'><strong>hebent</strong></span> <span class='ocrx_word' id='word_1_265' title='bbox 436 2342 512 2386; x_wconf 90' lang='lat' dir='ltr'><strong>certa</strong></span> <span class='ocrx_word' id='word_1_266' title='bbox 529 2335 675 2386; x_wconf 87' lang='lat' dir='ltr'><strong>domicilia.</strong></span> <span class='ocrx_word' id='word_1_267' title='bbox 706 2335 784 2385; x_wconf 83' lang='lat' dir='ltr'><strong>Unde</strong></span> <span class='ocrx_word' id='word_1_268' title='bbox 835 2337 925 2386; x_wconf 83' lang='lat' dir='ltr'><strong>stedia</strong></span> <span class='ocrx_word' id='word_1_269' title='bbox 953 2335 1012 2400; x_wconf 88' lang='lat' dir='ltr'>(IV,</span> <span class='ocrx_word' id='word_1_270' title='bbox 1041 2339 1100 2389; x_wconf 87' lang='grc'><strong>101.</strong></span> <span class='ocrx_word' id='word_1_271' title='bbox 1131 2339 1163 2399; x_wconf 87' lang='lat' dir='ltr'><strong>V,</strong></span> <span class='ocrx_word' id='word_1_272' title='bbox 1191 2337 1246 2402; x_wconf 79' lang='lat'><strong>5³.)</strong></span> <span class='ocrx_word' id='word_1_273' title='bbox 1277 2339 1378 2388; x_wconf 85' lang='lat' dir='ltr'><strong>contri-</strong></span> 
     </span>
     <span class='ocr_line' id='line_1_27' title="bbox 240 2404 1375 2472; baseline -0.002 -16"><span class='ocrx_word' id='word_1_274' title='bbox 240 2405 389 2468; x_wconf 87' lang='lat' dir='ltr'><strong>Herodoto,</strong></span> <span class='ocrx_word' id='word_1_275' title='bbox 409 2421 528 2455; x_wconf 88' lang='lat' dir='ltr'><strong>errorum</strong></span> <span class='ocrx_word' id='word_1_276' title='bbox 554 2414 635 2471; x_wconf 86' lang='lat' dir='ltr'><strong>atque</strong></span> <span class='ocrx_word' id='word_1_277' title='bbox 657 2404 784 2454; x_wconf 79' lang='lat' dir='ltr'><strong>inscitiae</strong></span> <span class='ocrx_word' id='word_1_278' title='bbox 834 2407 968 2470; x_wconf 85' lang='lat' dir='ltr'><strong>buuntur,</strong></span> <span class='ocrx_word' id='word_1_279' title='bbox 995 2407 1137 2472; x_wconf 85' lang='lat' dir='ltr'><strong>longitudo</strong></span> <span class='ocrx_word' id='word_1_280' title='bbox 1164 2406 1242 2456; x_wconf 86' lang='lat' dir='ltr'><strong>huius</strong></span> <span class='ocrx_word' id='word_1_281' title='bbox 1272 2411 1375 2455; x_wconf 84' lang='lat' dir='ltr'><strong>tractus</strong></span> 
     </span>
     <span class='ocr_line' id='line_1_28' title="bbox 240 2475 1375 2540; baseline 0 -16"><span class='ocrx_word' id='word_1_282' title='bbox 240 2481 351 2540; x_wconf 86' lang='lat' dir='ltr'><strong>propter</strong></span> <span class='ocrx_word' id='word_1_283' title='bbox 367 2475 435 2526; x_wconf 88' lang='lat' dir='ltr'><strong>baec</strong></span> <span class='ocrx_word' id='word_1_284' title='bbox 454 2477 589 2538; x_wconf 89' lang='lat' dir='ltr'><strong>incusato,</strong></span> <span class='ocrx_word' id='word_1_285' title='bbox 612 2475 784 2539; x_wconf 85' lang='lat' dir='ltr'><strong>patrocinen—</strong></span> <span class='ocrx_word' id='word_1_286' title='bbox 835 2477 887 2526; x_wconf 90' lang='lat' dir='ltr'><strong>erit</strong></span> <span class='ocrx_word' id='word_1_287' title='bbox 902 2477 976 2527; x_wconf 89' lang='lat' dir='ltr'><strong>mille</strong></span> <span class='ocrx_word' id='word_1_288' title='bbox 994 2476 1150 2526; x_wconf 84' lang='lat' dir='ltr'><strong>stadiorum.</strong></span> <span class='ocrx_word' id='word_1_289' title='bbox 1171 2477 1193 2525; x_wconf 82' lang='grc' dir='ltr'>Α</span> <span class='ocrx_word' id='word_1_290' title='bbox 1211 2489 1265 2539; x_wconf 92' lang='lat' dir='ltr'><strong>quo</strong></span> <span class='ocrx_word' id='word_1_291' title='bbox 1280 2475 1375 2524; x_wconf 87' lang='lat' dir='ltr'><strong>abhor-</strong></span> 
     </span>
     <span class='ocr_line' id='line_1_29' title="bbox 241 2544 1372 2610; baseline 0 -16"><span class='ocrx_word' id='word_1_292' title='bbox 241 2545 304 2595; x_wconf 91' lang='lat' dir='ltr'><strong>dum</strong></span> <span class='ocrx_word' id='word_1_293' title='bbox 321 2551 400 2610; x_wconf 90' lang='lat' dir='ltr'><strong>putat</strong></span> <span class='ocrx_word' id='word_1_294' title='bbox 417 2547 514 2597; x_wconf 85' lang='lat' dir='ltr'><strong>Ritter.</strong></span> <span class='ocrx_word' id='word_1_295' title='bbox 534 2545 681 2596; x_wconf 86' lang='lat' dir='ltr'><strong>Erdkunde</strong></span> <span class='ocrx_word' id='word_1_296' title='bbox 699 2544 737 2595; x_wconf 92' lang='lat' dir='ltr'><strong>II.</strong></span> <span class='ocrx_word' id='word_1_297' title='bbox 754 2561 780 2609; x_wconf 91' lang='lat' dir='ltr'><strong>p.</strong></span> <span class='ocrx_word' id='word_1_298' title='bbox 832 2552 893 2596; x_wconf 92' lang='lat' dir='ltr'><strong>rent</strong></span> <span class='ocrx_word' id='word_1_299' title='bbox 912 2552 940 2597; x_wconf 91' lang='lat' dir='ltr'><strong>et</strong></span> <span class='ocrx_word' id='word_1_300' title='bbox 956 2546 1150 2598; x_wconf 75' lang='lat' dir='ltr'><strong>Eratosthenes</strong></span> <span class='ocrx_word' id='word_1_301' title='bbox 1167 2545 1269 2606; x_wconf 89' lang='lat' dir='ltr'><strong>(Strab.</strong></span> <span class='ocrx_word' id='word_1_302' title='bbox 1290 2544 1327 2594; x_wconf 91' lang='lat'><strong>11.</strong></span> <span class='ocrx_word' id='word_1_303' title='bbox 1345 2560 1372 2610; x_wconf 92' lang='lat' dir='ltr'><strong>p.</strong></span> 
     </span>
     <span class='ocr_line' id='line_1_30' title="bbox 241 2614 1378 2682; baseline -0.002 -16"><span class='ocrx_word' id='word_1_304' title='bbox 241 2615 300 2666; x_wconf 84' lang='lat'><strong>781.</strong></span> <span class='ocrx_word' id='word_1_305' title='bbox 319 2614 388 2666; x_wconf 78' lang='lat' dir='ltr'><strong>Add.</strong></span> <span class='ocrx_word' id='word_1_306' title='bbox 412 2617 511 2668; x_wconf 81' lang='lat' dir='ltr'><strong>VivIen</strong></span> <span class='ocrx_word' id='word_1_307' title='bbox 534 2615 567 2666; x_wconf 90' lang='lat' dir='ltr'><strong>de</strong></span> <span class='ocrx_word' id='word_1_308' title='bbox 588 2615 782 2666; x_wconf 83' lang='lat' dir='ltr'><strong>Saint-Mertin</strong></span> <span class='ocrx_word' id='word_1_309' title='bbox 833 2616 900 2680; x_wconf 78' lang='lat' dir='ltr'><strong>bSl,</strong></span> <span class='ocrx_word' id='word_1_310' title='bbox 920 2617 967 2682; x_wconf 91' lang='lat' dir='ltr'><strong>qui</strong></span> <span class='ocrx_word' id='word_1_311' title='bbox 979 2615 1128 2666; x_wconf 83' lang='lat' dir='ltr'><strong>triamillio</strong></span> <span class='ocrx_word' id='word_1_312' title='bbox 1142 2614 1378 2665; x_wconf 85' lang='lat' dir='ltr'><strong>numeratstadIo·</strong></span> 
     </span>
     <span class='ocr_line' id='line_1_31' title="bbox 239 2684 1378 2752; baseline 0.001 -18"><span class='ocrx_word' id='word_1_313' title='bbox 239 2685 258 2737; x_wconf 93' lang='lat' dir='ltr'><strong>l.</strong></span> <span class='ocrx_word' id='word_1_314' title='bbox 276 2684 296 2736; x_wconf 91' lang='grc'><strong>1.</strong></span> <span class='ocrx_word' id='word_1_315' title='bbox 314 2701 378 2750; x_wconf 83' lang='lat' dir='ltr'><strong>pag.</strong></span> <span class='ocrx_word' id='word_1_316' title='bbox 398 2687 506 2752; x_wconf 85' lang='lat' dir='ltr'><strong>9seqq.</strong></span> <span class='ocrx_word' id='word_1_317' title='bbox 792 2715 798 2732; x_wconf 83' lang='lat'><strong>·</strong></span> <span class='ocrx_word' id='word_1_318' title='bbox 833 2701 900 2749; x_wconf 82' lang='lat' dir='ltr'><strong>rum,</strong></span> <span class='ocrx_word' id='word_1_319' title='bbox 920 2687 1064 2736; x_wconf 88' lang='lat' dir='ltr'><strong>etPlinius</strong></span> <span class='ocrx_word' id='word_1_320' title='bbox 1084 2687 1131 2748; x_wconf 85' lang='lat' dir='ltr'><strong>(H.</strong></span> <span class='ocrx_word' id='word_1_321' title='bbox 1151 2687 1311 2750; x_wconf 55' lang='lat' dir='ltr'><strong>uuna),</strong></span> <span class='ocrx_word' id='word_1_322' title='bbox 1331 2684 1378 2734; x_wconf 91' lang='lat' dir='ltr'><strong>dn·</strong></span> 
     </span>
    </p>

    <p class='ocr_par' dir='ltr' id='par_1_5' title="bbox 235 2745 1416 4427">
     <span class='ocr_line' id='line_1_32' title="bbox 273 2745 1379 2820; baseline -0.001 -16"><span class='ocrx_word' id='word_1_323' title='bbox 273 2747 431 2819; x_wconf 78' lang='grc' dir='ltr'><strong><em>ἆποτάμνει</em></strong></span> <span class='ocrx_word' id='word_1_324' title='bbox 468 2746 570 2820; x_wconf 78' lang='grc' dir='ltr'><strong><em>σχεδόν</em></strong></span> <span class='ocrx_word' id='word_1_325' title='bbox 602 2745 695 2802; x_wconf 78' lang='grc' dir='ltr'><strong><em>πάντα</em></strong></span> <span class='ocrx_word' id='word_1_326' title='bbox 731 2750 783 2816; x_wconf 83' lang='grc' dir='ltr'><strong>τῆς</strong></span> <span class='ocrx_word' id='word_1_327' title='bbox 833 2761 913 2806; x_wconf 85' lang='lat' dir='ltr'><strong>cente</strong></span> <span class='ocrx_word' id='word_1_328' title='bbox 944 2757 981 2806; x_wconf 89' lang='lat' dir='ltr'><strong>M.</strong></span> <span class='ocrx_word' id='word_1_329' title='bbox 1012 2758 1043 2807; x_wconf 94' lang='lat' dir='ltr'><strong>P.</strong></span> <span class='ocrx_word' id='word_1_330' title='bbox 1072 2757 1209 2818; x_wconf 78' lang='lat' dir='ltr'><strong>iudicuns3</strong></span> <span class='ocrx_word' id='word_1_331' title='bbox 1241 2755 1379 2806; x_wconf 89' lang='lat' dir='ltr'><strong>consentit</strong></span> 
     </span>
     <span class='ocr_line' id='line_1_33' title="bbox 235 2814 1377 2892; baseline 0 -16"><span class='ocrx_word' id='word_1_332' title='bbox 235 2815 326 2890; x_wconf 81' lang='grc' dir='ltr'><strong><em>Ἀοίης</em></strong></span> <span class='ocrx_word' id='word_1_333' title='bbox 342 2815 467 2876; x_wconf 72' lang='lat' dir='ltr'><strong>educitur</strong></span> <span class='ocrx_word' id='word_1_334' title='bbox 485 2841 511 2874; x_wconf 85' lang='grc' dir='ltr'><strong>ιι.</strong></span> <span class='ocrx_word' id='word_1_335' title='bbox 528 2840 551 2872; x_wconf 89' lang='grc' dir='ltr'><strong>τ.</strong></span> <span class='ocrx_word' id='word_1_336' title='bbox 570 2822 607 2888; x_wconf 67' lang='lat' dir='ltr'><strong>L]</strong></span> <span class='ocrx_word' id='word_1_337' title='bbox 627 2822 676 2887; x_wconf 79' lang='grc' dir='ltr'><strong>τῆς</strong></span> <span class='ocrx_word' id='word_1_338' title='bbox 692 2814 782 2885; x_wconf 68' lang='grc' dir='ltr'><strong><em>Ἀσίης</em></strong></span> <span class='ocrx_word' id='word_1_339' title='bbox 833 2841 894 2876; x_wconf 88' lang='lat' dir='ltr'><strong>cum</strong></span> <span class='ocrx_word' id='word_1_340' title='bbox 922 2827 1063 2876; x_wconf 85' lang='lat' dir='ltr'><strong>Herodoto</strong></span> <span class='ocrx_word' id='word_1_341' title='bbox 1092 2825 1193 2892; x_wconf 80' lang='lat' dir='ltr'><strong>Scylax</strong></span> <span class='ocrx_word' id='word_1_342' title='bbox 1221 2827 1249 2875; x_wconf 89' lang='lat' dir='ltr'><strong>in</strong></span> <span class='ocrx_word' id='word_1_343' title='bbox 1276 2825 1377 2890; x_wconf 90' lang='lat' dir='ltr'><strong>Peripl.</strong></span> 
     </span>
     <span class='ocr_line' id='line_1_34' title="bbox 238 2887 1378 2960; baseline 0 -16"><span class='ocrx_word' id='word_1_344' title='bbox 238 2887 273 2945; x_wconf 83' lang='grc' dir='ltr'><strong>τὰ</strong></span> <span class='ocrx_word' id='word_1_345' title='bbox 295 2889 370 2946; x_wconf 82' lang='grc' dir='ltr'><strong><em>κάτα</em></strong></span> <span class='ocrx_word' id='word_1_346' title='bbox 395 2898 436 2946; x_wconf 87' lang='lat' dir='ltr'><strong>est</strong></span> <span class='ocrx_word' id='word_1_347' title='bbox 461 2911 494 2944; x_wconf 89' lang='lat' dir='ltr'><strong>ea</strong></span> <span class='ocrx_word' id='word_1_348' title='bbox 522 2895 579 2944; x_wconf 83' lang='lat' dir='ltr'><strong>sere</strong></span> <span class='ocrx_word' id='word_1_349' title='bbox 602 2893 686 2942; x_wconf 86' lang='lat' dir='ltr'><strong>Asiae</strong></span> <span class='ocrx_word' id='word_1_350' title='bbox 709 2907 781 2957; x_wconf 84' lang='lat' dir='ltr'><strong>pers,</strong></span> <span class='ocrx_word' id='word_1_351' title='bbox 833 2911 860 2960; x_wconf 85' lang='lat' dir='ltr'><strong>p.</strong></span> <span class='ocrx_word' id='word_1_352' title='bbox 883 2895 915 2945; x_wconf 82' lang='lat' dir='ltr'><strong>ili</strong></span> <span class='ocrx_word' id='word_1_353' title='bbox 941 2895 984 2946; x_wconf 91' lang='lat' dir='ltr'><strong>ed.</strong></span> <span class='ocrx_word' id='word_1_354' title='bbox 1009 2897 1127 2947; x_wconf 81' lang='lat' dir='ltr'><strong>Gronov.</strong></span> <span class='ocrx_word' id='word_1_355' title='bbox 1167 2895 1220 2947; x_wconf 89' lang='lat' dir='ltr'><strong>Sed</strong></span> <span class='ocrx_word' id='word_1_356' title='bbox 1245 2896 1378 2945; x_wconf 87' lang='lat' dir='ltr'><strong>recentio-</strong></span> 
     </span>
     <span class='ocr_line' id='line_1_35' title="bbox 239 2963 1378 3032; baseline -0.002 -16"><span class='ocrx_word' id='word_1_357' title='bbox 239 2982 320 3032; x_wconf 88' lang='lat' dir='ltr'><strong>qnam</strong></span> <span class='ocrx_word' id='word_1_358' title='bbox 347 2983 397 3017; x_wconf 88' lang='lat' dir='ltr'><strong>nos</strong></span> <span class='ocrx_word' id='word_1_359' title='bbox 428 2965 515 3016; x_wconf 82' lang='lat' dir='ltr'><strong>Asiam</strong></span> <span class='ocrx_word' id='word_1_360' title='bbox 542 2969 657 3014; x_wconf 84' lang='lat' dir='ltr'><strong>minorem</strong></span> <span class='ocrx_word' id='word_1_361' title='bbox 692 2963 782 3012; x_wconf 87' lang='lat' dir='ltr'><strong>dicere</strong></span> <span class='ocrx_word' id='word_1_362' title='bbox 834 2981 892 3015; x_wconf 90' lang='lat' dir='ltr'><strong>rum</strong></span> <span class='ocrx_word' id='word_1_363' title='bbox 920 2965 1179 3032; x_wconf 76' lang='lat' dir='ltr'><strong>investigationibus</strong></span> <span class='ocrx_word' id='word_1_364' title='bbox 1209 2964 1378 3030; x_wconf 85' lang='lat' dir='ltr'><strong>exploratum</strong></span> 
     </span>
     <span class='ocr_line' id='line_1_36' title="bbox 239 3032 1379 3098; baseline -0.003 -12"><span class='ocrx_word' id='word_1_365' title='bbox 239 3037 369 3098; x_wconf 82' lang='lat' dir='ltr'><strong>solemus,</strong></span> <span class='ocrx_word' id='word_1_366' title='bbox 396 3035 473 3085; x_wconf 88' lang='lat' dir='ltr'><strong>euius</strong></span> <span class='ocrx_word' id='word_1_367' title='bbox 500 3033 561 3084; x_wconf 85' lang='lat' dir='ltr'><strong>finis</strong></span> <span class='ocrx_word' id='word_1_368' title='bbox 589 3048 621 3082; x_wconf 85' lang='lat' dir='ltr'><strong>ex</strong></span> <span class='ocrx_word' id='word_1_369' title='bbox 647 3032 782 3082; x_wconf 86' lang='lat' dir='ltr'><strong>Herodoti</strong></span> <span class='ocrx_word' id='word_1_370' title='bbox 833 3035 972 3097; x_wconf 89' lang='lat' dir='ltr'><strong>habemus,</strong></span> <span class='ocrx_word' id='word_1_371' title='bbox 995 3040 1112 3085; x_wconf 88' lang='lat' dir='ltr'><strong>tractum</strong></span> <span class='ocrx_word' id='word_1_372' title='bbox 1137 3035 1213 3085; x_wconf 88' lang='lat' dir='ltr'><strong>illum</strong></span> <span class='ocrx_word' id='word_1_373' title='bbox 1234 3037 1309 3086; x_wconf 77' lang='lat' dir='ltr'><strong>recti</strong></span> <span class='ocrx_word' id='word_1_374' title='bbox 1332 3035 1379 3084; x_wconf 74' lang='lat' dir='ltr'><strong>vid</strong></span> 
     </span>
     <span class='ocr_line' id='line_1_37' title="bbox 238 3101 1377 3171; baseline -0.002 -16"><span class='ocrx_word' id='word_1_375' title='bbox 238 3111 328 3155; x_wconf 88' lang='lat' dir='ltr'><strong>mente</strong></span> <span class='ocrx_word' id='word_1_376' title='bbox 352 3107 482 3155; x_wconf 86' lang='lat' dir='ltr'><strong>orientem</strong></span> <span class='ocrx_word' id='word_1_377' title='bbox 506 3118 600 3153; x_wconf 81' lang='lat' dir='ltr'><strong>versus</strong></span> <span class='ocrx_word' id='word_1_378' title='bbox 629 3107 671 3151; x_wconf 89' lang='lat' dir='ltr'><strong>est</strong></span> <span class='ocrx_word' id='word_1_379' title='bbox 693 3101 780 3166; x_wconf 80' lang='lat' dir='ltr'><strong>Halys</strong></span> <span class='ocrx_word' id='word_1_380' title='bbox 833 3104 1377 3171; x_wconf 80' lang='lat' dir='ltr'><strong>sexagintemilliariageographicalon-</strong></span> 
     </span>
     <span class='ocr_line' id='line_1_38' title="bbox 238 3171 1377 3240; baseline 0 -16"><span class='ocrx_word' id='word_1_381' title='bbox 238 3175 347 3238; x_wconf 86' lang='lat' dir='ltr'><strong>fluvius,</strong></span> <span class='ocrx_word' id='word_1_382' title='bbox 366 3175 422 3239; x_wconf 85' lang='lat' dir='ltr'><strong>qui,</strong></span> <span class='ocrx_word' id='word_1_383' title='bbox 440 3189 500 3223; x_wconf 90' lang='lat' dir='ltr'><strong>curn</strong></span> <span class='ocrx_word' id='word_1_384' title='bbox 523 3189 538 3222; x_wconf 91' lang='lat' dir='ltr'><strong>e</strong></span> <span class='ocrx_word' id='word_1_385' title='bbox 556 3171 667 3222; x_wconf 85' lang='lat' dir='ltr'><strong>Ciliciae</strong></span> <span class='ocrx_word' id='word_1_386' title='bbox 685 3172 781 3222; x_wconf 89' lang='lat' dir='ltr'><strong>monti·</strong></span> <span class='ocrx_word' id='word_1_387' title='bbox 832 3191 896 3240; x_wconf 77' lang='lat' dir='ltr'><strong>gum</strong></span> <span class='ocrx_word' id='word_1_388' title='bbox 915 3190 983 3238; x_wconf 86' lang='lat' dir='ltr'><strong>esse,</strong></span> <span class='ocrx_word' id='word_1_389' title='bbox 997 3176 1038 3224; x_wconf 84' lang='lat' dir='ltr'><strong>ita</strong></span> <span class='ocrx_word' id='word_1_390' title='bbox 1050 3177 1120 3226; x_wconf 91' lang='lat' dir='ltr'><strong>utin</strong></span> <span class='ocrx_word' id='word_1_391' title='bbox 1131 3191 1214 3225; x_wconf 86' lang='lat' dir='ltr'><strong>nuum</strong></span> <span class='ocrx_word' id='word_1_392' title='bbox 1230 3175 1301 3225; x_wconf 89' lang='lat' dir='ltr'><strong>diem</strong></span> <span class='ocrx_word' id='word_1_393' title='bbox 1312 3173 1377 3224; x_wconf 91' lang='lat' dir='ltr'><strong>duo-</strong></span> 
     </span>
     <span class='ocr_line' id='line_1_39' title="bbox 237 3242 1377 3310; baseline -0.002 -16"><span class='ocrx_word' id='word_1_394' title='bbox 237 3244 288 3294; x_wconf 82' lang='lat' dir='ltr'><strong>bus</strong></span> <span class='ocrx_word' id='word_1_395' title='bbox 308 3261 363 3294; x_wconf 90' lang='lat' dir='ltr'><strong>non</strong></span> <span class='ocrx_word' id='word_1_396' title='bbox 379 3244 475 3310; x_wconf 90' lang='lat' dir='ltr'><strong>procul</strong></span> <span class='ocrx_word' id='word_1_397' title='bbox 491 3243 526 3294; x_wconf 85' lang='lat' dir='ltr'><strong>ab</strong></span> <span class='ocrx_word' id='word_1_398' title='bbox 545 3243 604 3308; x_wconf 88' lang='lat' dir='ltr'><strong>ipso</strong></span> <span class='ocrx_word' id='word_1_399' title='bbox 624 3243 781 3292; x_wconf 89' lang='lat' dir='ltr'><strong>mediterra·</strong></span> <span class='ocrx_word' id='word_1_400' title='bbox 832 3245 918 3295; x_wconf 90' lang='lat' dir='ltr'><strong>decim</strong></span> <span class='ocrx_word' id='word_1_401' title='bbox 936 3244 1064 3295; x_wconf 78' lang='lat' dir='ltr'><strong>milliaria</strong></span> <span class='ocrx_word' id='word_1_402' title='bbox 1081 3245 1167 3310; x_wconf 91' lang='lat' dir='ltr'><strong>pediti</strong></span> <span class='ocrx_word' id='word_1_403' title='bbox 1187 3246 1277 3295; x_wconf 80' lang='lat' dir='ltr'><strong>forent</strong></span> <span class='ocrx_word' id='word_1_404' title='bbox 1296 3242 1377 3294; x_wconf 86' lang='lat' dir='ltr'><strong>confi·</strong></span> 
     </span>
     <span class='ocr_line' id='line_1_40' title="bbox 237 3313 1376 3378; baseline -0.002 -14"><span class='ocrx_word' id='word_1_405' title='bbox 237 3330 289 3364; x_wconf 88' lang='lat' dir='ltr'><strong>neo</strong></span> <span class='ocrx_word' id='word_1_406' title='bbox 315 3316 382 3365; x_wconf 85' lang='lat' dir='ltr'><strong>meri</strong></span> <span class='ocrx_word' id='word_1_407' title='bbox 410 3314 546 3378; x_wconf 87' lang='lat' dir='ltr'><strong>profluens</strong></span> <span class='ocrx_word' id='word_1_408' title='bbox 570 3313 781 3378; x_wconf 84' lang='lat' dir='ltr'><strong>septentrionem</strong></span> <span class='ocrx_word' id='word_1_409' title='bbox 832 3315 937 3377; x_wconf 86' lang='lat' dir='ltr'><strong>cienda,</strong></span> <span class='ocrx_word' id='word_1_410' title='bbox 956 3315 999 3364; x_wconf 87' lang='lat' dir='ltr'><strong>vel</strong></span> <span class='ocrx_word' id='word_1_411' title='bbox 1019 3315 1126 3365; x_wconf 85' lang='lat' dir='ltr'><strong>omissis</strong></span> <span class='ocrx_word' id='word_1_412' title='bbox 1142 3314 1267 3364; x_wconf 89' lang='lat' dir='ltr'><strong>omuibus</strong></span> <span class='ocrx_word' id='word_1_413' title='bbox 1285 3314 1376 3364; x_wconf 87' lang='lat' dir='ltr'><strong>amba-</strong></span> 
     </span>
     <span class='ocr_line' id='line_1_41' title="bbox 237 3383 1376 3450; baseline -0.003 -15"><span class='ocrx_word' id='word_1_414' title='bbox 237 3400 332 3436; x_wconf 86' lang='lat' dir='ltr'><strong>versus</strong></span> <span class='ocrx_word' id='word_1_415' title='bbox 361 3383 423 3434; x_wconf 87' lang='lat' dir='ltr'><strong>inde</strong></span> <span class='ocrx_word' id='word_1_416' title='bbox 446 3384 474 3434; x_wconf 90' lang='lat' dir='ltr'><strong>in</strong></span> <span class='ocrx_word' id='word_1_417' title='bbox 502 3385 620 3435; x_wconf 90' lang='lat' dir='ltr'><strong>Pontum</strong></span> <span class='ocrx_word' id='word_1_418' title='bbox 644 3383 780 3434; x_wconf 82' lang='lat' dir='ltr'><strong>Euxinum</strong></span> <span class='ocrx_word' id='word_1_419' title='bbox 831 3386 911 3450; x_wconf 80' lang='lat' dir='ltr'><strong>gibus</strong></span> <span class='ocrx_word' id='word_1_420' title='bbox 937 3399 970 3435; x_wconf 88' lang='lat' dir='ltr'><strong>ac</strong></span> <span class='ocrx_word' id='word_1_421' title='bbox 994 3386 1081 3436; x_wconf 85' lang='lat' dir='ltr'><strong>deviis</strong></span> <span class='ocrx_word' id='word_1_422' title='bbox 1105 3385 1182 3434; x_wconf 91' lang='lat' dir='ltr'><strong>loeis.</strong></span> <span class='ocrx_word' id='word_1_423' title='bbox 1218 3384 1299 3434; x_wconf 89' lang='lat' dir='ltr'><strong>Unde</strong></span> <span class='ocrx_word' id='word_1_424' title='bbox 1321 3399 1376 3433; x_wconf 87' lang='lat' dir='ltr'><strong>non</strong></span> 
     </span>
     <span class='ocr_line' id='line_1_42' title="bbox 238 3453 1377 3520; baseline -0.004 -14"><span class='ocrx_word' id='word_1_425' title='bbox 238 3459 326 3519; x_wconf 82' lang='lat' dir='ltr'><strong>exeat,</strong></span> <span class='ocrx_word' id='word_1_426' title='bbox 348 3471 452 3506; x_wconf 90' lang='lat' dir='ltr'><strong>omnem</strong></span> <span class='ocrx_word' id='word_1_427' title='bbox 470 3455 631 3505; x_wconf 84' lang='lat' dir='ltr'><strong>iereAsiam</strong></span> <span class='ocrx_word' id='word_1_428' title='bbox 650 3455 780 3504; x_wconf 88' lang='lat' dir='ltr'><strong>minorem</strong></span> <span class='ocrx_word' id='word_1_429' title='bbox 831 3456 951 3518; x_wconf 81' lang='lat' dir='ltr'><strong>deluere,</strong></span> <span class='ocrx_word' id='word_1_430' title='bbox 970 3455 1017 3520; x_wconf 92' lang='lat' dir='ltr'><strong>qui</strong></span> <span class='ocrx_word' id='word_1_431' title='bbox 1033 3453 1202 3506; x_wconf 87' lang='lat' dir='ltr'><strong>Herodotum</strong></span> <span class='ocrx_word' id='word_1_432' title='bbox 1219 3454 1317 3504; x_wconf 88' lang='lat' dir='ltr'><strong>erroris</strong></span> <span class='ocrx_word' id='word_1_433' title='bbox 1336 3455 1377 3502; x_wconf 90' lang='lat' dir='ltr'><strong>in·</strong></span> 
     </span>
     <span class='ocr_line' id='line_1_43' title="bbox 236 3524 1377 3590; baseline -0.004 -14"><span class='ocrx_word' id='word_1_434' title='bbox 236 3526 339 3577; x_wconf 88' lang='lat' dir='ltr'><strong>hancce</strong></span> <span class='ocrx_word' id='word_1_435' title='bbox 356 3543 373 3575; x_wconf 88' lang='lat' dir='ltr'><strong>a</strong></span> <span class='ocrx_word' id='word_1_436' title='bbox 391 3525 587 3590; x_wconf 65' lang='lat' dir='ltr'><strong>reliquenda,</strong></span> <span class='ocrx_word' id='word_1_437' title='bbox 604 3525 726 3588; x_wconf 86' lang='lat' dir='ltr'><strong>inprimis</strong></span> <span class='ocrx_word' id='word_1_438' title='bbox 745 3525 779 3574; x_wconf 86' lang='lat' dir='ltr'><strong>ab</strong></span> <span class='ocrx_word' id='word_1_439' title='bbox 830 3531 971 3584; x_wconf 74' lang='lat' dir='ltr'><strong>curarent,</strong></span> <span class='ocrx_word' id='word_1_440' title='bbox 1002 3524 1073 3590; x_wconf 90' lang='lat' dir='ltr'><strong>quod</strong></span> <span class='ocrx_word' id='word_1_441' title='bbox 1098 3524 1238 3574; x_wconf 87' lang='lat' dir='ltr'><strong>dimidium</strong></span> <span class='ocrx_word' id='word_1_442' title='bbox 1270 3528 1377 3572; x_wconf 86' lang='lat' dir='ltr'><strong>tantum</strong></span> 
     </span>
     <span class='ocr_line' id='line_1_44' title="bbox 236 3592 1377 3661; baseline -0.004 -15"><span class='ocrx_word' id='word_1_443' title='bbox 236 3597 365 3647; x_wconf 86' lang='lat' dir='ltr'><strong>Armenia</strong></span> <span class='ocrx_word' id='word_1_444' title='bbox 389 3593 417 3661; x_wconf 88' lang='lat' dir='ltr'><strong>(s</strong></span> <span class='ocrx_word' id='word_1_445' title='bbox 445 3595 532 3660; x_wconf 85' lang='lat' dir='ltr'><strong>Syriis</strong></span> <span class='ocrx_word' id='word_1_446' title='bbox 557 3594 779 3660; x_wconf 70' lang='lat' dir='ltr'><strong>Cappadocibus)</strong></span> <span class='ocrx_word' id='word_1_447' title='bbox 830 3595 1010 3661; x_wconf 79' lang='lat' dir='ltr'><strong>longitudinis</strong></span> <span class='ocrx_word' id='word_1_448' title='bbox 1034 3595 1114 3644; x_wconf 85' lang='lat' dir='ltr'><strong>huius</strong></span> <span class='ocrx_word' id='word_1_449' title='bbox 1142 3598 1248 3644; x_wconf 85' lang='lat' dir='ltr'><strong>tractus</strong></span> <span class='ocrx_word' id='word_1_450' title='bbox 1272 3592 1377 3642; x_wconf 87' lang='lat' dir='ltr'><strong>indica·</strong></span> 
     </span>
     <span class='ocr_line' id='line_1_45' title="bbox 236 3663 1376 3732; baseline -0.005 -15"><span class='ocrx_word' id='word_1_451' title='bbox 236 3681 364 3732; x_wconf 86' lang='lat' dir='ltr'><strong>separare</strong></span> <span class='ocrx_word' id='word_1_452' title='bbox 391 3666 449 3715; x_wconf 89' lang='lat' dir='ltr'><strong>iure</strong></span> <span class='ocrx_word' id='word_1_453' title='bbox 476 3665 529 3715; x_wconf 87' lang='lat' dir='ltr'><strong>dici</strong></span> <span class='ocrx_word' id='word_1_454' title='bbox 556 3669 657 3729; x_wconf 89' lang='lat' dir='ltr'><strong>potest.</strong></span> <span class='ocrx_word' id='word_1_455' title='bbox 694 3665 780 3727; x_wconf 81' lang='lat' dir='ltr'><strong>Mers,</strong></span> <span class='ocrx_word' id='word_1_456' title='bbox 829 3666 909 3715; x_wconf 84' lang='lat' dir='ltr'><strong>verit.</strong></span> <span class='ocrx_word' id='word_1_457' title='bbox 928 3665 1006 3715; x_wconf 85' lang='lat' dir='ltr'><strong>Coni.</strong></span> <span class='ocrx_word' id='word_1_458' title='bbox 1025 3664 1139 3715; x_wconf 85' lang='lat' dir='ltr'><strong>Hennel.</strong></span> <span class='ocrx_word' id='word_1_459' title='bbox 1159 3663 1178 3714; x_wconf 94' lang='lat' dir='ltr'><strong>l.</strong></span> <span class='ocrx_word' id='word_1_460' title='bbox 1196 3664 1214 3714; x_wconf 89' lang='lat' dir='ltr'><strong>l.</strong></span> <span class='ocrx_word' id='word_1_461' title='bbox 1235 3678 1299 3728; x_wconf 81' lang='lat' dir='ltr'><strong>pag.</strong></span> <span class='ocrx_word' id='word_1_462' title='bbox 1313 3663 1376 3712; x_wconf 75' lang='lat' dir='ltr'><strong>tot.</strong></span> 
     </span>
     <span class='ocr_line' id='line_1_46' title="bbox 237 3731 1416 3802; baseline -0.005 -16"><span class='ocrx_word' id='word_1_463' title='bbox 237 3737 309 3802; x_wconf 89' lang='lat' dir='ltr'><strong>quod</strong></span> <span class='ocrx_word' id='word_1_464' title='bbox 328 3753 342 3785; x_wconf 91' lang='lat' dir='ltr'><strong>e</strong></span> <span class='ocrx_word' id='word_1_465' title='bbox 360 3736 471 3801; x_wconf 79' lang='lat' dir='ltr'><strong>regione</strong></span> <span class='ocrx_word' id='word_1_466' title='bbox 485 3735 569 3800; x_wconf 85' lang='lat' dir='ltr'><strong>cypri</strong></span> <span class='ocrx_word' id='word_1_467' title='bbox 586 3740 636 3796; x_wconf 80' lang='lat' dir='ltr'><strong>oet,</strong></span> <span class='ocrx_word' id='word_1_468' title='bbox 655 3733 780 3784; x_wconf 88' lang='lat' dir='ltr'><strong>mediter·</strong></span> <span class='ocrx_word' id='word_1_469' title='bbox 830 3734 962 3785; x_wconf 80' lang='lat' dir='ltr'><strong>Defendit</strong></span> <span class='ocrx_word' id='word_1_470' title='bbox 971 3731 1141 3784; x_wconf 83' lang='lat' dir='ltr'><strong>Herodotum</strong></span> <span class='ocrx_word' id='word_1_471' title='bbox 1159 3733 1194 3782; x_wconf 85' lang='lat' dir='ltr'><strong>eb</strong></span> <span class='ocrx_word' id='word_1_472' title='bbox 1209 3733 1306 3783; x_wconf 80' lang='lat' dir='ltr'><strong>errorIs</strong></span> <span class='ocrx_word' id='word_1_473' title='bbox 1326 3731 1378 3781; x_wconf 87' lang='lat' dir='ltr'><strong>eri·</strong></span> <span class='ocrx_word' id='word_1_474' title='bbox 1412 3763 1416 3772; x_wconf 86' lang='lat'>·</span> 
     </span>
     <span class='ocr_line' id='line_1_47' title="bbox 237 3800 1375 3870; baseline -0.003 -16"><span class='ocrx_word' id='word_1_475' title='bbox 237 3821 347 3855; x_wconf 86' lang='lat' dir='ltr'><strong>roncum</strong></span> <span class='ocrx_word' id='word_1_476' title='bbox 372 3811 427 3866; x_wconf 84' lang='lat' dir='ltr'><strong>eet,</strong></span> <span class='ocrx_word' id='word_1_477' title='bbox 454 3805 527 3870; x_wconf 91' lang='lat' dir='ltr'><strong>quod</strong></span> <span class='ocrx_word' id='word_1_478' title='bbox 544 3804 666 3855; x_wconf 85' lang='lat' dir='ltr'><strong>Ciliciam</strong></span> <span class='ocrx_word' id='word_1_479' title='bbox 691 3803 779 3866; x_wconf 87' lang='lat' dir='ltr'><strong>alluit,</strong></span> <span class='ocrx_word' id='word_1_480' title='bbox 831 3805 902 3854; x_wconf 91' lang='lat' dir='ltr'><strong>mine</strong></span> <span class='ocrx_word' id='word_1_481' title='bbox 917 3804 1082 3855; x_wconf 79' lang='lat' dir='ltr'><strong>Delrlmunn.</strong></span> <span class='ocrx_word' id='word_1_482' title='bbox 1108 3801 1255 3868; x_wconf 90' lang='lat' dir='ltr'><strong>(Herodot.</strong></span> <span class='ocrx_word' id='word_1_483' title='bbox 1280 3818 1306 3866; x_wconf 91' lang='lat' dir='ltr'><strong>p.</strong></span> <span class='ocrx_word' id='word_1_484' title='bbox 1330 3800 1375 3852; x_wconf 80' lang='lat' dir='ltr'><strong>tto.</strong></span> 
     </span>
     <span class='ocr_line' id='line_1_48' title="bbox 237 3869 1377 3940; baseline -0.003 -18"><span class='ocrx_word' id='word_1_485' title='bbox 237 3876 264 3922; x_wconf 90' lang='lat' dir='ltr'><strong>in</strong></span> <span class='ocrx_word' id='word_1_486' title='bbox 283 3876 359 3924; x_wconf 88' lang='lat' dir='ltr'><strong>culus</strong></span> <span class='ocrx_word' id='word_1_487' title='bbox 378 3875 516 3924; x_wconf 89' lang='lat' dir='ltr'><strong>montibus</strong></span> <span class='ocrx_word' id='word_1_488' title='bbox 535 3874 627 3938; x_wconf 83' lang='lat' dir='ltr'><strong>Halyn</strong></span> <span class='ocrx_word' id='word_1_489' title='bbox 647 3873 779 3938; x_wconf 85' lang='lat' dir='ltr'><strong>originem</strong></span> <span class='ocrx_word' id='word_1_490' title='bbox 831 3875 897 3940; x_wconf 85' lang='grc'><strong>97.).</strong></span> <span class='ocrx_word' id='word_1_491' title='bbox 915 3875 1011 3938; x_wconf 86' lang='lat' dir='ltr'><strong>Neque</strong></span> <span class='ocrx_word' id='word_1_492' title='bbox 1035 3874 1106 3924; x_wconf 88' lang='lat' dir='ltr'><strong>enim</strong></span> <span class='ocrx_word' id='word_1_493' title='bbox 1129 3871 1173 3923; x_wconf 91' lang='lat' dir='ltr'><strong>hic</strong></span> <span class='ocrx_word' id='word_1_494' title='bbox 1199 3869 1377 3938; x_wconf 75' lang='lat' dir='ltr'><strong>cogitandum</strong></span> 
     </span>
     <span class='ocr_line' id='line_1_49' title="bbox 237 3941 1378 4008; baseline -0.003 -15"><span class='ocrx_word' id='word_1_495' title='bbox 237 3959 333 4008; x_wconf 87' lang='lat' dir='ltr'><strong>capere</strong></span> <span class='ocrx_word' id='word_1_496' title='bbox 352 3951 433 3994; x_wconf 87' lang='lat' dir='ltr'><strong>antea</strong></span> <span class='ocrx_word' id='word_1_497' title='bbox 450 3943 556 3993; x_wconf 85' lang='lat' dir='ltr'><strong>dixerat</strong></span> <span class='ocrx_word' id='word_1_498' title='bbox 572 3945 681 3994; x_wconf 86' lang='lat' dir='ltr'><strong>Noster.</strong></span> <span class='ocrx_word' id='word_1_499' title='bbox 701 3944 780 3992; x_wconf 90' lang='lat' dir='ltr'><strong>Hanc</strong></span> <span class='ocrx_word' id='word_1_500' title='bbox 831 3943 864 3994; x_wconf 88' lang='lat' dir='ltr'><strong>de</strong></span> <span class='ocrx_word' id='word_1_501' title='bbox 884 3944 1008 3994; x_wconf 88' lang='lat' dir='ltr'><strong>ducentis</strong></span> <span class='ocrx_word' id='word_1_502' title='bbox 1027 3943 1139 4005; x_wconf 83' lang='lat' dir='ltr'><strong>stadiis,</strong></span> <span class='ocrx_word' id='word_1_503' title='bbox 1165 3957 1235 4008; x_wconf 87' lang='lat' dir='ltr'><strong>qnae</strong></span> <span class='ocrx_word' id='word_1_504' title='bbox 1261 3941 1378 4006; x_wconf 85' lang='lat' dir='ltr'><strong>plerum-</strong></span> 
     </span>
     <span class='ocr_line' id='line_1_50' title="bbox 236 4010 1379 4079; baseline -0.003 -17"><span class='ocrx_word' id='word_1_505' title='bbox 236 4027 301 4063; x_wconf 86' lang='lat' dir='ltr'><strong>vero</strong></span> <span class='ocrx_word' id='word_1_506' title='bbox 319 4017 419 4062; x_wconf 89' lang='lat' dir='ltr'><strong>terram</strong></span> <span class='ocrx_word' id='word_1_507' title='bbox 437 4013 507 4062; x_wconf 87' lang='lat' dir='ltr'><strong>inter</strong></span> <span class='ocrx_word' id='word_1_508' title='bbox 530 4018 674 4079; x_wconf 88' lang='lat' dir='ltr'><strong>utrumque</strong></span> <span class='ocrx_word' id='word_1_509' title='bbox 697 4028 780 4073; x_wconf 83' lang='lat' dir='ltr'><strong>mure,</strong></span> <span class='ocrx_word' id='word_1_510' title='bbox 831 4029 883 4078; x_wconf 89' lang='lat' dir='ltr'><strong>que</strong></span> <span class='ocrx_word' id='word_1_511' title='bbox 910 4013 993 4078; x_wconf 89' lang='lat' dir='ltr'><strong>pedes</strong></span> <span class='ocrx_word' id='word_1_512' title='bbox 1021 4012 1163 4078; x_wconf 83' lang='lat' dir='ltr'><strong>expeditus</strong></span> <span class='ocrx_word' id='word_1_513' title='bbox 1187 4028 1221 4062; x_wconf 85' lang='lat' dir='ltr'><strong>ex</strong></span> <span class='ocrx_word' id='word_1_514' title='bbox 1242 4010 1379 4060; x_wconf 88' lang='lat' dir='ltr'><strong>Herodoti</strong></span> 
     </span>
     <span class='ocr_line' id='line_1_51' title="bbox 237 4079 1378 4148; baseline -0.004 -16"><span class='ocrx_word' id='word_1_515' title='bbox 237 4081 462 4132; x_wconf 89' lang='lat' dir='ltr'><strong>mediterraneum</strong></span> <span class='ocrx_word' id='word_1_516' title='bbox 479 4082 540 4132; x_wconf 89' lang='lat' dir='ltr'><strong>dico</strong></span> <span class='ocrx_word' id='word_1_517' title='bbox 563 4089 645 4148; x_wconf 86' lang='lat' dir='ltr'><strong>etque</strong></span> <span class='ocrx_word' id='word_1_518' title='bbox 663 4084 780 4132; x_wconf 89' lang='lat' dir='ltr'><strong>Pontum</strong></span> <span class='ocrx_word' id='word_1_519' title='bbox 831 4087 921 4132; x_wconf 91' lang='lat' dir='ltr'><strong>mente</strong></span> <span class='ocrx_word' id='word_1_520' title='bbox 940 4081 1070 4148; x_wconf 87' lang='lat' dir='ltr'><strong>perlicere</strong></span> <span class='ocrx_word' id='word_1_521' title='bbox 1095 4087 1191 4147; x_wconf 86' lang='lat' dir='ltr'><strong>queat,</strong></span> <span class='ocrx_word' id='word_1_522' title='bbox 1216 4081 1264 4131; x_wconf 90' lang='lat' dir='ltr'><strong>sed</strong></span> <span class='ocrx_word' id='word_1_523' title='bbox 1289 4079 1378 4130; x_wconf 85' lang='lat' dir='ltr'><strong>videri</strong></span> 
     </span>
     <span class='ocr_line' id='line_1_52' title="bbox 235 4142 1379 4216; baseline -0.003 -15"><span class='ocrx_word' id='word_1_524' title='bbox 235 4153 388 4214; x_wconf 79' lang='lat' dir='ltr'><strong>Euxinum,</strong></span> <span class='ocrx_word' id='word_1_525' title='bbox 412 4155 492 4200; x_wconf 79' lang='lat' dir='ltr'><strong>vocet</strong></span> <span class='ocrx_word' id='word_1_526' title='bbox 511 4142 630 4216; x_wconf 80' lang='grc' dir='ltr'><strong><em>αὐχένα,</em></strong></span> <span class='ocrx_word' id='word_1_527' title='bbox 652 4156 779 4210; x_wconf 82' lang='lat' dir='ltr'><strong>cervicem,</strong></span> <span class='ocrx_word' id='word_1_528' title='bbox 831 4167 981 4203; x_wconf 89' lang='lat' dir='ltr'><strong>sermonem</strong></span> <span class='ocrx_word' id='word_1_529' title='bbox 1000 4168 1061 4203; x_wconf 86' lang='lat' dir='ltr'><strong>esse</strong></span> <span class='ocrx_word' id='word_1_530' title='bbox 1079 4152 1112 4202; x_wconf 90' lang='lat' dir='ltr'><strong>de</strong></span> <span class='ocrx_word' id='word_1_531' title='bbox 1130 4165 1176 4212; x_wconf 86' lang='lat' dir='ltr'><strong>eo,</strong></span> <span class='ocrx_word' id='word_1_532' title='bbox 1202 4150 1275 4216; x_wconf 89' lang='lat' dir='ltr'><strong>quod</strong></span> <span class='ocrx_word' id='word_1_533' title='bbox 1293 4147 1379 4199; x_wconf 84' lang='lat' dir='ltr'><strong>semel</strong></span> 
     </span>
     <span class='ocr_line' id='line_1_53' title="bbox 236 4219 1378 4288; baseline -0.002 -18"><span class='ocrx_word' id='word_1_534' title='bbox 236 4221 262 4270; x_wconf 87' lang='lat' dir='ltr'><strong>id</strong></span> <span class='ocrx_word' id='word_1_535' title='bbox 282 4226 323 4271; x_wconf 85' lang='lat' dir='ltr'><strong>est</strong></span> <span class='ocrx_word' id='word_1_536' title='bbox 342 4223 487 4286; x_wconf 81' lang='lat' dir='ltr'><strong>angustum</strong></span> <span class='ocrx_word' id='word_1_537' title='bbox 504 4223 780 4287; x_wconf 78' lang='lat' dir='ltr'><strong>meatum‚angustio-</strong></span> <span class='ocrx_word' id='word_1_538' title='bbox 831 4222 925 4272; x_wconf 77' lang='lat' dir='ltr'><strong>sorren</strong></span> <span class='ocrx_word' id='word_1_539' title='bbox 943 4227 1084 4288; x_wconf 82' lang='lat' dir='ltr'><strong>expertum</strong></span> <span class='ocrx_word' id='word_1_540' title='bbox 1103 4221 1186 4271; x_wconf 87' lang='lat' dir='ltr'><strong>inerit</strong></span> <span class='ocrx_word' id='word_1_541' title='bbox 1209 4236 1226 4270; x_wconf 88' lang='lat' dir='ltr'><strong>a</strong></span> <span class='ocrx_word' id='word_1_542' title='bbox 1249 4219 1378 4284; x_wconf 88' lang='lat' dir='ltr'><strong>quopiam</strong></span> 
     </span>
     <span class='ocr_line' id='line_1_54' title="bbox 237 4287 1379 4358; baseline -0.005 -16"><span class='ocrx_word' id='word_1_543' title='bbox 237 4307 293 4342; x_wconf 88' lang='lat' dir='ltr'><strong>rem</strong></span> <span class='ocrx_word' id='word_1_544' title='bbox 311 4297 400 4340; x_wconf 90' lang='lat' dir='ltr'><strong>terrae</strong></span> <span class='ocrx_word' id='word_1_545' title='bbox 417 4294 543 4352; x_wconf 86' lang='lat' dir='ltr'><strong>tractum,</strong></span> <span class='ocrx_word' id='word_1_546' title='bbox 562 4292 676 4342; x_wconf 86' lang='lat' dir='ltr'><strong>cervicis</strong></span> <span class='ocrx_word' id='word_1_547' title='bbox 693 4291 780 4341; x_wconf 82' lang='lat' dir='ltr'><strong>instar</strong></span> <span class='ocrx_word' id='word_1_548' title='bbox 830 4292 921 4357; x_wconf 89' lang='lat' dir='ltr'><strong>pedite</strong></span> <span class='ocrx_word' id='word_1_549' title='bbox 939 4293 1051 4358; x_wconf 79' lang='lat' dir='ltr'><strong>insigni.</strong></span> <span class='ocrx_word' id='word_1_550' title='bbox 1083 4290 1281 4342; x_wconf 86' lang='lat' dir='ltr'><strong>Testimonium</strong></span> <span class='ocrx_word' id='word_1_551' title='bbox 1307 4287 1379 4352; x_wconf 91' lang='lat' dir='ltr'><strong>petit</strong></span> 
     </span>
     <span class='ocr_line' id='line_1_55' title="bbox 236 4357 1378 4427; baseline -0.004 -15"><span class='ocrx_word' id='word_1_552' title='bbox 236 4366 404 4427; x_wconf 84' lang='lat' dir='ltr'><strong>porrectum,</strong></span> <span class='ocrx_word' id='word_1_553' title='bbox 424 4365 454 4412; x_wconf 90' lang='lat' dir='ltr'><strong>ut</strong></span> <span class='ocrx_word' id='word_1_554' title='bbox 471 4361 524 4410; x_wconf 91' lang='lat' dir='ltr'><strong>iam</strong></span> <span class='ocrx_word' id='word_1_555' title='bbox 542 4376 596 4412; x_wconf 91' lang='lat' dir='ltr'><strong>non</strong></span> <span class='ocrx_word' id='word_1_556' title='bbox 614 4362 647 4411; x_wconf 92' lang='lat' dir='ltr'><strong>de</strong></span> <span class='ocrx_word' id='word_1_557' title='bbox 665 4362 779 4412; x_wconf 87' lang='lat' dir='ltr'><strong>termino</strong></span> <span class='ocrx_word' id='word_1_558' title='bbox 831 4378 864 4412; x_wconf 84' lang='lat' dir='ltr'><strong>ex</strong></span> <span class='ocrx_word' id='word_1_559' title='bbox 895 4363 942 4425; x_wconf 82' lang='lat' dir='ltr'><strong>iis,</strong></span> <span class='ocrx_word' id='word_1_560' title='bbox 972 4377 1043 4427; x_wconf 82' lang='lat' dir='ltr'><strong>quoe</strong></span> <span class='ocrx_word' id='word_1_561' title='bbox 1067 4361 1117 4425; x_wconf 85' lang='lat' dir='ltr'><strong>VI,</strong></span> <span class='ocrx_word' id='word_1_562' title='bbox 1144 4360 1202 4411; x_wconf 85' lang='lat' dir='ltr'><strong>loo.</strong></span> <span class='ocrx_word' id='word_1_563' title='bbox 1228 4357 1302 4420; x_wconf 90' lang='lat' dir='ltr'><strong>(coll.</strong></span> <span class='ocrx_word' id='word_1_564' title='bbox 1327 4357 1378 4420; x_wconf 89' lang='lat' dir='ltr'><strong>VI,</strong></span> 
     </span>
    </p>
   </div>
   <div class='ocr_carea' id='block_1_4' title="bbox 0 0 1536 4940">
    <p class='ocr_par' dir='ltr' id='par_1_6' title="bbox 0 0 1536 4940">
     <span class='ocr_line' id='line_1_56' title="bbox 0 0 1536 4940; baseline 0 2"><span class='ocrx_word' id='word_1_565' title='bbox 0 0 1536 4940; x_wconf 95' lang='lat' dir='ltr'><strong> </strong></span> 
     </span>
    </p>
   </div>
  </div>
 </body>
</html>
