3086 4952
230 252 291 314 2¹6
665 244 933 308 HERODO'PI

231 429 286 498 καὶ
306 423 523 510 πεντακόσια,
552 427 676 513 πρῶτοι
700 417 759 490 ἀπ’
785 417 898 492 αὐτοῖν
917 423 1033 508 Μῆδοι
1055 415 1197 507 ἤρξαντο
1224 414 1365 486 ἆπίστα·

231 542 328 600 σθαι·
366 535 424 598 καί
439 555 506 607 κως
525 516 618 596 οὗτοι
642 527 718 616 περὶ
742 531 801 615 τῆς
821 521 1017 614 ἐλευθερίης
1039 521 1259 611 μαχεσάμενοι
1280 537 1364 591 τοῖσι

226 631 430 720 Ἀσσυρίοισι
467 628 623 719 ἐγένοντο
651 628 772 720 ἄνδρες
799 625 938 716 ἀγαθοί·
981 628 1036 695 καί
1060 623 1273 714 ἀπωσάμενοι
1304 623 1366 714 τὴν

232 734 443 825 δουλοσύνην
468 733 769 824 ἠλευθερώθησαν.
807 728 889 822 μετὰ
916 731 954 801 δὲ
978 729 1116 810 τούτους
1135 731 1190 798 καὶ
1218 725 1259 798 τὰ
1281 727 1365 800 ἄλλα

233 847 337 910 ἔθνεα
361 836 470 909 ἐποίεε
498 835 605 907 τώυτὸ
629 853 715 906 τοῖσι
740 835 896 926 Μήδοισι.
938 832 1080 905 Ἐόντωυ
1105 833 1142 902 δὲ
1170 829 1366 922 αὐτονόμων

232 943 368 1014 πάντων
387 940 451 1012 ἀνὰ
475 940 537 1030 τὴν
560 938 715 1030 ἤπειρον,
742 930 808 1010 ὦδε
831 931 924 1019 αὖτις
950 935 983 1019 ἐς
1003 941 1204 1027 τυραννίδας
1228 943 1364 1026 περιῆλ-

115 1069 119 1076 “
185 1057 310 1120 ucoca.
347 1043 447 1136 Ἀνὴρ
474 1040 512 1114 ἒν
530 1061 615 1114 τοῖσι
636 1045 786 1134 Μήδοισι
812 1041 943 1132 ἐγένετο
962 1039 1080 1130 σοφὸς,
1111 1045 1157 1134 τῷ
1176 1037 1304 1129 οὔνομα
1323 1031 1366 1126 ἦν

234 1149 399 1242 Δηίόκης,
426 1165 504 1230 παῖς
522 1148 559 1218 δὲ
585 1140 628 1238 ἦν
648 1148 837 1240 Φραόρτεω.
872 1136 968 1227 οὗτος
987 1141 1005 1215 ὁ
1024 1143 1187 1234 Δηίόιιης,
1212 1141 1367 1232 ἐρασθεὶς

232 1319 260 1368 in
280 1323 430 1384 temporum
447 1317 598 1368 rationibus
622 1316 774 1368 indicandis
825 1329 908 1379 regno
931 1312 1031 1364 Rintel.
1055 1311 1135 1375 1843,
1156 1313 1204 1364 nbi
1227 1314 1308 1364 etiam
1335 1329 1368 1364 ea

233 1389 367 1452 annisque
391 1387 505 1452 singulis
528 1391 657 1438 accurate
674 1386 774 1437 consti·
824 1389 982 1449 persecutus
1001 1388 1051 1446 est,
1071 1399 1140 1448 quae
1158 1400 1191 1434 ex
1208 1384 1285 1434 libris
1304 1385 1368 1434 Per·
1429 1437 1436 1446 ,

233 1457 342 1508 tuendis
369 1473 402 1506 ac
424 1457 595 1506 numerandis
623 1461 773 1516 versentur,
826 1469 915 1504 aarum
936 1455 1021 1504 sacris
1041 1453 1234 1520 (Zendcvesta)
1254 1460 1368 1518 atquee

233 1543 311 1578 nemo
340 1526 395 1576 lere
423 1527 518 1575 nascit.
554 1525 718 1590 Disqnisivit
741 1525 774 1574 de
826 1523 944 1573 carmine
962 1524 1038 1588 epico
1060 1524 1205 1574 Persarum
1224 1540 1246 1574 a.
1266 1515 1369 1574 lranio·

233 1597 310 1661 regni
333 1595 472 1660 Assyriaci
497 1594 673 1658 chronologia
701 1593 775 1643 clin—
826 1607 885 1642 rum
903 1607 945 1642 res
970 1593 1125 1644 celebrante
1152 1593 1367 1660 (Schahnameh)

233 1671 291 1716 ton.
306 1666 333 1714 iu
346 1669 444 1730 quarta
459 1663 609 1730 appendice
620 1665 697 1714 Fast.
711 1662 775 1713 Hel·
827 1662 975 1713 afferuntur
993 1662 1027 1712 ad
1044 1664 1262 1729 antiquissimam
1275 1665 1368 1716 harum

233 1735 288 1787 len.
306 1735 368 1786 Vol.
386 1735 409 1784 1.
426 1751 453 1800 p.
472 1735 523 1787 263
536 1751 611 1800 seqq.
631 1735 776 1799 omniaque
827 1733 948 1798 gentium
966 1733 1107 1783 historiam
1127 1733 1317 1786 illustrandam
1341 1751 1368 1800 p.

236 1805 342 1868 attulit,
369 1819 439 1869 quae
462 1820 478 1854 a
503 1805 681 1870 scriptoribus
706 1805 777 1855 anti·
827 1805 936 1869 lseqq.
956 1804 1032 1866 Quae
1045 1803 1105 1867 ipsa
1123 1803 1224 1856 fabulis
1242 1806 1282 1856 ita
1300 1821 1370 1856 com-

235 1877 296 1942 quis
315 1879 342 1925 et
364 1876 561 1926 recentioribus
580 1875 651 1926 hanc
675 1876 702 1926 in
720 1891 776 1925 rem
826 1873 913 1923 mixta
932 1879 1009 1934 sunt,
1027 1878 1059 1922 ut
1077 1875 1146 1924 certi
1163 1875 1228 1940 qnid
1246 1875 1309 1926 inde
1322 1877 1369 1924 vix

234 1945 338 1996 tradita
360 1945 547 2006 inveniuntur}
577 1947 675 2010 quibus
700 1961 776 1995 acce·
827 1943 892 1993 mihi
917 1944 974 1994 erui
1000 1959 1080 2007 posse
1103 1945 1237 1997 videatur.
1255 1975 1290 1986 -
1308 1947 1368 1996 Dci-

237 2015 304 2065 dunt
322 2030 363 2076 ea,
378 2030 447 2078 quae
466 2015 594 2065 disseruit
614 2017 656 2066 De
675 2015 776 2079 Saulcy
827 2027 893 2063 ocem
921 2012 969 2062 alii
994 2012 1198 2077 Arphaxadam,
1231 2017 1305 2066 ouius
1340 2015 1369 2080 in

237 2083 419 2152 (liecherches
438 2099 484 2134 sur
500 2085 528 2134 la
545 2083 775 2148 chronologiedes
827 2082 920 2131 Iudith
937 2097 998 2146 cap.
1019 2081 1041 2131 l.
1060 2084 1162 2133 mentio
1184 2084 1229 2144 fit,
1253 2101 1313 2135 esse
1331 2085 1370 2134 di-

236 2153 350 2216 empires
371 2152 404 2201 de
421 2153 531 2210 Ninive,
544 2153 576 2202 de
591 2153 730 2218 Babylone
750 2159 778 2202 et
828 2156 907 2212 cunt,
928 2149 974 2198 alii
998 2151 1160 2208 Phrnortemr
1182 2154 1238 2202 vid.
1261 2155 1370 2204 Wcssc-

236 2221 419 2281 d'Ecbatane‚
442 2223 482 2270 in:
507 2220 588 2272 Mem.
613 2222 647 2272 de
670 2222 774 2271 l'Acatl.
826 2219 894 2284 ling.
915 2218 987 2268 adh.
1006 2219 1023 2269 l.
1045 2225 1072 2269 et
1087 2221 1208 2284 inprimis
1218 2223 1302 2272 Beck.
1315 2223 1370 2273 All·

237 2291 263 2342 d.
290 2289 433 2354 Inscriptt.
463 2291 495 2340 T.
520 2291 595 2353 XIX,
620 2292 645 2341 1.
673 2307 700 2354 p.
728 2290 777 2340 184
828 2287 1108 2353 gam.welrgssch.1.
1128 2305 1154 2352 p.
1169 2289 1221 2340 636
1239 2305 1306 2354 seq„
1323 2293 1369 2354 qui

236 2375 311 2423 seqq.
320 2359 465 2422 praecipue
477 2376 504 2424 p.
517 2359 564 2409 341
581 2358 679 2424 seqq),
694 2359 777 2409 Grote
828 2357 920 2406 varias
939 2357 1005 2406 virr.
1025 2357 1109 2406 doctt.
1132 2357 1242 2419 collegit
1263 2363 1370 2408 senten-

236 2429 354 2492 (history
364 2427 394 2476 of
403 2429 504 2478 Grecos
514 2429 567 2478 111.
579 2446 606 2494 p.
616 2429 775 2492 302seqq.l‚
826 2427 892 2476 tias.
921 2426 1014 2490 Nuper
1041 2425 1185 2475 admodum
1208 2427 1369 2475 Hammerns

236 2499 313 2548 Mure
336 2496 442 2546 critical
467 2497 573 2561 history
601 2499 631 2548 of
648 2497 694 2546 the
719 2496 776 2545 lan·
828 2511 888 2545 eum
904 2509 966 2545 esse
980 2495 1048 2544 dixit
1058 2495 1194 2557 Deiecem,
1209 2495 1255 2559 qui
1267 2495 1294 2543 in
1307 2495 1370 2544 Per-

236 2583 326 2632 guags
344 2571 396 2616 etc.
416 2567 464 2616 IV.
483 2583 508 2631 p.
533 2565 584 2619 336
602 2566 630 2616 ff.
657 2566 778 2616 Herode·
829 2563 1371 2615 sarumcarminibuscelebretnrllsclrcnr-

237 2637 289 2687 teis
314 2635 432 2686 numeris
455 2651 563 2701 quoque
593 2637 779 2701 patrocinatur
827 2634 900 2685 solid
912 2633 1031 2698 (Annall.
1042 2634 1138 2685 Vienn.
1150 2635 1198 2684 IX.
1209 2650 1237 2699 p.
1250 2635 1281 2686 lll
1293 2650 1368 2700 seqq.

236 2707 260 2758 1.
286 2721 303 2754 a
326 2705 479 2770 Gumpach:
504 2706 598 2756 Abriss
621 2707 648 2759 d.
673 2705 780 2771 babyh-
831 2704 863 2756 13
891 2709 959 2754 nott.
992 2708 1019 2754 et
1042 2702 1129 2755 Lxu.
1161 2721 1187 2770 p.
1212 2705 1256 2756 46.
1294 2705 1371 2754 Adde

238 2791 326 2841 assyr.
347 2774 510 2826 Geschichte
528 2792 555 2840 p.
573 2775 608 2828 46
620 2791 677 2840 seq.
697 2781 780 2841 atque
829 2774 943 2840 Hoelty:
967 2772 1153 2838 Dsjamschid‚
1173 2774 1291 2825 Peridun
1314 2779 1367 2825 etc.

238 2845 332 2896 Iatho:
352 2845 406 2894 Zur
428 2845 608 2910 chronologie
633 2844 658 2894 d.
685 2846 779 2897 liltost.
829 2861 856 2910 p.
874 2845 907 2896 53
918 2860 993 2910 seqq.
1008 2845 1042 2896 60
1056 2843 1154 2909 seqq).
1172 2846 1214 2895 De
1232 2860 1285 2910 quo
1298 2845 1372 2910 equi-

238 2914 402 2966 Geschichte
420 2915 446 2966 d.
468 2916 638 2966 Menschheit
662 2915 781 2978 (Hildee-
831 2915 890 2965 dem
902 2914 969 2964 nihil
979 2915 1131 2965 decernam.
1146 2915 1289 2965 Caeterum
1302 2930 1372 2980 quoe

237 2985 308 3036 heim
329 2984 418 3051 1853.)
437 3001 500 3050 pag.
518 2986 547 3036 ll
571 3001 627 3051 seq.
831 2984 864 3035 de
887 2985 988 3035 Deioce
1012 2985 1142 3050 regnique
1162 2985 1263 3036 Medici
1286 2985 1371 3035 initiis

273 3047 300 3112 ἐς
318 3052 490 3118 τυραννίδας
507 3052 722 3122 περιῆλθον]
733 3071 779 3105 ιτε-
832 3055 876 3105 hic
894 3055 1052 3116 traduntur,
1073 3069 1106 3104 ea
1129 3055 1261 3105 Graecum
1279 3056 1371 3120 potius

237 3120 400 3187 ριέρηεσδαι
418 3124 451 3176 de
467 3140 560 3188 regno,
574 3127 646 3189 quod
658 3125 686 3174 iu
698 3127 780 3176 alium
832 3140 911 3190 qnam
936 3125 1094 3175 orientalem
1117 3124 1233 3175 colorem
1256 3141 1321 3190 prae
1342 3140 1372 3175 se

237 3193 338 3244 transit
356 3193 473 3244 aliamve
496 3193 648 3244 devolvitur
671 3196 699 3244 iu
718 3197 780 3246 stir-
832 3195 902 3245 lerrs
911 3195 1014 3244 iudicat
1022 3195 1105 3246 Grote
1116 3194 1220 3260 history
1230 3195 1261 3245 ol
1271 3195 1372 3246 Graece

237 3279 311 3328 pem,
339 3263 413 3314 conl.
437 3263 464 3325 1,
489 3265 513 3314 7.
540 3264 590 3314 120
614 3264 681 3330 ibiq.
709 3269 779 3316 nott.
831 3264 884 3314 111.
901 3281 928 3329 p.
948 3264 999 3316 305
1019 3280 1087 3329 seq„
1107 3263 1174 3315 adeo
1199 3270 1230 3315 ut
1251 3266 1373 3316 Herodo-

237 3331 280 3384 Ae
298 3329 512 3398 κατοικημένων
530 3334 558 3382 in
575 3349 651 3399 seqq.
671 3335 744 3386 conl.
755 3335 779 3398 1,
831 3340 888 3384 tum
907 3336 1012 3386 Graeca
1029 3333 1161 3399 quaedam
1181 3336 1216 3386 ad
1234 3335 1372 3385 Medorum

238 3404 271 3454 27
290 3401 335 3454 tin.
830 3420 873 3454 res
893 3404 1062 3455 exornandas
1087 3405 1249 3455 assumsisse
1268 3409 1371 3455 statua-

831 3489 899 3526 mus.
918 3474 1038 3525 Ulterius
1046 3473 1114 3524 adeo
1121 3475 1373 3540 progrediturMure

298 3664 307 3689 ,
981 3543 1283 3679 lennes
1301 3544 1373 3664 un

273 3693 359 3736 ουτος
381 3693 396 3728 ο
416 3677 556 3744 Δηϊοκης]
576 3679 673 3729 Mirum
691 3679 779 3743 prole·
830 3684 986 3734 mesticiam
1002 3683 1085 3733 habet
1103 3681 1152 3746 (‚,a
1170 3699 1236 3747 puro
1249 3683 1372 3748 political

239 3752 283 3798 cto
302 3753 357 3810 est,
373 3750 446 3812 qnod
463 3749 556 3812 verba,
577 3765 646 3814 quae
664 3764 779 3814 sequun-
830 3750 1004 3816 romance“)‚
1035 3753 1212 3818 compositam
1246 3753 1281 3802 ad
1311 3753 1372 3803 illu-

238 3821 292 3876 tur,
314 3817 452 3880 usquead
471 3834 529 3882 cap.
551 3818 636 3868 Cfin.
661 3819 689 3868 in
713 3819 780 3870 San·
830 3823 943 3873 stranda
961 3839 1008 3885 ca,
1034 3838 1102 3887 quoe
1126 3823 1173 3872 illa
1198 3828 1289 3874 aetate
1305 3823 1373 3873 iere-

239 3885 320 3934 crolti
337 3885 406 3935 libro
430 3886 544 3952 aliisque
564 3904 618 3938 non
641 3888 693 3936 nisi
716 3903 780 3952 pau·
830 3893 929 3942 bantur
948 3893 980 3943 de
999 3891 1272 3956 rerumpublicarum
1292 3893 1374 3958 origi-

238 3954 277 4004 cis
297 3958 439 4004 contracta
454 3955 590 4020 leguntur.
609 3957 709 4022 Attigit
725 3959 779 4008 He·
829 3961 918 4015 nibus.
955 3963 979 4014 Α
1007 3977 1061 4027 que
1088 3964 1226 4014 sententia
1249 3963 1372 4029 equidem

237 4021 352 4072 rodotca
369 4023 464 4074 Cicero
483 4026 515 4076 de
534 4025 621 4077 olficc.
639 4027 676 4090 Il,
698 4028 740 4078 1⁶2.
753 4031 778 4090 ξ.
830 4031 870 4080 ita
887 4032 991 4092 absum,
1015 4037 1046 4081 ut
1063 4032 1150 4082 virum
1168 4032 1277 4084 doctum
1295 4033 1324 4082 in
1340 4033 1373 4083 li-

237 4091 281 4142 41.
300 4092 423 4142 Pertinet
438 4109 503 4144 vero
521 4095 557 4144 ad
574 4111 619 4158 aa,
639 4112 709 4162 quac
728 4098 779 4148 hoc
830 4106 947 4152 terarum
964 4102 1128 4154 Graecarum
1145 4103 1272 4162 historia,
1291 4119 1372 4168 quam

238 4161 327 4224 capite
359 4166 386 4243 et
413 4178 489 4228 seqq.
520 4163 676 4228 traduntur,
707 4167 779 4218 Guil.
830 4171 1001 4236 conseripsit,
1016 4172 1093 4236 plura
1112 4187 1181 4238 quae
1201 4173 1236 4223 ad
1253 4173 1372 4236 fabulas,

237 4227 370 4294 Hupleldi
404 4232 546 4296 Spectmen
576 4234 614 4284 II.
645 4237 777 4290 Exercitt.
830 4257 910 4307 quam
928 4241 962 4291 ad
981 4241 1122 4292 historiam
1140 4242 1282 4292 reserenda
1298 4248 1372 4305 aunt,

237 4299 381 4353 Herodott.
402 4302 459 4354 sire
477 4303 510 4354 de
528 4307 620 4354 vetere
638 4305 779 4358 Medorum
830 4311 1022 4378 conscripsisse
1038 4317 1139 4378 putem.
1168 4312 1255 4364 Multo
1277 4313 1372 4364 sanius
