3096 4930
639 312 767 375 OLIO.
787 315 813 374 Ι.
834 323 895 378 2⁰2.
1268 315 1331 376 407

200 490 405 580 σαρίκοντα,
435 491 504 556 τοῖν
523 483 564 556 τὰ
585 485 694 556 πάντα
714 485 803 576 πλὴν
823 483 896 566 ἑνὸς
916 489 950 566 ἐς
969 486 1048 556 ἕλεά
1066 491 1172 558 τεκαὶ
1189 487 1330 575 τενάγεα

202 599 339 666 ἐκδιδοῖ.
391 593 428 659 ἐν
457 605 543 660 τοῖσι
577 587 779 679 ἀνθρώπους
811 595 1030 680 κατοικῆσθαι
1063 595 1198 680 λέγουσι
1232 597 1331 681 ἰχθῦς

204 693 314 785 ciricis
339 695 567 781 σιτεομένους,
595 695 710 781 ἐσθῆτι
739 694 775 762 dl
803 701 996 783 νομίζοντας
1016 699 1161 783 χρᾶσθαι
1188 698 1331 783 φωκέων

148 811 157 826 ”
205 804 354 888 δέρμασι.
394 794 430 866 τὸ
446 796 483 866 dl
499 800 536 864 ἓν
554 801 623 866 τῶν
636 795 808 884 στομάτων
828 802 888 866 τοῦ
898 793 1040 883 Ἀράξεω
1055 800 1123 884 ῥέει
1146 796 1202 868 διὰ
1222 810 1329 868 καθα-

205 907 266 994 ροῦ
286 905 319 982 ἐς
336 898 399 990 τὴν
418 906 576 987 Κασπίην
602 898 786 967 θάλασσαν.
833 893 854 987 ἡ
877 898 914 967 dt
934 905 1068 986 Κασπίη
1087 899 1243 970 θάλασσά
1263 906 1331 972 ἐστι

204 1004 259 1078 ἐπ’
276 1007 418 1092 ἑωυτῆς,
433 999 474 1072 οὔ
487 1009 725 1091 συμμίσγουσα
738 1007 778 1091 τῇ
794 1001 887 1090 ἑτέρη
901 1000 1066 1089 θαλάσσῃ.
1108 999 1169 1091 τὴν
1189 1004 1251 1090 μὲν
1268 1003 1332 1091 γὰρ

192 1109 352 1200 Ἕλληνες
373 1113 607 1176 ναυτίλλονται
630 1111 755 1194 πᾶσαν,
776 1106 831 1173 καὶ
854 1100 875 1193 ἡ
895 1105 956 1186 ἔξω
976 1107 1125 1192 στηλέων
1137 1104 1292 1174 θάλασσα
1314 1103 1335 1196 ἡ

204 1308 397 1366 Eiobwaldld.
414 1323 476 1374 pag.
487 1309 530 1368 25,
548 1307 628 1358 modo
640 1311 745 1372 repute-
796 1322 880 1372 usque
898 1305 933 1356 ad
952 1309 1078 1370 posterae
1101 1306 1200 1356 aetatis
1222 1305 1335 1370 scripto-

205 1399 272 1442 mus,
289 1381 361 1430 hunc
375 1378 474 1438 lacum,
488 1378 564 1428 cuius
577 1377 665 1426 tennis
678 1376 745 1426 haec
796 1392 853 1438 res,
874 1392 928 1426 nno
946 1379 1058 1440 excepto
1073 1373 1234 1436 Aristotele,
1253 1373 1335 1439 vulgo

204 1452 239 1504 ad
253 1449 419 1500 Herodotum
432 1447 586 1512 pervenerit
598 1447 681 1508 notio,
697 1445 746 1498 illa
795 1446 946 1508 tradidere,
962 1461 994 1495 ex
1011 1460 1113 1495 oceano
1131 1443 1337 1510 septentrionali

206 1526 297 1572 aetate
309 1533 396 1583 neque
408 1523 513 1568 tantum
526 1517 617 1578 luisse,
630 1521 746 1580 quantus
797 1516 924 1580 Caspium
939 1530 1012 1566 mara
1024 1515 1151 1576 influere,
1170 1513 1267 1579 quade
1280 1513 1336 1578 opi·

206 1607 277 1642 nune
294 1589 463 1649 inveniatur,
488 1602 575 1652 neque
592 1587 746 1636 accuratius
797 1587 878 1636 nione
895 1583 973 1650 plura
990 1584 1143 1636 Casaubcn.
1163 1583 1335 1633 sttrabon.

207 1661 315 1713 omnino
333 1657 479 1722 cognitum.
509 1655 570 1706 Alia
589 1655 700 1706 eandem
718 1655 747 1705 in
797 1656 845 1706 Xl.
860 1670 922 1719 pag.
935 1655 986 1704 507
1000 1671 1021 1705 s.
1039 1653 1098 1715 773,
1117 1655 1196 1704 Voss.
1211 1652 1246 1701 ad
1260 1653 1337 1701 Pom·

207 1747 263 1782 rem
286 1728 365 1778 affert
383 1727 516 1791 Forbiger
531 1725 549 1775 l.
564 1725 582 1774 l.
602 1725 639 1775 11.
659 1741 685 1788 p.
702 1725 745 1786 lb,
797 1740 859 1789 pon.
884 1723 948 1772 Mel.
967 1723 1022 1784 111,
1039 1724 1069 1785 5,
1085 1723 1131 1785 16,
1156 1737 1223 1786 ηιιοο
1243 1719 1337 1770 laudat

207 1801 256 1854 sed
269 1798 375 1848 cautius
390 1795 643 1860 pronuntiatUkert
655 1793 703 1846 1.1.
719 1809 745 1858 p.
797 1792 1003 1856 wesseliugius,
1017 1798 1044 1841 et
1058 1807 1127 1856 quse
1141 1791 1196 1840 alia
1207 1790 1284 1854 plura
1297 1789 1337 1837 si-

208 1873 273 1930 222,
297 1883 330 1918 ex
353 1866 485 1916 Herodoti
502 1865 592 1915 verbis
610 1864 666 1914 tale
683 1863 748 1929 quid
798 1859 1204 1914 ierunthschrrckeedMelae
1217 1858 1335 1922 l.l.peg.

208 1938 334 1992 concludi
350 1951 431 2001 posse
450 1950 561 2000 negans.
592 1935 669 1995 Quod
688 1933 748 1982 bre·
800 1933 849 1984 128
858 1947 932 1996 seqq.
944 1935 1013 1982 uolt.
1025 1945 1134 1994 exegg„
1146 1929 1277 1992 Forbiger
1289 1926 1336 1979 l.l.

209 2011 298 2062 chium
314 2008 342 2056 in
361 2006 488 2070 Caspium
506 2019 579 2054 mare
596 2003 747 2064 delabatur,
798 2020 824 2068 p.
835 2002 866 2052 31
886 2007 915 2051 et
927 2000 1044 2050 Ukertl.
1058 1999 1076 2048 l.
1096 2015 1122 2064 p.
1140 1997 1200 2058 211,
1221 1997 1266 2060 qui
1283 2011 1338 2045 om-

208 2081 237 2130 id
253 2094 323 2128 nuuc
337 2077 394 2125 sere
408 2075 573 2125 exsiccatum
583 2073 669 2124 videri
683 2072 748 2123 seri·
799 2073 871 2121 nium
896 2071 1101 2120 accuratissime
1126 2072 1247 2116 vetemm
1273 2065 1339 2114 scri-

209 2151 251 2201 bit
267 2145 423 2206 Eiehwald,
447 2145 487 2194 ita
505 2149 535 2192 ut
557 2141 690 2207 hodieque
707 2157 751 2190 ve·
801 2147 905 2206 pteram
927 2139 1085 2189 testimonia
1101 2137 1135 2186 de
1153 2135 1221 2184 mari
1240 2133 1338 2198 Caspio

210 2219 294 2282 stipis
311 2216 383 2267 alvei
400 2214 528 2278 cognosci
545 2213 667 2276 possint,
686 2215 751 2260 ὀιιιιι
801 2209 904 2260 retulit.
940 2209 1030 2272 Magis
1054 2205 1089 2256 ad
1112 2203 1278 2254 Herodotum
1300 2203 1339 2252 la-

210 2304 281 2340 nunc
295 2288 369 2336 Oxus
380 2283 413 2348 (ιι.
428 2285 491 2332 Auru
504 2284 597 2344 Durja,
611 2297 690 2346 quem
703 2296 750 2344 pro
801 2281 877 2330 ciunt
897 2275 1036 2328 Aristotel.
1060 2273 1200 2324 Meteorol.
1221 2271 1263 2334 11,
1278 2272 1290 2320 l
1311 2275 1339 2320 et

211 2359 300 2410 Araxe
324 2354 417 2418 babet)
441 2357 516 2403 reeta
539 2353 585 2402 via
609 2352 638 2400 iu
663 2351 751 2399 lacum
800 2348 913 2400 Diodor.
942 2345 1025 2397 Sicnl.
1048 2342 1189 2401 xvr11,5
1216 2345 1244 2390 et
1270 2355 1339 2406 quae

212 2426 276 2480 Arsl
294 2443 324 2476 se
345 2423 479 2474 effundat:
503 2438 554 2486 quo
573 2421 633 2470 loeo
653 2419 751 2470 Araxis
801 2417 965 2483 Kephalides
976 2413 1125 2478 disputavit
1134 2411 1168 2459 de
1181 2409 1245 2460 hist.
1256 2409 1338 2474 Gasp.

211 2498 291 2549 huius
308 2495 372 2546 olim
389 2494 470 2544 luerit
485 2493 598 2551 ostium,
623 2489 661 2539 ibi
680 2504 751 2538 nuno
801 2503 868 2538 mar.
890 2503 916 2552 p.
931 2488 974 2535 65.
1001 2483 1072 2531 Hinc
1091 2479 1263 2530 Ptolemaeus
1286 2479 1339 2544 pri-

212 2582 316 2634 qnoque
335 2564 409 2614 cerui
428 2560 546 2623 insulas,
570 2558 750 2618 Tscheleken,
802 2573 860 2608 mus
875 2557 959 2606 lertur
969 2553 998 2600 iu
1011 2549 1110 2599 tabulis
1123 2554 1235 2598 notasse
1247 2563 1340 2597 verum

213 2632 433 2702 Ogurtsohinski,
444 2631 513 2682 alias
523 2635 587 2680 ante
597 2629 689 2694 Caspii
698 2643 752 2676 ma·
802 2627 930 2678 ambitum
939 2621 1018 2670 huius
1031 2619 1122 2668 maris.
1135 2645 1170 2654 —-
1183 2617 1262 2667 Conf.
1276 2619 1340 2666 Bre-

213 2708 251 2758 ris
268 2706 355 2756 sinum
373 2699 542 2753 Krasncwcd
559 2701 636 2750 sitas.
803 2697 863 2747 dov.
890 2687 1038 2752 Uranolog.
1067 2703 1129 2752 pag.
1155 2687 1260 2736 XXVII
1283 2701 1340 2750 seq.

249 2765 279 2824 ἒν
304 2776 377 2824 τοῖσι
405 2762 582 2834 ἀνθρώπους
609 2762 754 2828 κατοικῆ-
805 2769 831 2816 st
843 2775 910 2826 quae
924 2773 1009 2820 nuper
1023 2757 1056 2806 de
1066 2756 1109 2806 his
1123 2755 1250 2805 disseruit
1260 2754 1336 2804 Alex.

216 2843 295 2910 σθαι]
315 2845 361 2896 Sic
373 2841 497 2892 meliores
508 2839 581 2889 libri.
604 2837 692 2901 Vulgo
705 2848 754 2883 κα-
804 2834 838 2883 ab
856 2825 1016 2878 Humboldt:
1039 2825 1104 2874 Asie
1122 2823 1243 2874 centrale
1261 2823 1297 2872 11.
1313 2839 1340 2887 p.

216 2916 319 2967 τοικεῖ
324 2912 403 2962 σθαι.
417 2938 452 2948 -
474 2909 517 2960 Ad
536 2905 703 2973 νομιζοντας
726 2903 755 2950 in
806 2901 853 2949 llil
866 2913 922 2960 seq.
935 2923 969 2932 -
985 2894 1026 2944 Ad
1038 2893 1201 2942 locutionem
1215 2882 1259 2939 ἐπ’
1274 2881 1342 2938 ἔων·

216 2999 289 3074 seqq.
308 2984 346 3034 cf.
365 2983 387 3044 I,
404 2981 463 3033 130.
803 2966 852 3030 της
866 2965 938 3015 ocul.
951 2963 1052 3013 Herod.
1066 2963 1087 3023 l,
1101 2963 1151 3012 142
1168 2961 1260 3025 ibique
1271 2963 1340 3010 nott.

252 3068 309 3120 ρεει
334 3045 383 3102 διὰ
408 3044 552 3112 καθαροῦ]
592 3037 754 3098 wesseling.
839 3027 891 3098 τὴν
906 3023 1023 3096 μὲνγὰρ
1032 3021 1167 3094 Ἕλληνες
1179 3027 1342 3077 ναυτίλλον-

217 3123 336 3192 suppleri
352 3122 427 3173 iubet
444 3110 547 3178 τόπου,
567 3119 597 3162 ut
612 3107 686 3158 fluvii
703 3105 754 3152 hoc
803 3119 849 3153 ται
864 3099 969 3166 πᾶσαν]
990 3101 1098 3150 Iudicat
1114 3114 1196 3158 ruore,
1215 3097 1286 3164 qnod
1303 3097 1343 3146 iu-

218 3197 317 3248 ostium
336 3208 418 3242 unum
433 3187 601 3249 intelligatur
618 3192 667 3240 per
685 3175 754 3223 mint·
805 3181 848 3226 tra
865 3171 1003 3223 columnas
1020 3169 1169 3220 Herculeas
1189 3171 1244 3226 est,
1266 3167 1343 3216 medi·

217 3284 254 3317 mg
266 3263 389 3316 turbidum
404 3267 430 3310 21
440 3261 548 3309 ιῑῃιοειαιι
558 3249 624 3306 labi,
640 3260 700 3294 oum
715 3259 755 3292 re·
804 3253 946 3295 terraneam
962 3256 1049 3300 mare,
1070 3239 1140 3306 quod
1159 3252 1241 3302 snpra
1257 3237 1280 3296 1,
1293 3236 1343 3286 185

216 3337 291 3402 liqna
306 3333 378 3384 ostia
388 3332 417 3380 iu
428 3324 539 3392 paludes
552 3323 703 3380 stagnaque
717 3311 755 3362 lu·
806 3312 947 3364 dicebatur
964 3297 1018 3373 ἥδε
1037 3301 1054 3372 ἡ
1072 3301 1216 3370 θάλασσα,
1232 3306 1345 3357 Graecia

218 3412 281 3456 tosa
303 3401 470 3452 evolvantur.
503 3391 549 3439 Sic
571 3385 643 3436 iulra
661 3383 708 3444 IV,
722 3381 755 3432 53
806 3382 921 3433 maxime
934 3385 999 3428 nota
1010 3383 1038 3428 et
1050 3379 1189 3442 navigata.
1218 3375 1345 3440 Sequitur

220 3476 254 3526 de
272 3470 449 3535 Borysthene:
464 3451 531 3522 1ῥέει
550 3469 578 3504 τε
596 3441 756 3512 καθαρὸς
805 3455 859 3504 iam
878 3449 992 3500 Oceanus
1012 3447 1155 3496 Atlanticus
1180 3445 1238 3494 sive
1262 3456 1344 3502 mare,

220 3535 297 3604 παρὰ
311 3535 464 3596 θολεροῖσι.
490 3529 579 3590 Quare
591 3538 645 3572 non
656 3521 755 3586 placet,
808 3520 878 3588 quod
900 3524 978 3569 extra
994 3515 1121 3567 Herculis
1139 3513 1277 3564 columnas
1294 3515 1345 3571 est,

239 3611 302 3664 uod.
315 3599 465 3665 Schweigh.
479 3587 528 3646 διὰ
540 3589 673 3655 καθαροῦ
687 3607 756 3640 οοιιι-
806 3610 838 3643 so
858 3590 972 3654 denique
987 3586 1100 3636 Oceanus
1111 3584 1231 3635 ααατοίίι
1248 3595 1270 3630 ο.
1292 3594 1346 3628 ma-

221 3681 324 3735 mcdius
339 3670 558 3735 intelligiputat:
576 3663 700 3726 per-loca,
717 3659 759 3708 ubi
808 3677 889 3728 gnum
911 3657 985 3708 istud
1006 3671 1096 3716 mare,
1121 3650 1192 3718 quod
1213 3649 1306 3699 Asiam
1329 3663 1348 3695 a

221 3753 309 3802 mellum
317 3738 612 3801 obstatinpedimoulreu.
626 3729 757 3790 coll.VIl‚
809 3729 919 3782 meridie
937 3726 1028 3787 alluit,
1047 3725 1167 3775 Africam
1179 3719 1213 3770 ab
1233 3719 1347 3776 oriente,

224 3819 271 3872 183
289 3821 316 3866 et
332 3809 468 3874 Aristoph.
488 3805 595 3856 Eccles.
612 3802 672 3852 320.
810 3799 933 3865 quodque
948 3796 1058 3846 Ιιιιίίσιιιιι
1076 3793 1159 3856 vulgo
1176 3792 1290 3839 vocatur
1308 3791 1347 3834 at-

255 3877 273 3951 ἡ
297 3876 328 3932 δὲ
350 3877 463 3941 Κασπίη
490 3863 620 3924 θάλασσά
640 3859 696 3920 ἔστι
718 3855 759 3916 ἔπ’
810 3885 861 3936 que
878 3867 913 3918 ab
924 3863 1063 3916 Herodoto
1081 3859 1251 3912 orientalium
1266 3855 1349 3906 homi-

221 3949 327 4019 ἑωυτῆς
339 3967 364 4002 κ.
375 3967 398 3999 τ.
409 3946 442 4014 λ.]
458 3947 533 3998 Satis
545 3944 611 3993 haec
624 3941 761 3998 evincunt,
809 3955 873 3988 uum
887 3952 919 3988 ox
929 3951 1001 3985 more
1014 3933 1113 3983 dicitur
1125 3921 1142 3994 ἡ
1154 3918 1282 3993 Ἐρυθρὴ
1294 3925 1346 3988 (sc.

223 4025 321 4078 eximia
338 4022 466 4072 Nostrum
482 4015 560 4064 huius
578 4012 659 4063 maris
676 4009 761 4060 scien·
812 3999 953 4070 θάλασσα)
971 4003 1031 4068 pari
1049 4001 1126 4052 modo
1144 4004 1224 4063 atque
1243 3995 1285 4056 11,
1305 3993 1347 4043 ll.

223 4097 263 4146 tia
282 4107 346 4159 prae
368 4088 466 4140 ceteris
484 4085 569 4134 luisse
589 4083 760 4130 instructum.
813 4075 876 4138 102,
899 4079 972 4124 recte
990 4076 1113 4122 monente
1131 4067 1153 4118 1.
1172 4067 1304 4118 Seemann
1320 4063 1349 4110 iu

224 4167 293 4216 Nam
308 4160 404 4226 reliqui
422 4156 568 4220 scriptores
585 4150 648 4200 iude
665 4147 762 4198 abHe-
813 4148 879 4197 diss.
899 4144 933 4193 de
951 4142 1031 4192 rebus
1049 4141 1134 4206 gestis
1152 4137 1271 4187 Arabum
1289 4130 1349 4195 (Be-

225 4239 321 4286 cataeo
338 4228 444 4280 Milesio
467 4223 574 4289 (eontra
596 4235 673 4285 quem
695 4217 763 4266 haee
812 4210 983 4267 relisisse]
1004 4227 1031 4275 p.
1043 4213 1069 4260 A.
1096 4209 1133 4258 Et
1150 4205 1212 4256 vide
1231 4203 1269 4253 sis
1287 4215 1350 4265 quo·

225 4307 286 4368 ipsa
302 4301 338 4351 ab
356 4295 496 4348 Herodoto
519 4291 622 4354 scripta
639 4286 764 4337 videntur
814 4301 864 4350 que
878 4283 913 4332 ad
930 4281 980 4343 1‚1
998 4284 1067 4330 nott.
1080 4283 1107 4328 et
1121 4276 1155 4326 ad
1170 4275 1193 4336 1,
1208 4273 1350 4329 resnou,

226 4369 374 4438 Klauscnio
384 4365 420 4420 ad
429 4363 562 4417 Hecataei
575 4361 672 4427 fragm.
683 4352 763 4424 p.92)
814 4355 860 4406 ubi
878 4352 912 4404 de
929 4351 1008 4404 brrius
1027 4348 1108 4400 maris
1127 4349 1218 4414 parte,
1239 4339 1352 4392 desino
