3086 4932
264 221 326 284 206
697 223 965 286 HERODOTI

263 398 332 464 τῶν
354 421 389 464 τε
404 399 603 481 Αἰγυπτίων
623 402 733 488 ἔργων
753 399 809 467 καλ
829 403 897 468 τοῖν
911 400 1150 488 Βαβυλωνίων.
1185 403 1254 468 ἔστι
1276 396 1388 471 αὐτόθι

259 499 443 573 Ἀλυάττεω
465 507 525 571 τοῦ
539 509 687 590 Κροίσου
712 500 835 591 πατρός
855 508 960 592 σῆμα,
987 506 1047 572 τοῦ
1067 496 1088 590 ἡ
1109 503 1228 590 κρηπὶς
1246 507 1309 592 μέν
1329 507 1388 574 ἐστι

264 614 374 677 λίθων
393 604 564 695 μεγάλων,
584 603 621 674 τό
640 606 677 674 δὲ
697 603 779 675 άλλο
798 611 886 694 σῆμα
908 609 1000 694 χιόμα
1019 609 1089 694 γῆς.
1125 605 1343 694 ἐξεργάσαντο
1357 611 1426 678 δέλὸ

263 739 322 800 μιν
336 715 372 780 ολ
389 707 540 800 ἀγοραῖοι
564 706 757 800 ἅνθρωποι,
783 710 838 778 καὶ
859 714 894 779 ολ
910 706 1146 798 χειρώνακτςς,
1169 711 1225 778 καὶ
1247 715 1285 779 αἱ
1303 714 1387 802 ἐνερ-

263 877 382 943 Alyattis
406 877 531 944 sepulcro
553 877 608 928 vid.
631 877 660 928 in
678 879 806 928 Excursu
856 881 990 928 structum
1015 877 1100 926 fuisse
1122 876 1254 928 tumulum
1271 895 1389 944 magnum

264 949 344 1000 adh.
363 949 381 998 l.
402 947 805 1012 Similitudinembuiussepul-
855 951 929 997 terra
960 951 1120 1012 congestum
1156 948 1209 997 erit
1241 948 1389 1000 dicendum:

263 1020 302 1068 cri
320 1034 379 1068 curn
399 1018 432 1066 iis
451 1017 592 1082 sepulcris,
603 1032 673 1082 quae
687 1017 714 1066 iu
729 1018 806 1067 bore·
856 1018 909 1066 nisi
926 1017 967 1067 ita
986 1018 1077 1082 potius
1095 1032 1151 1067 rem
1169 1019 1338 1082 constituas,
1362 1025 1388 1070 nt

264 1089 485 1152 alibusEurcpae
499 1087 654 1152 regionibus
664 1087 805 1138 inveniun-
856 1088 1019 1152 superiorem
1039 1086 1136 1136 tumuli
1147 1092 1252 1152 partem
1268 1086 1388 1153 κρηπῖδι,

262 1164 315 1220 tur,
335 1158 442 1208 notavit
469 1159 557 1208 Kruse
584 1159 612 1207 in
640 1157 803 1222 Buesching.
856 1157 873 1208 i.
895 1173 919 1208 e.
938 1157 1081 1222 grandium
1105 1156 1226 1221 lapidum
1243 1174 1319 1208 muro
1337 1163 1390 1209 tan·

262 1227 420 1278 Naclrricht.
439 1227 487 1290 1v‚
504 1230 530 1278 4.
551 1243 579 1291 p.
602 1227 662 1278 280.
687 1227 729 1278 Ad
753 1229 805 1277 lor·
855 1243 936 1292 quam
952 1242 1052 1278 corona
1075 1225 1270 1292 (Μααενλτιιπτ,
1292 1229 1391 1279 Maner-

263 1313 333 1347 ruam
355 1298 434 1347 buius
457 1298 624 1347 monumenti
647 1297 805 1361 sepulcralis
855 1297 1022 1363 Eirrsaesung)
1042 1296 1238 1348 circumdatam
1257 1298 1340 1348 luisse
1357 1297 1391 1348 di-

262 1369 393 1427 conicam,
406 1371 437 1417 ut
450 1367 534 1430 aiunt,
543 1367 646 1416 attendi
661 1367 741 1416 iussit
756 1367 806 1416 Mi-
856 1381 903 1416 cas
935 1367 1013 1432 eique
1043 1383 1120 1416 muro
1148 1372 1277 1433 tanquam
1303 1367 1391 1418 lunda-

262 1437 363 1487 nntoli:
378 1437 533 1502 Nachtriige
551 1452 585 1486 zu
604 1452 626 1486 s.
642 1436 723 1488 Reise
740 1452 804 1502 pag.
855 1441 945 1486 mento
956 1437 1112 1501 impositum
1122 1436 1209 1501 ipsum
1221 1435 1303 1502 σῆμα.
1316 1439 1391 1490 Nam·

265 1507 314 1556 103
334 1511 406 1570 not.,
431 1507 531 1571 quippe
559 1521 628 1571 quae
658 1506 753 1556 eadem
776 1507 804 1554 in
856 1521 908 1571 que
926 1506 1083 1557 observavit
1100 1507 1198 1557 Texier
1216 1505 1234 1557 i.
1253 1508 1286 1570 l.,
1308 1507 1335 1558 in
1352 1523 1391 1558 su-

262 1576 442 1627 rnonumentis
473 1575 693 1641 septentrionalis
718 1577 804 1626 Euro-
854 1575 963 1641 perlicie
985 1576 1082 1627 tumuli
1105 1576 1194 1627 adbuc
1218 1578 1290 1628 cerni
1318 1579 1391 1628 basin

261 1663 313 1711 pae
331 1647 481 1712 reperiatur
499 1646 648 1712 similisque
670 1650 744 1696 certe
767 1647 804 1696 sit
854 1645 990 1712 quandam
1006 1645 1154 1713 grandibus
1177 1647 1313 1712 lapidibus
1333 1663 1391 1698 con-

262 1717 432 1781 pyremidum
459 1716 576 1780 formae,
600 1731 713 1781 quarum
732 1717 803 1781 ipss·
854 1721 985 1779 stantem,
1010 1732 1061 1766 nec
1078 1715 1159 1782 longe
1183 1717 1246 1768 inde
1264 1722 1410 1769 remotum.

260 1803 319 1837 rum
335 1803 400 1837 usus
419 1786 472 1838 fuit
495 1787 530 1836 ad
555 1787 678 1852 sepulcra
698 1802 801 1852 regum.
854 1787 944 1837 iacere
953 1786 1069 1852 lapidem
1080 1787 1247 1850 immensum,
1257 1788 1303 1854 qui
1313 1787 1392 1852 phalli

262 1858 315 1908 Sed
333 1857 365 1907 de
384 1857 426 1906 bis
448 1856 631 1922 sepulcrorum
650 1857 743 1907 formis
761 1861 802 1907 tu·
854 1856 968 1907 formam
978 1861 1177 1922 repraesentet:
1191 1873 1270 1922 quem
1282 1857 1391 1908 eundem

261 1927 393 1992 mulisque
418 1925 509 1991 plura,
532 1926 584 1977 boc
609 1943 715 1992 quoque
742 1925 802 1977 loco
854 1927 935 1977 etiam
959 1925 1029 1976 vidit
1045 1926 1193 1977 Prokeecb.
1218 1927 1237 1979 l.
1260 1927 1279 1979 l.
1319 1928 1391 1978 Idem

261 1998 359 2059 accito,
372 1998 463 2062 Zoega
475 1996 509 2047 de
521 1995 655 2048 Obeliscc.
667 2013 731 2064 pag.
740 1995 801 2048 338.
853 2012 960 2062 quoque
977 2013 991 2047 e
1014 1997 1194 2047 recentiorum
1209 1997 1390 2064 peregrinato-

262 2067 322 2118 330.
852 2083 912 2116 rum
935 2066 1092 2118 narratione
1111 2067 1204 2118 retulit
1218 2068 1327 2118 Curtius
1345 2068 1392 2119 Ar·

296 2130 353 2185 ἔστι
371 2123 478 2183 αὐτόθι
494 2123 641 2184 Ἀλυάττεω
652 2132 705 2185 τοῦ
715 2133 802 2200 Κροί-
855 2136 995 2202 cbaeolog.
1012 2137 1081 2187 Zeit.
1099 2137 1148 2187 XI.
1169 2154 1195 2203 p.
1217 2139 1276 2192 153.

261 2217 313 2254 σον
338 2194 445 2268 πατρὸς
464 2199 552 2268 σῆμα,
581 2200 634 2254 τοῦ
657 2195 675 2268 ἡ
698 2200 803 2270 κρηπὶς
889 2200 920 2255 ol
939 2199 1070 2271 ἀγοραῖοι
1091 2197 1260 2272 ἄνθρωποι,
1289 2203 1336 2258 καλ
1365 2203 1394 2257 cl

260 2270 312 2339 μὲν
334 2265 391 2323 ἐστι
417 2288 443 2322 κ.
467 2287 490 2322 τ.
518 2270 554 2338 t]
588 2273 689 2324 Vocem
717 2273 801 2340 σῆμα,
852 2267 1046 2360 χειρώνακτες]
1066 2276 1164 2328 Strabo
1182 2277 1200 2327 1.
1219 2276 1238 2329 l.
1257 2308 1291 2318 -
1314 2275 1394 2342 χιόμα

260 2359 341 2410 quam
374 2344 486 2406 sepulcri
513 2343 624 2393 notione
653 2344 800 2408 accipiunt,
851 2335 1399 2430 μὲγαέργασιοεν,ιιί’ςφησινἩρόδοτος,τ

260 2413 379 2478 explicat
405 2411 545 2462 Thierscb.
573 2429 601 2478 p.
628 2412 679 2465 397
709 2414 800 2464 allatis
851 2405 909 2465 ὑπὸ
929 2414 981 2465 τοῦ
998 2408 1129 2480 πλήθους
1147 2413 1196 2480 τῆς
1213 2407 1333 2478 πόλεως,
1358 2429 1391 2464 ου

259 2483 327 2534 locis
354 2481 519 2544 Homericis,
548 2483 618 2533 unde
645 2487 721 2548 patet
747 2483 801 2534 dici
851 2478 884 2536 τό
914 2485 1046 2536 πλεῖστον
1074 2480 1157 2550 ἔργον
1185 2477 1218 2534 αἱ
1243 2481 1391 2534 παιδίσκαι

259 2553 366 2619 proprie
385 2553 491 2617 signum
516 2553 543 2601 in
563 2557 729 2604 mortuorum
747 2569 800 2604 me·
851 2553 1048 2617 συνετέλεσαν,
1076 2551 1146 2621 λέγει
1164 2545 1192 2604 δ’
1212 2546 1318 2611 ἐκεῖνος
1343 2551 1392 2604 καλ

260 2625 372 2674 moriam
390 2627 508 2672 erectum
527 2622 615 2688 iisque
632 2624 710 2688 quasi
728 2623 800 2674 diea—
850 2617 1045 2692 πορνεύεσθαι
1063 2618 1169 2684 πάσας·
1198 2619 1271 2683 τινὲς
1294 2617 1326 2673 δὲ
1344 2619 1393 2674 καλ

259 2699 326 2744 tum.
358 2693 529 2757 Quapropter
551 2707 605 2743 non
632 2698 703 2756 erat,
728 2693 799 2759 quod
850 2686 960 2760 πόρνης
980 2691 1077 2760 μνῆμα
1091 2691 1201 2760 λέγουσι
1221 2687 1271 2744 τὸν
1289 2685 1392 2758 τάφον.

258 2765 365 2814 Movere
388 2762 517 2813 Phoeniz.
541 2761 564 2812 1.
587 2779 614 2828 p.
637 2761 688 2814 076
713 2763 800 2828 sepul·
850 2765 882 2814 1n
901 2764 1034 2816 Herodoti
1057 2764 1118 2816 loco
1142 2759 1172 2814 ol
1187 2755 1319 2830 άγοραλοι
1342 2753 1392 2814 άν-

258 2850 332 2884 crum
348 2848 408 2884 esse
424 2835 544 2898 negaret.
583 2831 661 2895 Quod
679 2835 800 2899 sequitur
850 2832 1170 2898 θρωποισίνεαιηῙονανιί
1184 2839 1247 2885 σουλ
1260 2833 1392 2898 homines,

258 2901 376 2969 κρηπὶς,
394 2901 528 2952 Herodoti
539 2901 607 2954 locis
620 2902 724 2954 duobus
738 2903 798 2954 aliis
847 2905 976 2968 forenses,
1002 2920 1114 2970 quorum
1134 2909 1197 2954 sunt
1214 2899 1307 2969 τέχναι
1326 2895 1393 2968 ιἰγο-

257 2975 279 3036 1,
299 2975 359 3026 185.
378 2972 480 3036 11,170
500 2971 620 3022 declarat
639 2974 797 3037 crepidines,
850 2976 940 3039 ραῖοι,
959 2978 1029 3024 teste
1046 2973 1157 3024 Polluce
1170 2973 1312 3024 Onomast.
1325 2973 1392 3024 VII.

257 3033 339 3107 ονδικ,
364 3057 434 3106 quae
457 3041 568 3091 fluvium
587 3057 610 3094 s.
629 3041 718 3093 lecum
744 3044 798 3094 cin·
850 3043 914 3107 §.o
951 3043 1019 3093 Inde
1038 3043 1117 3094 turbs
1135 3044 1250 3094 forensis
1268 3045 1308 3093 its
1326 3043 1394 3094 dici-

257 3113 311 3177 git3
340 3111 388 3162 sed
409 3111 541 3161 hocloco
565 3111 637 3163 όσείιι
659 3128 682 3162 ε.
702 3113 797 3176 sunda·
849 3117 893 3163 tur
917 3127 949 3164 ac
971 3111 1027 3162 vile
1050 3113 1186 3164 hominum
1208 3129 1309 3180 genus3
1333 3113 1393 3164 rid.

256 3190 358 3232 νιεκλιινι
380 3195 438 3231 esse
466 3179 607 3231 contendit
631 3181 760 3232 Thiersch
783 3199 797 3233 e
848 3181 979 3234 Herodot.
998 3182 1036 3245 11,
1056 3181 1099 3235 35.
1119 3183 1185 3246 141,
1202 3183 1250 3233 ubi
1267 3175 1394 3247 κάπηλοι

256 3250 378 3317 pluribus
400 3249 460 3300 eliis
484 3249 551 3305 loeis
569 3249 675 3314 allatis,
700 3251 797 3317 quibus
849 3258 877 3303 et
901 3244 1085 3318 χειρώνακτες
1114 3257 1258 3303 occurrunt
1280 3267 1394 3317 prorsus

256 3322 326 3372 adde
344 3336 414 3388 quse
432 3320 460 3370 in
479 3319 560 3370 Thes.
580 3321 661 3387 Ling.
683 3321 729 3373 Gr.
747 3322 795 3372 1v.
848 3322 941 3373 uthoc
959 3322 1034 3384 loeo,
1054 3323 1173 3388 itemque
1189 3323 1395 3372 substantivum

256 3408 283 3458 p.
299 3391 367 3444 1504
384 3389 476 3440 attulit
488 3389 520 3442 G.
534 3389 663 3454 Diodori,
685 3393 797 3457 ipseque
846 3389 1015 3457 χειρωναξίη
1027 3391 1064 3455 11,
1082 3391 1140 3442 107.
1170 3393 1311 3443 Pertinent
1323 3391 1395 3442 haec

256 3463 397 3514 Strabonis
428 3461 597 3511 Herodotum
625 3461 796 3526 respicientis
845 3461 980 3514 vocabula
1002 3461 1036 3512 ad
1062 3461 1172 3527 opifices
1199 3477 1299 3527 eosque
1323 3461 1395 3512 inie-

254 3533 331 3584 locus
346 3531 450 3582 iudicat
468 3529 536 3582 XIII
559 3531 585 3580 4.
601 3547 627 3596 p.
641 3531 706 3582 627:
725 3523 798 3596 πρὸς
845 3531 925 3583 riorls
954 3531 1130 3592 conditionis,
1162 3533 1209 3597 qni
1243 3529 1394 3582 illiberales

255 3597 286 3654 δὲ
303 3605 364 3660 ταῖς
377 3593 520 3664 Σάρδεσίν
535 3567 591 3651 lou
607 3591 639 3649 τὸ
656 3598 709 3650 τοό
722 3592 795 3650 ’Alv-
846 3605 971 3652 exercent
999 3606 1071 3652 artes
1093 3600 1311 3667 sellulariasque‚
1344 3601 1396 3666 qui

253 3665 339 3722 άττου
357 3661 403 3720 iul
421 3685 454 3732 κρ
477 3667 562 3728 πὶδος
584 3660 698 3752 ὑψηλῆς
715 3667 796 3736 χῶμα
846 3673 902 3722 suis
920 3672 1040 3737 ipsorum
1056 3671 1179 3722 manibus
1198 3687 1266 3736 opus
1284 3671 1396 3721 iaciunt

254 3738 337 3806 μέγα,
358 3685 498 3804 ἕργασλόδν
516 3727 555 3796 σός
573 3751 662 3804 φησιν
682 3731 795 3804 Ηρόδο-
845 3741 982 3807 vitamque
1001 3741 1054 3791 sibi
1072 3745 1236 3792 sustentant.
1260 3741 1302 3791 Tu
1315 3739 1395 3792 coni.

254 3824 303 3866 τος
321 3824 346 3857 κ.
358 3823 382 3857 τ.
394 3807 463 3856 1.-
480 3805 560 3873 χοῖμα
572 3807 606 3859 δε
623 3813 695 3860 terra
711 3809 795 3858 meni·
844 3811 949 3862 Polluc.
968 3811 1064 3862 Onom.
1083 3811 1110 3875 1,
1130 3811 1172 3862 50.
1192 3811 1234 3873 11,
1258 3810 1304 3862 151
1326 3809 1395 3862 οοΙΙ.

253 3878 304 3930 bue
328 3875 455 3941 adgesta,
486 3893 556 3942 quse
578 3878 641 3929 inde
663 3879 794 3930 tumulum
845 3880 947 3944 v11,7.
984 3879 1063 3946 Apud
1075 3879 1237 3946 Aeschylum
1249 3878 1394 3930 Prometh.

254 3945 410 4006 constituit,
428 3945 499 3996 idem
514 3947 653 3998 Thierscb.
667 3953 739 4000 recte
755 3949 794 3998 iu·
845 3949 929 4001 vinct.
949 3951 982 4002 45
1004 3949 1098 4001 eodem
1118 3949 1174 4000 iere
1192 3965 1273 4002 sensu
1290 3963 1395 4014 χειρω-

253 4016 352 4082 telligit
374 4013 505 4080 offertque
523 4017 696 4068 Homericum
721 4014 795 4082 σῆμα
845 4017 944 4084 ναξία,
970 4021 1018 4071 ubi
1041 4019 1120 4086 plura
1144 4019 1281 4086 congessit
1298 4018 1396 4069 Blom-

252 4083 332 4152 χεόαι
351 4099 384 4134 ex
402 4083 481 4133 Iliad.
500 4085 604 4149 XXIII,
617 4085 659 4138 75.
696 4087 794 4152 Itaque
844 4087 917 4142 field.
936 4090 964 4139 in
983 4089 1105 4142 Glossar.
1120 4105 1184 4156 pag.
1201 4090 1236 4140 82
1254 4087 1296 4139 ed.
1310 4088 1394 4153 Lips.

252 4155 414 4208 Strabonem
426 4153 449 4201 si
461 4153 609 4218 sequimur,
629 4159 794 4208 monumenti
844 4157 914 4210 ade.
935 4159 1031 4210 Grauff
1051 4160 1086 4210 ed
1109 4159 1224 4210 Lucieni
1247 4159 1397 4210 Somnium

252 4226 331 4278 basin
353 4218 502 4288 (κρηπῖδα)
528 4223 677 4286 grandibus
697 4225 793 4290 lepidi·
843 4243 907 4294 pag.
928 4227 976 4280 188
994 4234 1021 4279 st
1033 4229 1173 4280 Thierseb.
1187 4229 1205 4279 1.
1219 4227 1238 4279 1.
1256 4243 1319 4294 pag.
1334 4227 1396 4278 402

252 4298 302 4350 bur
320 4291 476 4346 constitisse
493 4289 589 4358 hisque
613 4293 679 4358 ipsis
702 4310 793 4361 super·
844 4311 930 4364 seqq„
949 4298 996 4365 qui
1011 4290 1080 4356 τοόε
1091 4291 1281 4365 λειριόνακτας
1300 4297 1397 4365 (opili-
