3020 4930
481 313 547 376 sn
572 313 826 378 Ennomon.
846 317 889 392 11,
909 323 952 380 se.
1220 311 1282 378 859

156 489 275 560 singuiis
293 489 347 542 diis
365 505 542 560 promouere
559 491 627 541 sunt
643 488 775 542 attributa
796 491 837 560 (u.
850 509 874 544 e.
893 505 982 558 arma,
1000 495 1152 562 sceptrum,
1170 491 1282 562 tulmen,

156 576 237 644 elia),
260 579 385 645 spectare
397 577 481 643 patet.

242 661 298 714 Ism
316 659 357 712 his
376 659 495 727 singuiis
514 656 672 728 explicatis,
696 675 767 728 quse
783 657 895 712 Homeri
913 663 995 730 atque
1011 662 1126 715 Hesiodi
1147 661 1230 733 opert
1254 664 1282 716 in

157 749 324 801 Graecorum
342 743 476 812 religione
495 744 593 796 effecte
605 743 691 796 tradit
705 744 880 812 Herodotus,
902 747 1045 816 quaeritur
1060 747 1191 818 denique,
1216 749 1283 802 hnec

156 834 218 903 ipse
233 847 297 884 num
313 831 342 882 in
361 836 507 898 utrumque
523 833 630 897 poetam
650 845 738 898 neque
753 830 825 882 bene
848 831 936 882 omnia
953 831 1126 883 conveniant.
1158 833 1284 887 Affirmet

157 915 289 970 Muetzeil
304 914 323 967 i.
336 931 421 984 supra
432 912 451 965 1.
470 932 496 983 p.
509 919 569 979 358,
588 929 679 984 neque
697 930 764 966 sene
774 913 935 968 Herodotus
950 915 980 968 in
992 915 1034 968 his
1054 915 1173 983 siugulis
1193 919 1283 972 decla-

157 1000 251 1058 randis
269 1000 352 1053 ullum
371 998 514 1052 discrimen
534 999 635 1051 iecisse
652 997 774 1068 videtur,
798 998 847 1052 sed
864 1000 904 1052 ite
915 1000 1088 1070 disposuisse
1099 1001 1179 1069 hoec,
1203 1011 1234 1056 ut
1248 1005 1282 1058 sd

157 1094 304 1156 utromque
314 1087 420 1155 poetam
430 1085 557 1136 referret.
581 1084 612 1135 In
628 1083 791 1151 Theogonis
807 1101 890 1154 sene,
912 1091 943 1138 ιιι
959 1087 1012 1138 iem
1028 1102 1114 1155 snpra
1124 1087 1231 1154 monui,
1249 1091 1283 1143 ad

157 1171 308 1226 Hesiodum
324 1169 440 1238 eiusque
456 1185 563 1220 carmen
580 1169 738 1238 respexisse
751 1170 873 1237 ridetur,
897 1171 971 1240 quod
989 1171 1080 1241 ipsum
1097 1172 1130 1224 eb
1141 1171 1283 1226 Herodoto

157 1273 251 1310 verum
263 1254 378 1308 Hesiodi
394 1271 464 1322 opus
476 1253 594 1306 hobitum
611 1254 699 1306 fuisse
712 1254 756 1306 vel
771 1271 804 1308 ex
821 1253 945 1308 hocloco
961 1255 1100 1324 colligam,
1124 1255 1186 1309 aliis
1203 1257 1284 1313 aliter

158 1340 359 1406 statuentibus,
387 1338 434 1408 qui
452 1343 524 1390 teste
539 1337 679 1390 Pausania
690 1337 736 1406 IX,
749 1344 793 1398 31.
816 1342 841 1404 s.
860 1344 878 1398 4
895 1341 1005 1393 unicum
1023 1341 1056 1392 de
1076 1359 1157 1410 opere
1178 1344 1282 1396 rustico

156 1442 263 1478 carmen
283 1425 317 1476 ab
337 1423 459 1476 Hesiodo
477 1423 538 1491 ipso
557 1425 708 1493 profectum
732 1442 794 1476 esse
818 1426 996 1478 contendunt.
1025 1426 1125 1495 Neque
1140 1443 1207 1479 vero
1223 1428 1282 1480 Ho-

154 1509 221 1563 meri
243 1509 375 1576 carmina,
396 1509 424 1560 in
443 1507 544 1577 quibus
562 1509 633 1560 hund
652 1525 739 1577 panca
756 1510 790 1560 ed
806 1509 917 1562 deornm
935 1510 1129 1578 generationes
1147 1517 1282 1582 ortusque

156 1595 324 1665 pertinentia
342 1593 537 1660 inveniuntur,
555 1609 670 1663 prorsus
689 1593 800 1646 excluse
815 1593 896 1646 ¹veiim
915 1615 929 1648 e
946 1599 1034 1648 mente
1047 1595 1159 1662 Nostri,
1185 1597 1232 1666 qui
1252 1598 1281 1650 in

156 1679 283 1747 caeteris,
300 1679 319 1732 i.
328 1697 352 1731 e.
364 1678 393 1730 in
404 1677 448 1744 iia,
461 1693 531 1747 quae
547 1678 581 1730 ad
592 1672 757 1747 ἐπωνυμίας,
772 1673 862 1748 τιμὰς,
876 1677 971 1750 τέχνας
985 1685 1068 1751 etque
1080 1680 1156 1735 sidem
1169 1682 1282 1736 deorum

155 1769 295 1836 spectent,
317 1762 428 1816 Homeri
450 1763 569 1814 cerrnina
585 1763 756 1834 potissimum
772 1765 836 1816 mihi
852 1766 1009 1835 respexisse
1028 1766 1155 1833 videtur,
1176 1783 1235 1819 curn
1251 1767 1279 1820 in

153 1849 270 1904 Hesiodi
289 1847 465 1917 Theogonis,
483 1847 572 1918 qualis
590 1865 663 1900 nunc
679 1850 784 1918 fertur,
807 1849 841 1902 de
859 1849 901 1902 his
917 1867 1005 1920 penca
1024 1851 1125 1903 tradita
1143 1851 1279 1922 legentur,

155 1935 209 1988 nisi
220 1933 273 1986 alia
285 1933 406 1987 eiusdem
419 1936 517 2002 poetae
529 1933 655 2001 carmine,
673 1951 744 2004 qnae
762 1934 823 1987 oiirn
839 1936 1017 2003 ferebantur,
1039 1936 1175 1989 Herodoti
1192 1937 1280 1992 enimc

155 2022 302 2074 obversata
320 2037 382 2071 esse
400 2017 506 2086 credas,
527 2023 588 2087 aut,
611 2035 681 2087 quae
693 2019 844 2072 Muetzeiiii
864 2025 907 2072 est
925 2021 1017 2090 opinio
1036 2020 1053 2072 i.
1073 2039 1158 2091 supru
1172 2021 1206 2090 i.,
1223 2024 1280 2077 He-

155 2106 281 2159 rodotum
293 2103 480 2171 Theogoniam
497 2103 625 2156 habuisse
637 2107 719 2172 putes
731 2104 825 2157 saitem
838 2105 971 2158 honorum
987 2105 1172 2175 descriptione
1189 2107 1281 2178 aliqua

154 2209 188 2243 ex
203 2195 282 2259 perte
301 2187 440 2256 ditiorem,
463 2204 542 2258 quern
561 2205 632 2258 quae
648 2205 721 2240 nunc
742 2193 841 2242 exstat.
873 2190 997 2252 Quorum
1014 2195 1140 2243 nentrum
1152 2192 1215 2244 inihi
1233 2193 1280 2246 ed-

153 2275 259 2328 modum
275 2274 382 2344 piacera
399 2273 541 2342 profiteor.
571 2273 682 2325 Homeri
697 2273 785 2342 igitur
797 2279 879 2345 atque
893 2274 1007 2327 Hesiodi
1023 2275 1140 2328 carmina
1152 2293 1240 2347 aeque
1251 2279 1280 2330 in

153 2359 197 2413 his
215 2359 336 2412 valuisse
354 2375 414 2411 curn
431 2361 538 2426 statuo,
564 2375 618 2410 non
636 2356 797 2411 valdemihi
817 2360 902 2412 abiis
921 2361 1050 2414 recedere
1068 2361 1181 2429 videor,
1210 2379 1280 2432 quee

155 2445 188 2498 de
200 2445 333 2498 Herodoti
347 2442 406 2495 loco
419 2441 571 2511 disputavit
582 2441 685 2495 Prelier
702 2444 887 2515 (Griechisch.
900 2444 1054 2514 Mytholog.
1066 2445 1089 2498 Ι.
1109 2464 1136 2516 p.
1150 2451 1183 2507 13
1195 2448 1279 2518 seq),

153 2530 242 2584 nostri
266 2528 411 2599 scriptoris
429 2528 513 2578 verba
531 2527 654 2580 nonnihil
671 2529 865 2598 restringenda
883 2549 946 2583 esse
963 2535 1057 2612 retus,
1085 2548 1144 2583 curn
1162 2539 1281 2603 uterque

151 2619 233 2686 poeta
250 2614 358 2667 minime
377 2611 453 2665 solus
470 2611 499 2664 id
518 2613 626 2666 efficere
644 2613 780 2682 potuerit,
807 2616 882 2685 qnod
898 2617 932 2668 ub
948 2616 1044 2668 eodum
1063 2617 1191 2669 effectum
1212 2619 1239 2670 h.
1260 2617 1279 2672 i.

150 2701 255 2754 scribet
274 2697 451 2764 Herodotus,
480 2697 588 2768 aliaque
611 2697 690 2750 etiem
712 2699 830 2752 carmine
852 2700 1070 2770 praecesserint,
1099 2701 1127 2752 in
1150 2701 1200 2754 bec
1222 2707 1280 2756 tota

150 2785 316 2856 quaestione
337 2799 424 2852 aeque
445 2783 626 2852 respicienda.
658 2783 740 2846 Quod
761 2785 784 2836 si
804 2785 846 2838 vei
869 2786 982 2838 maxime
1003 2786 1192 2852 concedimus,
1216 2791 1280 2840 ente

153 2875 301 2938 utrumque
313 2871 417 2938 poetem
429 2867 479 2919 iam
493 2867 633 2920 exstitisse
646 2868 698 2920 eliu
716 2869 848 2938 carmina,
868 2871 934 2922 haec
945 2870 1006 2940 ipsa
1019 2871 1052 2921 ab
1065 2876 1183 2940 utroque
1198 2875 1280 2940 poete

152 2955 193 3006 ita
204 2953 325 3006 adhibite
336 2953 423 3005 inisse
436 2951 629 3021 existimamus,
649 2957 681 3005 ιιι
692 2959 808 3023 uterque
819 2961 900 3024 poeta
911 2971 968 3006 earn
977 2955 1092 3006 Graecis
1104 2953 1157 3005 diis
1169 2956 1280 3007 sormam

153 3057 185 3092 ac
196 3039 330 3107 speciem,
353 3053 407 3107 qne
423 3036 506 3105 vulgo
523 3037 700 3107 exhibentur,
724 3039 862 3092 dedidisse
874 3038 1014 3108 putandus
1029 3037 1079 3105 sit,
1101 3037 1168 3091 adeo
1181 3045 1212 3092 ut
1222 3040 1279 3093 He-

152 3124 244 3178 rodoti
269 3121 418 3176 auctoritas
441 3138 521 3192 qoam
543 3123 656 3176 maxime
678 3125 880 3193 comprobetur.
921 3123 977 3185 Qui
995 3122 1056 3193 ipse
1074 3125 1147 3177 unde
1166 3125 1279 3178 edoctus

150 3209 218 3261 telio
241 3209 275 3261 de
297 3207 415 3260 Homero
437 3207 607 3276 potissimum
631 3208 752 3260 scribere
775 3207 911 3278 potuerit,
938 3207 961 3258 si
982 3225 1114 3277 quaeres,
1137 3209 1166 3261 in
1188 3209 1280 3262 insuia

151 3294 231 3346 Samo
255 3291 477 3360 aCreophyliis,
506 3292 554 3361 qui
570 3292 604 3343 ab
620 3293 738 3346 Homero
763 3310 852 3360 genus
874 3293 1020 3360 ducerent,
1050 3293 1115 3345 haec
1138 3295 1278 3364 accepisse

150 3377 240 3432 videri
251 3383 353 3448 petrem
364 3376 494 3428 historice
507 3377 840 3445 observatLengebnsch:
858 3378 970 3430 Jabrbb.
983 3378 1009 3429 d.
1017 3377 1115 3431 Philol.
1124 3397 1151 3432 u.
1159 3380 1277 3448 Peedag.

150 3461 237 3516 LXII.
250 3481 277 3533 p.
290 3465 343 3521 373
357 3479 415 3530 seq.
449 3461 598 3514 Hesiodum
617 3480 696 3528 vero,
720 3480 799 3532 quem
818 3468 925 3515 centum
940 3465 998 3515 iere
1014 3464 1093 3515 annis
1103 3465 1279 3533 postHorne-

151 3565 210 3600 rum
222 3547 325 3600 vixisse
339 3545 423 3613 vulgo
435 3545 544 3613 dicunt,
561 3546 635 3616 quod
647 3564 706 3599 curu
720 3548 839 3600 Homero
851 3549 955 3601 Noster
966 3547 1140 3601 coniunxerit
1151 3553 1279 3618 tanquam

151 3633 307 3702 aequalem,
330 3629 358 3683 id
375 3648 432 3682 earn
450 3631 483 3682 ab
495 3647 603 3684 causam
620 3633 720 3685 factum
738 3651 800 3685 esse
812 3637 892 3702 putet
908 3634 977 3686 idem
994 3633 1037 3685 vir
1057 3633 1154 3685 doctus
1174 3651 1201 3702 p.
1216 3635 1278 3698 375,

149 3717 223 3787 quod
242 3717 353 3785 utrique
373 3719 469 3784 poetee
486 3715 555 3768 idern
566 3716 738 3785 propositum
756 3717 882 3786 idemque
898 3718 977 3770 etiem
996 3718 1122 3770 effectum
1140 3717 1229 3769 fuisse
1248 3717 1278 3768 in

147 3802 274 3854 doctrina
294 3801 328 3853 de
344 3799 396 3852 diis
414 3800 520 3852 Noster
539 3801 686 3853 crediderit
702 3801 786 3872 idque
805 3802 876 3871 ipsis
896 3803 931 3854 iis
953 3802 1136 3872 temporibus,
1159 3801 1187 3853 in
1208 3817 1279 3870 quse

147 3886 296 3956 utriusque
307 3889 405 3954 poetae
420 3889 495 3936 aetas
509 3885 618 3937 incidat.
642 3885 739 3956 (coni.
753 3903 862 3956 qnoque
873 3887 997 3939 Nitzsch.
1011 3887 1116 3938 Meiett.
1131 3886 1168 3938 ΙΙ.
1181 3904 1208 3954 p.
1221 3885 1278 3952 79).

146 3971 227 4022 Hanc
240 3988 307 4023 vero
320 3973 434 4022 aetatem
446 3969 487 4040 (in
502 3973 571 4021 nott.
584 3969 616 4020 ad
630 3971 666 4036 ΙΙ,
679 3971 727 4038 53)
745 3971 861 4023 diximus
878 3972 1017 4040 pertinere
1035 3971 1069 4023 ad
1081 3989 1144 4023 ann.
1156 3975 1209 4029 884
1219 3971 1279 4023 sive

147 4058 201 4114 889
212 4071 237 4106 a.
251 4053 317 4106 Chr.
336 4072 363 4106 n.
380 4071 413 4105 ex
422 4053 556 4105 Herodoti
574 4055 790 4123 compotatione,
809 4073 842 4108 ex
860 4073 931 4107 anno
945 4055 1066 4108 eiusdem
1084 4054 1168 4107 netuli
1179 4055 1278 4124 ducta3

145 4131 240 4207 ἀκμὴν
259 4138 332 4190 vitae
345 4137 521 4190 Herodoteae
539 4155 646 4191 sumere
664 4139 688 4190 si
704 4139 781 4191 mulis
801 4158 832 4192 ec
848 4158 951 4209 ponere
968 4140 1068 4192 eetstis
1084 4156 1185 4192 ennom
1196 4139 1278 4193 trice·

145 4223 353 4288 simoniam,
373 4222 391 4274 i.
408 4241 432 4276 e.
450 4225 504 4281 454
522 4240 544 4274 a.
561 4225 613 4281 459
627 4241 652 4273 a.
666 4222 733 4275 Chr.
747 4241 774 4275 n.
797 4227 847 4296 (ci.
864 4223 987 4276 Clinton.
1004 4225 1081 4276 Fert.
1094 4223 1166 4277 Heli.
1184 4243 1212 4296 p.
1227 4228 1277 4284 145

144 4325 224 4377 seqq.
241 4312 295 4367 359
306 4325 383 4378 seqq.
410 4307 539 4359 Fischer:
557 4307 669 4359 Griech.
682 4303 791 4360 Zeittai.
802 4327 831 4378 p.
844 4309 994 4378 49seqq.),
1013 4309 1160 4379 utriusque
1177 4315 1276 4379 poetae

144 4397 222 4444 aetus
239 4392 344 4446 incidet
360 4390 388 4444 in
404 4407 468 4444 ann.
486 4395 540 4451 859
557 4409 580 4443 s.
593 4396 645 4452 859
660 4397 723 4445 ante
736 4391 801 4446 Chr.
821 4412 848 4447 n.
880 4393 921 4447 De
936 4393 1048 4448 Homeri
1066 4401 1156 4450 aetate
1172 4412 1242 4466 quae
1261 4410 1278 4446 a
