3020 4930
503 299 568 360 AD
589 295 843 362 HERODO'P.
867 302 891 376 Ι,
913 309 957 366 94.
1230 295 1291 363 843

161 477 334 544 Congettnre
350 474 485 548 (Perugis
501 475 583 544 1821)
597 493 625 546 p.
641 479 677 536 33
690 491 768 544 seqq.
785 491 816 527 ac
830 476 977 547 praecipue
994 476 1028 529 C.
1044 475 1117 529 Ilea:
1139 475 1232 529 Storia
1247 475 1291 530 dei

161 561 221 615 vasi
233 560 306 614 uttili
318 560 426 632 dipinti,
444 561 493 613 che
507 561 541 613 da
553 565 664 630 quattro
681 559 747 613 anni
763 560 787 612 sl
802 565 918 613 trovano
934 561 1004 614 nello
1017 565 1090 614 stato
1105 561 1291 616 ecclesiastico

161 648 189 700 in
206 645 297 717 quella
317 651 410 716 parte,
434 647 483 700 che
498 649 513 698 a
530 645 592 698 nell'
610 646 701 699 antica
715 644 830 698 Etruria
852 644 920 698 colle
943 646 1078 699 relaaione
1095 647 1166 700 della
1184 647 1292 702 colonia

161 732 255 800 Liuia,
279 732 328 784 che
348 731 367 784 li
384 733 443 785 lece
457 750 508 801 per
523 732 579 800 pin'
596 731 681 784 secoli
699 729 786 800 prima
807 729 849 782 del
869 729 987 784 dominio
1002 731 1046 783 dei
1061 732 1197 788 Romani..
1213 733 1289 787 Rom.

162 821 240 877 1832.
275 817 328 869 Cui
345 817 450 870 accedit
465 816 542 869 Gell:
562 816 751 887 'l'opography
768 817 799 868 oi
807 815 876 868 Rom
897 816 950 868 and
971 815 1009 868 its
1025 816 1140 886 vicinity
1157 819 1180 870 Ι.
1197 837 1224 888 p.
1237 825 1290 880 359

162 920 240 972 seqq.
262 903 381 972 itemque
401 903 437 954 G.
453 901 575 954 Dennist
596 901 656 954 The
672 901 751 954 cities
766 902 821 953 and
836 901 993 954 cemeterias
1009 903 1040 953 ol
1050 901 1164 954 Etruria
1185 904 1289 973 (Lond.

163 986 245 1054 1848)
260 988 282 1039 1.
298 985 531 1058 pxxxllseqq„
548 987 595 1057 qni
612 989 729 1058 uterque
744 986 777 1038 ab
792 986 926 1059 Herodoti
941 986 1098 1039 testimonio
1114 986 1186 1039 haud
1202 989 1290 1042 disce-

161 1071 279 1125 dendum
294 1090 356 1125 asse
370 1071 477 1139 docuit3
494 1088 582 1142 neque
598 1071 678 1125 aliter
690 1071 789 1124 statuit
803 1070 951 1124 Prichard:
972 1069 1144 1124 Reeearches
1159 1071 1188 1124 in
1203 1079 1231 1125 to
1246 1075 1291 1127 the

161 1157 267 1225 history
286 1159 318 1210 oi
336 1158 380 1209 the
395 1157 542 1226 European
558 1157 679 1210 Nations
694 1156 745 1208 lll.
762 1174 791 1227 p.
803 1161 857 1216 243
873 1175 950 1227 seqq.
974 1156 1017 1208 ed.
1035 1163 1099 1210 tert.
1115 1157 1234 1227 itemque
1250 1158 1292 1212 vir

162 1241 259 1294 doctus
281 1242 308 1295 in
325 1241 587 1309 Quaterly-lieview
606 1260 649 1295 nr.
669 1241 741 1294 cm.
761 1260 789 1311 p.
806 1245 909 1302 53-61
930 1247 1013 1312 atque
1030 1241 1078 1294 ur.
1095 1241 1246 1296 Newmsnn
1263 1243 1291 1296 in

162 1327 231 1378 libro
249 1327 296 1396 qui
316 1326 494 1380 inscribitur:
518 1327 604 1396 Regni
615 1326 682 1380 Rom
696 1331 748 1379 etc.
764 1326 883 1379 Londin.
901 1332 985 1394 1851,
1011 1327 1045 1380 de
1060 1343 1115 1396 quo
1136 1328 1192 1380 rid.
1208 1327 1291 1381 Athe-

162 1428 257 1464 naeum
272 1412 361 1465 Lond.
380 1417 458 1472 1852.
478 1430 520 1465 nr.
534 1417 613 1473 1280.
629 1429 657 1482 p.
670 1419 731 1471 511.
761 1411 844 1464 Coni.
861 1413 941 1466 etiam
959 1413 998 1466 M.
1007 1411 1101 1465 Koch:
1124 1413 1175 1466 Die
1190 1412 1291 1484 Alpen-

160 1496 300 1550 Etrusker
315 1496 408 1568 (Lips.
428 1498 511 1563 1853)
530 1515 557 1567 p.
574 1503 601 1558 9.

246 1581 326 1645 Quae
338 1583 426 1636 omnia
438 1583 486 1651 qui
496 1583 651 1652 respexerit
664 1583 788 1654 nmisque
805 1599 888 1653 opera
900 1587 928 1635 et
941 1581 1034 1653 priore
1047 1587 1076 1634 et
1089 1585 1187 1635 nostra
1200 1586 1291 1636 aetate

161 1665 189 1718 in
204 1666 292 1719 lucem
306 1667 412 1736 prolate
429 1667 662 1736 consideraverit,
682 1668 754 1720 haud
776 1684 864 1737 pauca
885 1667 928 1720 vel
948 1667 1037 1720 adhuc
1055 1683 1205 1736 superesse
1226 1685 1290 1720 con-

161 1751 255 1816 cedet,
278 1769 349 1821 quae
367 1753 548 1805 Etruscorum
568 1761 668 1823 artem,
692 1769 772 1824 quam
791 1753 968 1820 admiramur,
993 1751 1159 1805 exorientis
1180 1753 1291 1823 populis

162 1836 269 1908 ductam
286 1836 405 1907 indeque
427 1854 461 1890 ex
475 1843 553 1906 parte
574 1845 649 1892 certe
667 1839 809 1908 repetitam
824 1838 913 1891 videri
934 1839 1051 1890 doceant
1070 1837 1194 1909 adeoque
1212 1839 1291 1891 fidem

162 1921 309 1973 concilient
323 1921 497 1974 Herodoteee
514 1923 677 1993 narrationi,
698 1923 732 1975 de
748 1923 827 1976 cuius
842 1923 896 1976 lide
912 1922 1054 1976 dubitandi
1069 1939 1177 1975 calisam
1192 1923 1291 1977 iustam

161 2005 250 2058 adhuc
260 2005 366 2059 ellatmn
377 2025 430 2059 non
442 2025 504 2060 esse
515 2008 633 2078 reperio.
657 2009 756 2078 Neque
768 2007 847 2060 aliter
858 2008 995 2077 placuisse
1006 2008 1117 2061 invenio
1128 2007 1297 2062 'l'hierschio'

162 2091 188 2142 in
206 2091 439 2144 Commentatione
461 2092 496 2144 ad
510 2093 532 2159 I,
545 2097 580 2154 93
602 2093 713 2146 laudata
733 2111 760 2163 p.
773 2097 826 2153 423
841 2111 916 2162 seq,
949 2093 1088 2146 Crenaero
1104 2093 1224 2160 Symbol.
1238 2093 1290 2146 ΙΙΙ.

163 2194 188 2244 p.
202 2180 356 2236 536-541
377 2177 434 2247 (cni
456 2177 518 2229 add.
534 2195 604 2248 quea
622 2179 800 2249 disputantur
816 2179 889 2248 apud
904 2177 1074 2246 Guigniautt
1096 2177 1241 2246 Religions
1257 2179 1291 2231 de

161 2260 325 2330 l’Antiquits
337 2262 373 2329 11,
386 2265 413 2320 3.
430 2279 457 2331 p.
472 2267 540 2324 1167
552 2264 660 2334 seqq),
683 2281 714 2316 ac
730 2263 789 2316 viro
805 2263 885 2316 docto
901 2263 985 2331 Italo,
1009 2262 1057 2333 qni
1073 2279 1162 2333 nuper
1179 2263 1290 2317 eandem

161 2345 195 2398 de
217 2346 399 2399 Etruscorum
421 2347 576 2415 originibus
602 2349 791 2419 quaestionem
815 2348 946 2401 tractavit
968 2346 1177 2418 propositisque
1205 2347 1290 2402 variis

161 2430 282 2483 virorum
306 2431 446 2484 doctorum
467 2433 614 2486 sententiis
630 2452 684 2487 non
707 2433 817 2486 aliunde
833 2433 887 2486 nisi
904 2451 936 2486 ex
954 2433 1021 2485 Asia
1041 2433 1139 2485 minori
1156 2433 1290 2486 Etrusco-

161 2533 219 2568 rum
238 2515 359 2584 origines
380 2517 468 2586 repeti
490 2535 573 2586 posse
594 2519 693 2573 docere
715 2524 829 2571 conatus
854 2523 912 2585 est,
941 2517 1008 2570 Otto
1023 2517 1176 2570 Vannucci=
1198 2518 1291 2571 Storis

160 2599 268 2654 d'ltalia
283 2599 344 2654 dell‘
360 2600 477 2670 Origine
493 2603 520 2655 di
532 2604 617 2657 Roma
633 2605 695 2657 sino
710 2603 762 2656 ella
777 2604 922 2673 conquista
932 2601 1142 2672 Longobardica
1156 2603 1290 2673 (Firenze

162 2686 243 2752 1852)
265 2687 288 2738 l.
309 2705 335 2756 p.
347 2690 472 2757 fflseqq.
490 2694 638 2750 115-130.
671 2690 709 2742 Et
730 2691 802 2742 conf.
826 2705 936 2759 quoque
953 2689 1004 2741 Ch.
1018 2687 1097 2741 Walz
1118 2687 1147 2740 in
1162 2688 1238 2741 Diss.
1256 2689 1290 2741 de

160 2769 239 2838 relig.
261 2770 394 2825 Romanu.
417 2772 564 2844 antiquiss.
586 2793 614 2846 p.
634 2781 669 2834 20
695 2779 723 2828 et
742 2773 856 2843 Allgem.
876 2775 947 2828 Zeit.
970 2775 1048 2834 1853.
1074 2789 1116 2825 nr.
1131 2777 1193 2830 m
1219 2772 1289 2825 Beil.

161 2873 189 2924 p·
204 2858 283 2916 3547.
