3088 4922
598 255 848 318 EUTERPE.
871 257 913 318 11.
939 264 980 320 13.
1297 259 1359 321 455

221 428 320 518 γαιόν
334 455 370 497 τε
384 430 440 498 καὶ
454 431 794 519 καταρρηγνυμένην,
822 427 905 501 ὥστε
922 433 1045 501 έοῦσαν
1062 431 1140 502 ἰλύν
1153 461 1189 503 τε
1204 435 1260 504 καλ
1274 434 1356 526 πρό-

182 552 335 622 ιοθχνσιν
349 535 382 615 ἐξ
396 539 579 620 Αἰθιοπίης
593 538 897 624 κατενηνειγμένην
910 531 976 604 ὑπὸ
990 541 1051 604 τοῦ
1065 543 1225 626 ποταμοῦ.
1244 535 1307 627 τὴν
1320 539 1358 608 δὲ

221 635 355 724 Λιβύην
371 641 468 724 ἴδμεν
486 638 715 728 ἐρυθροτέρην
732 665 766 705 τε
783 645 846 726 γῆν
859 641 915 708 καὶ
929 633 1228 730 ὑποψαμμοτέρην·
1243 640 1305 731 τὴν
1320 643 1358 711 δὲ

217 737 376 828 Ἀραβίην
402 767 437 808 τε
464 741 519 808 καὶ
543 748 676 829 Συρίην
702 737 991 831 ἀργιλωδεστέρην
1019 771 1053 812 τε
1081 745 1136 811 καὶ
1166 739 1357 836 ὑπόπετρον

222 847 356 912 ἐοῦσαν.

291 944 429 1033 Ἔλεγον
453 945 489 1016 δὲ
512 947 566 1016 καὶ
587 946 663 1016 τόδε
686 975 742 1036 μοι
764 949 849 1036 μέγα
874 946 1052 1036 τεκμήριον
1075 951 1151 1036 περὶ
1174 957 1231 1039 τῆς
1248 951 1402 1042 pipam

219 1049 341 1138 ταύτης
355 1055 389 1120 οἱ
400 1051 503 1138 ἱρέες,
527 1045 571 1130 ὡς
587 1052 641 1120 ἐπὶ
655 1057 798 1138 Μοίριος
814 1053 983 1140 βασιλέος,
1006 1047 1092 1130 ὅπως
1106 1058 1200 1122 ἔλθοι
1215 1050 1233 1130 ὁ
1252 1082 1353 1125 ποτα-

218 1152 278 1244 μὸς
292 1156 345 1224 ἐπὶ
361 1151 447 1223 ὀκτώ
461 1153 583 1243 πήχεας
596 1152 633 1223 τὸ
649 1153 832 1241 ἐλάχιστον,
845 1151 989 1243 ἄρδεσκε
999 1165 1174 1241 Αἴγυπτον
1187 1155 1247 1244 τὴν
1261 1164 1354 1246 ἔνερ-

218 1323 337 1388 positum
355 1327 411 1384 est,
438 1337 499 1372 cum
522 1323 550 1372 iu
571 1321 669 1372 Aldina
688 1327 762 1372 esset
812 1322 908 1386 Roetlr,
927 1337 1006 1387 quem
1022 1322 1084 1372 vide
1103 1337 1130 1386 p.
1141 1322 1183 1373 50.
1199 1321 1308 1374 ssd'eius
1325 1324 1355 1373 li-

218 1385 397 1458 μελοῖγγειον,
417 1407 487 1456 quae
506 1393 593 1442 torma
611 1394 761 1444 communis
812 1393 866 1456 bri,
886 1391 1143 1457 quemad11,18'2
1162 1391 1353 1454 iudicabimus;

218 1463 328 1513 dialecti
349 1463 384 1513 ab
407 1461 547 1512 Herodoto
575 1463 661 1512 abest.
697 1463 761 1512 vid.
813 1477 899 1528 neque
924 1463 1060 1512 diversam
1082 1461 1152 1511 hauc
1174 1478 1269 1512 vocem
1295 1478 1355 1514 esse

217 1533 334 1584 Bredov.
351 1531 451 1597 pret).
481 1531 558 1593 Quod
571 1531 694 1596 sequitur
713 1548 761 1582 arr—
812 1531 1163 1584 abiblicavoceHom.iam
1173 1529 1354 1597 Hieronymus

217 1592 453 1668 ταρρηγννμὲνην
482 1602 519 1666 (i.
544 1615 568 1650 e.
597 1603 760 1665 confractam.
814 1604 926 1665 Quaest.
940 1603 1037 1654 Hebrr.
1049 1600 1186 1652 iuuenes.
1201 1602 1249 1663 IX,
1261 1602 1294 1653 18
1308 1601 1353 1666 (T.

218 1674 287 1722 rimis
299 1671 430 1730 tiatorem),
451 1671 505 1721 iam
520 1671 636 1722 correxit
650 1672 762 1722 Fischer
813 1673 867 1722 111.
887 1687 913 1735 p.
930 1672 981 1722 310
996 1671 1038 1721 ed.
1056 1669 1186 1734 vallars.)
1208 1671 1301 1722 docuit
1321 1689 1354 1723 ac

218 1742 254 1791 ad
272 1739 383 1791 Weller.
402 1739 461 1802 111,
482 1756 508 1790 a.
526 1756 553 1805 p.
569 1741 618 1792 100
641 1756 673 1790 ex
691 1740 762 1790 mele
813 1755 897 1805 nuper
921 1740 1063 1790 contendit
1085 1740 1251 1791 Willriuson:
1277 1743 1353 1792 Man·

218 1809 333 1875 vulgato
357 1807 656 1874 κατερρηγνομένην,
682 1811 760 1860 cuius
813 1824 874 1860 ners
892 1813 943 1858 otc.
960 1808 982 1858 Ι.
1000 1811 1064 1873 p.·2.
1084 1808 1353 1874 Contquoqucttol-

217 1880 277 1932 loco
290 1894 376 1944 nuper
392 1895 425 1928 ex
440 1879 549 1930 Arriani
562 1879 649 1930 Auab.
669 1880 707 1940 ΙΙ,
718 1879 760 1941 23,
812 1878 891 1928 vollri
911 1878 1043 1928 Traduct.
1067 1883 1094 1926 et
1111 1877 1230 1943 Auslyse
1250 1879 1297 1930 des
1315 1881 1354 1930 iu-

217 1954 243 2001 2.
271 1948 330 2013 (ubi
353 1948 389 1998 ei.
413 1947 526 1998 Ellendt
550 1965 576 2014 p.
597 1948 659 2013 228)
687 1963 761 2012 repo·
812 1947 918 2010 seriptt.
942 1963 988 1996 sur
1006 1947 1175 2011 l'Obelisque
1192 1950 1293 2014 Egypt.
1320 1950 1354 2000 de

218 2023 330 2071 suerunt
353 2009 596 2082 κατερρηγμὲνην,
620 2034 690 2083 quae
708 2019 760 2068 ior·
811 2017 890 2068 Paris
909 2031 936 2080 p.
954 2016 996 2068 10.
1025 2017 1066 2067 De
1084 2017 1168 2066 uariis
1187 2019 1352 2082 nominibus,

217 2105 262 2140 ma
280 2088 345 2139 mihi
364 2088 398 2139 ad
418 2089 545 2138 seriorem
566 2093 683 2138 aetatem
702 2101 759 2150 pcr-
810 2086 908 2152 quibus
920 2085 984 2136 olim
995 2085 1135 2152 Aegyptus
1148 2087 1352 2154 designabatur,

217 2161 304 2211 tinere
334 2157 451 2208 videtur.
486 2157 565 2222 Apud
592 2156 757 2207 Herodotum
808 2155 864 2206 vid.
879 2155 1217 2224 UhlemauuinPhilolog.
1232 2159 1350 2223 Aegypt.

217 2230 284 2290 VII,
300 2227 335 2279 23
357 2217 618 2291 καταρρηγνύμενοι
639 2219 669 2272 oi
688 2239 756 2287 πρη-
809 2242 834 2290 p.
851 2227 866 2270 7
885 2240 942 2290 seq.
967 2226 998 2278 31
1018 2240 1074 2290 aeq.
1102 2225 1236 2291 Forbiger
1257 2227 1351 2278 Haud-

215 2296 298 2364 pvol,
317 2298 390 2362 quod
408 2295 602 2347 adlectionem
620 2298 757 2359 receptam
808 2294 878 2346 buch
901 2295 927 2344 d.
947 2295 996 2346 alt.
1016 2295 1171 2360 Geograph.
1191 2297 1231 2346 11.
1254 2313 1281 2362 p.
1298 2297 1349 2350 766

216 2369 290 2420 haud
307 2368 412 2418 seioau
427 2365 528 2416 valeat.
554 2362 595 2412 De
608 2379 673 2413 voce
686 2354 756 2426 πρό·
807 2381 865 2430 seq.
892 2364 970 2415 Cous.
985 2365 1066 2414 etiam
1080 2369 1150 2416 nott.
1167 2367 1202 2418 ad
1216 2367 1349 2420 Herodot.

215 2453 295 2504 χυσις
313 2436 370 2486 dixi
389 2435 423 2486 ad
442 2435 479 2496 11,
492 2437 517 2486 5.
532 2459 565 2467 -
584 2431 625 2482 Ad
643 2432 695 2483 loci
714 2447 756 2482 ar·
806 2435 844 2498 ΙΙ,
860 2433 892 2485 15
910 2434 956 2486 liu.

214 2511 371 2575 gumeutum
390 2504 541 2555 adscribam
558 2500 698 2551 Plutarchi
715 2502 756 2552 lo-

215 2593 276 2628 cum
298 2576 441 2626 classicum
466 2571 499 2621 de
516 2569 584 2650 Isid.
604 2577 632 2621 et
652 2570 753 2622 Osirid.
994 2605 1059 2656 Cn·
1080 2605 1158 2658 XHL

215 2641 455 2776 δδρτοὸἰῗμδλδδίδδι
468 2638 754 2774 ἳιελαξγιδξιδδγδδδδδί
842 2695 915 2766 ὅπως
933 2701 1014 2758 ἔλθοι
1031 2699 1046 2758 ὁ
1064 2703 1193 2776 ποταμὸς
1209 2703 1255 2762 ἐπὶ
1272 2703 1345 2763 darei

215 2775 310 2844 οἵσπερ
336 2773 368 2830 τὸ
399 2771 487 2857 μέλαν
513 2778 565 2828 τοῦ
599 2769 755 2844 ὀφθαλμοῦ
806 2771 912 2844 πήχεας
931 2769 964 2827 τὸ
988 2767 1132 2842 ἐλάχιστον
1151 2779 1264 2847 ani]
1295 2781 1347 2844 Qui

214 2844 754 2981 §.tttttxmilltttlltitillet.
805 2847 1349 2970 litttl.iluut⁰tiult¹l

213 2989 415 3042 Animadversa.
437 3003 465 3052 p.
479 2988 529 3037 217
549 2988 632 3037 alium
649 2988 755 3037 Plutar-
806 3003 896 3038 errare
914 2985 996 3046 dixit,
1019 2986 1043 3034 is
1064 3001 1118 3035 nou
1140 2987 1209 3036 setis
1228 2989 1348 3052 respexit

213 3060 257 3110 chi
268 3059 355 3110 locum
368 3058 396 3108 in
408 3055 554 3107 Alexandr.
570 3057 619 3106 vit.
635 3072 695 3121 esp.
709 3057 752 3106 26.

212 3146 239 3195 p.
251 3129 302 3180 010
324 3128 355 3177 F.
384 3127 473 3192 Atque
494 3125 612 3190 Χημίαν
635 3141 657 3175 s.
683 3125 755 3176 orem

213 3199 251 3249 nil
275 3197 348 3248 aliud
374 3211 433 3246 esse
459 3195 512 3246 uisi
536 3197 645 3262 nigrum,
673 3195 754 3260 idque

213 3271 301 3333 ipsum
319 3266 436 3332 Aegypti
458 3281 555 3316 nomeu
578 3265 663 3315 luisse
682 3265 754 3330 apud

213 3337 378 3403 Aegyptios,
404 3335 450 3400 qui
469 3350 519 3385 uec
541 3335 645 3386 Graeca
664 3334 755 3399 appel-

212 3407 315 3457 latione
333 3405 415 3468 vulgo
432 3405 550 3466 usitata,
568 3419 618 3454 uec
635 3404 755 3454 Hebrae-

212 3493 288 3527 orum
297 3489 365 3526 vooe
380 3473 497 3524 Miarnim
507 3491 529 3526 s.
545 3474 621 3524 Mirr.
635 3489 754 3538 unquam

213 3546 314 3597 fuerint
323 3543 375 3605 usi,
387 3542 487 3594 dudum
499 3543 603 3592 monuit
613 3543 753 3594 Iablouslr.

214 3617 330 3680 Opuscc.
351 3613 375 3663 1.
394 3629 422 3678 p.
441 3612 493 3662 401
507 3628 566 3677 seq.
591 3617 618 3662 et
642 3613 754 3677 copiosa

213 3683 399 3750 disputatione
428 3680 545 3732 firmavit
570 3682 750 3746 champollior

212 3755 334 3820 l'Egypt.
355 3767 418 3802 sous
436 3751 454 3801 l.
474 3752 556 3802 Phar.
575 3752 599 3803 1.
619 3768 682 3817 pag.
706 3753 750 3803 101

213 3839 288 3888 seqq.
314 3823 361 3873 107
380 3837 456 3887 seqq.
482 3820 551 3872 Add.
572 3821 614 3875 Gr.
632 3823 660 3872 iu
678 3822 753 3886 Sym·

213 3891 267 3944 bol.
278 3892 318 3943 11.
337 3909 363 3956 p.
382 3891 431 3943 108
447 3890 575 3958 οδ.1οτ,1.Ι
591 3891 659 3941 Iude
674 3892 702 3940 iu
714 3892 753 3957 ip·

212 3963 250 4012 sis
263 3961 458 4027 Aegyptiorum
474 3961 655 4012 monumentis
666 3962 753 4026 Aegy-

212 4036 288 4096 ptum
314 4031 386 4081 notis
416 4029 627 4096 hieroglyphicis
645 4029 752 4096 'signifi-

212 4100 270 4150 cari
283 4099 404 4150 videmus
416 4099 491 4150 cram
504 4115 526 4150 ε.
541 4099 621 4161 orem,
640 4114 694 4164 qua
709 4115 752 4149 ea-

212 4169 273 4221 dem
291 4184 357 4220 voce
375 4167 442 4218 haec
460 4173 532 4218 terra
551 4168 705 4219 declaratur
723 4169 751 4218 iu

211 4237 259 4288 illa
269 4239 352 4302 Cypri
369 4237 559 4303 inscriptione,
578 4253 660 4303 quarn
677 4255 693 4288 a
704 4238 752 4288 du·

212 4322 242 4357 ce
261 4307 295 4358 de
309 4307 418 4372 Luyues
438 4305 603 4372 publicatam
623 4307 752 4372 explicuit

805 3061 907 3108 statum
916 3055 972 3104 Nili
984 3059 1011 3104 et
1021 3059 1153 3106 terrarum
1165 3056 1347 3108 adiacentium

806 3127 840 3176 ob
853 3125 928 3174 fluvii
938 3123 1087 3174 alluviones
1099 3125 1193 3175 crebro
1203 3131 1347 3192 mutatum,

805 3201 835 3245 ut
851 3194 920 3244 alius
934 3192 988 3242 alio
1004 3197 1123 3258 tempore
1139 3209 1200 3245 esse
1212 3196 1345 3249 videatur.

807 3263 885 3326 Quod
909 3267 1005 3312 contra
1028 3263 1146 3314 Pococlr.
1171 3272 1263 3316 monet
1281 3268 1348 3318 Lar·

805 3334 888 3396 cheu,
899 3333 943 3383 eui
958 3331 1042 3394 addo,
1055 3349 1123 3398 quae
1133 3335 1278 3388 Renuelius
1293 3337 1347 3388 dis-

804 3408 884 3469 putat
902 3419 928 3468 p.
947 3402 997 3454 597
1016 3407 1043 3452 et
1062 3419 1132 3468 quae
1150 3403 1183 3455 de
1201 3407 1277 3456 vario
1290 3406 1347 3458 Nili

805 3479 879 3524 statu
895 3489 927 3523 ee
941 3473 1072 3522 mensuris
1088 3473 1116 3522 iu
1130 3475 1286 3525 uuiversum
1303 3492 1346 3526 ex-

805 3548 942 3609 ponuntur
953 3542 987 3592 ab
999 3542 1169 3592 Hartmanuo
1179 3543 1197 3592 l.
1213 3543 1231 3592 l.
1243 3560 1270 3608 p.
1285 3545 1344 3595 122.

805 3612 938 3665 Herodoti
951 3611 1143 3662 auctoritatem
1155 3613 1210 3662 sere
1224 3617 1345 3676 tuentur,

805 3682 873 3732 alios
890 3686 921 3732 ut
939 3686 1058 3744 taceam,
1078 3681 1241 3732 Plutarchus
1253 3683 1296 3732 De
1307 3683 1344 3733 Is.

805 3757 832 3802 et
846 3752 918 3802 Osir.
931 3767 991 3816 cap.
1006 3749 1049 3802 13.
1060 3767 1087 3815 p.
1098 3749 1149 3802 368
1159 3753 1192 3801 B.
1210 3755 1236 3800 et
1246 3752 1344 3802 Strabo

803 3821 892 3872 XVII.
912 3836 939 3885 p.
953 3820 1021 3872 1130
1038 3819 1069 3871 0.
1088 3835 1112 3870 s.
1129 3835 1193 3886 pag.
1209 3819 1273 3882 788,
1299 3823 1344 3887 qui

803 3895 867 3942 ante
873 3891 994 3940 Petronii
1005 3893 1122 3940 aetatem
1132 3889 1275 3940 maximam
1284 3906 1345 3942 nar·

803 3966 847 4012 rat
870 3959 956 4009 fuisse
978 3958 1163 4021 fertilitatem,
1188 3975 1248 4010 cum
1267 3959 1345 4012 Nilus

804 4030 838 4080 ad
857 4037 971 4094 quartum
989 4034 1017 4080 et
1031 4029 1148 4079 decimum
1163 4028 1283 4080 cubitum
1302 4045 1346 4080 ex·

804 4100 949 4159 crevissem
966 4099 1013 4164 qui
1026 4113 1086 4148 cum
1098 4099 1133 4149 ad
1148 4103 1276 4149 octavum
1290 4115 1345 4150 mo·

803 4169 838 4219 do
862 4167 1073 4232 adsurrexisset,
1102 4170 1199 4219 famem
1220 4169 1345 4220 evenisse

803 4243 885 4302 atque
907 4239 1037 4302 inopiam.
1067 4239 1128 4301 Quo
1146 4237 1189 4288 rel
1215 4238 1344 4289 disertius

802 4307 906 4360 Plinius
930 4308 965 4358 H.
986 4307 1020 4358 N.
1043 4307 1076 4361 V.
1092 4307 1118 4358 0.
1144 4310 1170 4370 5.
1189 4307 1231 4359 10.
1256 4311 1344 4358 iustam
1416 4363 1418 4366 ,
1526 4257 1529 4304 ΙΙ
