3008 4924
237 277 297 340 814

669 275 944 338 HERODOTI·

235 453 348 520 λέουσι
368 447 534 538 μυστήρια
555 446 747 534 Αἰγύπτιοι.
779 451 857 538 περὶ
876 451 939 537 μέν
959 475 1025 516 νυν
1045 445 1175 516 τούτων
1190 443 1292 516 εἰδότι
1313 469 1370 532 μοι

235 553 288 622 ἐπὶ
310 555 413 622 πλέον
435 547 479 631 ὡς
500 555 622 620 ἕκαστα
641 549 759 646 αὐτῶν
780 559 866 638 ἔχει,
890 549 1035 640 εὔστομα
1057 558 1195 621 κείσθω.
1237 550 1372 634 καὶτῆς

233 653 410 744 Δήμητρος
423 661 556 744 τελετῆς
571 658 658 744 πέρι,
670 653 732 742 τὴν
747 661 781 724 οἱ
788 651 946 744 Ἕλληνες
959 654 1172 744 θεσμοφόρια
1186 655 1356 734 καλέουσι,
1366 659 1416 716 181

234 759 289 828 καὶ
303 758 424 846 ταύτης
441 757 546 828 είδότι
559 785 615 846 μοι
631 761 707 848 σόρι
721 752 865 848 εὔστομα
889 765 1035 843 κείσθω,
1059 755 1148 846 πλὴν
1167 753 1247 826 ὅσον
1266 751 1373 842 αὐτῆς

233 857 308 949 ὁσίη
329 864 397 931 ἐστὶ
419 865 540 950 λέγειν.
573 866 611 930 αἱ
624 867 764 930 Δαναοῦ
785 865 971 950 θυγατέρες
994 851 1081 950 ἦσαν
1100 865 1139 930 α1
1154 858 1217 950 τὴν
1231 854 1373 946 τελετὴν

233 965 360 1054 ταύτην
374 969 406 1048 ἐξ
421 965 596 1052 Αἰγύπτου
611 967 830 1052 ἐξαγαγοῦσαι
846 967 902 1036 καὶ
916 965 1091 1049 διδάξασαι
1103 959 1161 1044 τός
1170 960 1370 1048 Πελασγιεό-

233 1075 328 1149 τιδας
345 1085 517 1156 γυναῖκας.
554 1065 636 1157 μετὰ
657 1068 710 1154 δὲ,
737 1069 958 1159 ἐξαναστάσης
976 1069 1082 1157 πόσης
1103 1057 1372 1154 Πελοποννήσου

233 1287 260 1337 p.
271 1271 332 1334 oet,
347 1269 644 1320 Wilkinson.Monners
657 1272 710 1320 etc.
720 1283 773 1318 sec.

234 1357 286 1392 ser.
305 1341 343 1392 11.
361 1357 389 1405 p.
408 1340 458 1392 305
477 1355 533 1404 seq.

268 1435 314 1494 ἐπὶ
332 1440 430 1508 πλέον]
449 1444 468 1492 i.
488 1443 601 1505 epiris,
620 1445 771 1492 accuratius.

234 1513 313 1565 Coni.
338 1513 481 1564 Heindorf.
506 1512 541 1561 ed
559 1511 666 1562 Platon.
691 1512 773 1576 Gorg.

232 1600 259 1648 p.
279 1583 327 1646 23,
350 1584 385 1632 ed
402 1582 539 1632 Pbsedon.
560 1597 585 1646 p.
607 1582 665 1632 1111.
703 1581 773 1631 Add.

232 1655 293 1704 Act.
311 1652 413 1717 pbiloll.
435 1653 558 1702 Monecc.
582 1651 604 1701 1.
630 1666 693 1716 μσς.
712 1651 772 1701 280.

268 1745 391 1819 εόστομα
414 1753 533 1821 κείσθω]
561 1755 579 1805 1.
603 1772 626 1806 e.
653 1757 775 1806 sitentiron

232 1841 310 1891 spere
327 1826 412 1876 debeo.
443 1825 583 1890 Loquendi
602 1825 716 1876 iormuie
733 1840 774 1874 se-

232 1897 312 1946 rioris
323 1895 424 1946 retectis
438 1895 615 1960 scriptoribus
629 1895 710 1946 valde
722 1896 773 1944 sre-

233 1980 332 2030 qoens,
349 1969 380 2014 nt
397 1965 424 2014 in
439 1965 609 2029 proverbium
628 1965 682 2015 iere
701 1965 773 2014 abie-

231 2037 277 2084 rit.
324 2034 367 2084 Tu
394 2034 448 2085 vid.
476 2034 561 2084 schol.
590 2034 624 2084 nd
645 2033 771 2099 Sophocl.

232 2103 347 2154 Philoet.
374 2105 432 2154 tot.
461 2104 599 2154 Plutarch.
623 2103 720 2154 Morsl.
744 2119 771 2168 p.

231 2175 293 2224 857.
327 2173 489 2224 Theodoret.
522 2174 634 2226 Graeco.
662 2173 771 2224 Affectt.

232 2242 294 2292 Cur.
322 2257 349 2306 p.
380 2244 427 2294 131
454 2243 530 2307 8γ11).
555 2259 581 2308 p.
608 2245 659 2295 311
683 2243 772 2294 Gsisi.

232 2311 350 2362 Thomas
366 2311 441 2376 Meg.
460 2329 486 2376 p.
506 2311 557 2364 395
579 2317 606 2362 et
625 2312 770 2376 Phrynich.

233 2395 295 2462 pag.
314 2381 366 2432 1611
384 2382 425 2432 ed.
446 2381 566 2432 Lobeek.
609 2383 687 2442 Quod
708 2397 771 2432 vero

231 2451 259 2498 in
272 2449 410 2502 Herodoto
425 2451 542 2500 scribere
560 2450 649 2516 placet
664 2452 772 2503 Stnreio

232 2517 416 2568 sdHeilnnie.
435 2520 539 2598 iregm.
556 2537 582 2586 p.
600 2519 634 2572 33
657 2521 700 2582 (ut
717 2538 772 2572 mo-

231 2587 367 2638 netedb.
380 2588 398 2638 1.
413 2587 489 2652 θαι)
509 2603 539 2638 ευ
552 2583 770 2654 cropensteden

231 2659 250 2708 1.
266 2672 289 2707 e.
310 2661 421 2722 quiescat
437 2658 493 2708 inibi
509 2674 550 2722 os,
576 2669 686 2722 iaceam,
711 2677 771 2710 eum

230 2717 352 2791 εὔστομα
376 2727 505 2779 denotent
523 2731 563 2780 ori
579 2747 611 2780 se
625 2733 745 2793 peleto
735 2747 772 2779 ιιι-

231 2797 330 2856 nanda,-
344 2797 372 2848 id
382 2798 556 2850 sterodoti
573 2799 648 2850 libris
662 2800 771 2864 scriptis

231 2882 318 2932 aequo
340 2868 442 2918 recedit
463 2873 546 2933 etque
568 2869 603 2920 sb
620 2885 671 2920 nso
689 2869 771 2920 serio·

232 2953 290 2986 rnm
302 2937 470 3002 scriptorum,
483 2939 528 3004 qui
535 2939 702 2990 Herodotum
714 2939 772 2988 imi-

231 3009 284 3057 teti
298 3013 370 3056 sunt.
402 3009 479 3069 Quod
498 3023 561 3059 vero
576 3009 675 3059 Noster
694 3014 773 3058 tsnte

232 3091 292 3126 curn
307 3077 434 3127 cautione
447 3077 480 3127 de
491 3078 532 3126 bis
545 3077 673 3144 loquitur,
689 3093 772 3143 quen-

231 3150 261 3194 tn
279 3145 443 3196 Graecorum
470 3147 606 3211 mysteriis
635 3147 771 3198 initiatum

231 3214 305 3278 loqui
329 3215 371 3264 iss
395 3221 467 3277 eret,
495 3216 622 3267 credibile
640 3223 697 3278 est,
723 3221 771 3266 ent

231 3283 318 3348 ipsum
342 3284 384 3332 bis
401 3285 595 3350 Aegyptiorum
618 3289 704 3336 eserie
721 3287 771 3336 ini·

230 3353 328 3402 tietnm
342 3353 426 3403 tuisse
437 3355 568 3406 Graecum
583 3357 706 3420 quemvis
725 3355 771 3406 ho·

231 3423 329 3472 minem
353 3437 386 3474 se
409 3425 594 3489 peregrinum,
624 3431 671 3476 sut
697 3431 772 3478 certe

232 3492 393 3554 admissum,
425 3495 470 3558 qui
505 3493 545 3544 bis
577 3495 771 3560 Aegyptiorum

231 3563 316 3614 sacris
334 3577 388 3612 uno
411 3577 470 3612 cum
495 3565 609 3614 caeteris
627 3566 771 3630 Aegyptiis

231 3632 340 3682 adesset
364 3647 396 3682 ce
414 3631 521 3697 singnis
538 3647 673 3698 quaeque,
701 3649 770 3698 quse

231 3701 266 3751 ed
290 3701 357 3752 haee
377 3716 455 3752 sucro
479 3704 633 3766 peragendo
655 3704 771 3768 pertine-

230 3775 299 3830 rent,
316 3771 372 3820 suis
386 3770 470 3820 oculis
482 3771 660 3836 conspiceret,
676 3773 769 3823 eedem

230 3839 338 3890 tenendi
357 3840 503 3904 religione,
523 3855 576 3905 que
591 3841 700 3906 reliqui,
724 3843 771 3892 ob-

230 3909 357 3968 strietus;
376 3909 432 3960 vid.
449 3909 611 3961 Wilkinson.
631 3911 649 3962 l.
668 3912 686 3962 1.
720 3912 769 3962 st-

229 3993 281 4041 que
311 3945 357 4028 ves
380 3978 447 4028 hsce
472 3993 515 4028 res
544 3979 609 4030 mihi
634 3980 771 4031 declarare

230 4046 335 4095 videtur
362 4047 565 4098 similitudinem
588 4051 723 4132 quendem
743 4055 770 4100 et

229 4115 460 4180 coniunctionem,
485 4131 565 4182 quem
588 4119 660 4170 inter
683 4120 769 4185 Aegy·

229 4183 344 4244 ptiornm
382 4191 464 4249 ο1ηιιο
496 4186 659 4238 Graecorum
691 4204 771 4238 secra

229 4266 251 4300 s.
273 4252 401 4313 mysteria
424 4254 592 4308 intercedere
614 4257 769 4309 Herodotus

229 4323 303 4370 certe
320 4319 503 4372 existimabat.

861 1259 914 1333 τὴν
932 1260 961 1318 oi
972 1255 1103 1330 Ἕλληνες
1120 1259 1304 1330 θεσμοφόρια
1320 1277 1373 1312 ecr-

825 1335 929 1402 λέουσι]
954 1338 996 1388 De
1018 1338 1181 1388 Graecorum
1204 1333 1373 1394 Tbesreopbo·

825 1411 871 1459 riis
893 1411 1075 1471 exposuerunt
1093 1405 1134 1456 st.
1153 1405 1235 1456 Croix
1252 1403 1373 1453 Becher·

824 1477 888 1528 obes
906 1493 953 1528 sur
970 1475 1010 1526 ies
1026 1473 1137 1540 myster.
1156 1473 1183 1524 d.
1198 1487 1297 1538 pagan.
1311 1477 1333 1521 t.
1345 1471 1371 1522 Ι.

825 1564 852 1611 p.
866 1547 915 1598 lib
934 1546 976 1596 ed.
997 1562 1068 1606 see,
1086 1543 1232 1594 Welleuer.
1252 1542 1286 1592 de
1296 1542 1372 1592 Tbe-

824 1616 1001 1681 smopboriis,
1029 1614 1177 1666 Vrstislev.
1205 1613 1285 1674 1820,
1310 1611 1370 1672 atti,

825 1703 892 1752 quos
911 1686 1024 1736 laudent
1044 1685 1207 1745 Cremonis,
1238 1683 1283 1748 qni
1308 1682 1371 1746 ipse

823 1755 856 1806 de
874 1757 916 1806 bis
930 1754 1080 1820 disputavit
1095 1753 1216 1819 Symboi.
1231 1752 1255 1802 1.
1271 1767 1297 1816 p.
1318 1749 1370 1802 tte

823 1841 880 1890 seq.
896 1825 953 1876 153.
969 1825 1015 1876 lV.
1024 1841 1051 1890 p.
1059 1823 1108 1874 311
1124 1839 1200 1888 seqq.
1213 1823 1265 1872 tto
1278 1836 1368 1886 seqq,

823 1901 851 1946 et
868 1895 899 1944 0.
923 1896 956 1946 F.
978 1896 1132 1946 Hermann:
1157 1889 1369 1944 Gottesdienstl.

823 1963 984 2016 Alterthiim.
1009 1964 1033 2026 5.
1053 1963 1096 2014 51.
1121 1967 1178 2014 not.
1202 1961 1245 2014 20.
1270 1963 1294 2024 §-
1321 1962 1367 2010 511.

822 2039 879 2086 not.
907 2035 939 2086 15
962 2049 1035 2099 seqq.
1063 2032 1125 2085 οο11.
1152 2037 1177 2096 ς.
1201 2031 1227 2083 3.
1252 2036 1309 2080 not.
1340 2031 1368 2080 5.

826 2105 929 2166 Quibus
949 2103 1013 2154 sddi
1031 2119 1136 2168 quoque
1148 2107 1239 2167 potest
1251 2099 1369 2150 Wiikin-

823 2189 881 2224 son.
900 2175 1029 2224 Menners
1049 2179 1102 2224 ete.
1127 2187 1182 2222 sec.
1209 2187 1261 2222 ser.
1285 2170 1309 2219 1.
1337 2183 1367 2233 p.

823 2245 874 2296 328
892 2259 949 2308 seq.
974 2244 1012 2294 11.
1032 2259 1096 2308 peg.
1122 2241 1174 2294 32¹0
1193 2255 1269 2305 seqq.
1314 2239 1369 2288 Ne-

823 2329 875 2378 que
888 2315 958 2364 enim
969 2314 1076 2374 desunt,
1092 2313 1138 2377 qui
1151 2309 1368 2373 Thesmophoria

822 2383 850 2432 in
875 2384 1015 2434 Graeciem
1040 2383 1075 2432 eb
1098 2384 1222 2446 Aegypto
1246 2379 1368 2430 deducte

823 2468 883 2503 esse
900 2467 1009 2518 prorsus
1026 2457 1125 2516 negent
1142 2449 1368 2514 Herodotnmqne

823 2521 1010 2587 praeiudicet·
1027 2521 1155 2586 opinione
1178 2525 1287 2585 esptnnr
1310 2524 1367 2568 tur-

823 2593 893 2656 piter
914 2591 1020 2656 lapsum
1046 2607 1107 2642 esse
1127 2589 1254 2640 clement.
1294 2587 1367 2638 111111

822 2667 913 2712 temen
931 2662 1065 2712 Herodoti
1086 2660 1121 2710 sd
1139 2661 1293 2724 Aegyptum
1319 2657 1369 2706 bo-

822 2747 880 2782 rum
897 2747 1035 2782 see-rorem
1049 2729 1130 2795 (quse
1141 2745 1158 2778 e
1170 2729 1282 2780 Graecis
1301 2727 1366 2778 inde

822 2801 927 2852 verium
945 2801 972 2850 in
990 2800 1097 2852 modurn
1114 2798 1223 2850 exculte
1240 2797 1366 2862 adeoque

821 2872 903 2922 etism
920 2871 1061 2920 immutate
1077 2883 1137 2920 esse
1157 2868 1229 2920 bend
1244 2881 1365 2932 nogero-

822 2940 883 3006 rim)
914 2940 1060 3004 primordie
1087 2938 1241 2990 revocantis
1273 2937 1367 3000 potior

822 3011 928 3060 videtur
943 3011 1100 3070 auotoritas,
1115 3009 1291 3060 recentiorum
1307 3021 1366 3056 ms-

821 3071 966 3144 gistrornm
1001 3079 1126 3130 doctrine
1157 3077 1230 3128 bend
1264 3074 1367 3126 sollici-

821 3148 915 3200 tsnds.
941 3151 983 3200 Ex
994 3149 1118 3214 Aegypto
1130 3153 1220 3200 eutem
1234 3146 1366 3196 Thesmo-

821 3219 974 3283 pboriornm
993 3219 1111 3283 origines
1127 3215 1286 3282 repetentes
1302 3230 1366 3266 esse

821 3303 899 3338 nemo
912 3287 1066 3350 mirabitur,
1080 3289 1126 3354 qni
1137 3289 1300 3338 Graecorum
1314 3285 1366 3335 Ce-

821 3373 906 3408 rerem
929 3356 1001 3407 hsnd
1023 3357 1103 3408 aliem
1126 3373 1186 3408 esse
1208 3361 1290 3421 etque
1313 3354 1366 3404 Isi-

822 3427 881 3478 dem
906 3428 1086 3492 perspexerit,
1114 3441 1184 3491 quce
1206 3441 1266 3476 eum
1292 3425 1367 3490 egri-

822 3496 969 3558 enitnrom,
993 3497 1071 3548 sedes
1090 3495 1172 3559 fixas,
1204 3494 1274 3556 site,
1292 3509 1366 3559 quse

821 3566 873 3616 buc
901 3570 1039 3630 spectent,
1070 3567 1157 3632 primo
1187 3564 1364 3625 instituisset,

821 3635 975 3686 istiusmodi
992 3637 1063 3686 fests
1086 3635 1138 3685 sibi
1156 3633 1250 3684 babuit
1269 3649 1366 3684 conse-

821 3709 906 3755 crate.
949 3705 1027 3754 Cons.
1046 3703 1147 3754 Herod.
1170 3703 1213 3766 11,
1237 3701 1280 3754 511.
1301 3703 1363 3754 158.

820 3802 855 3811 -
873 3774 914 3824 De
929 3775 1021 3852 ίλιμιοο
1040 3774 1111 3823 οοιι1.
1125 3777 1181 3822 not.
1195 3741 1230 3822 s'd
1248 3772 1363 3833 11,107.

855 3837 901 3891 enti
919 3835 1022 3906 ταύτης
1040 3833 1154 3892 είδότι
1171 3855 1220 3904 μοι
1238 3857 1263 3890 ιι.
1282 3856 1306 3889 τ.
1321 3837 1360 3904 t]

821 3903 910 3960 είδότι
928 3928 942 3962 e
957 3912 1094 3962 Seueroiti
1111 3911 1180 3961 libro
1199 3925 1259 3960 enm
1272 3909 1363 3961 Geisi.

820 3981 991 4100 :sititis
1000 3981 1364 4130 tti53.tt⁸ti.bissf²“

822 4120 855 4169 In
878 4133 953 4184 seqq.
972 4111 1074 4183 eritne,
1099 4123 1130 4170 ut
1148 4123 1230 4170 entes
1246 4109 1365 4181 ταύτης,

821 4193 927 4268 spectet
945 4187 979 4238 sd
996 4186 1046 4252 τῆς
1064 4181 1215 4253 Δήμητρος
1237 4186 1364 4251 τελετῆςς

820 4249 884 4320 ὸσιη
903 4257 972 4322 (sas,
990 4257 1085 4318 pictos]
1074 4257 1196 4314 teodem
1215 4256 1294 4306 rnodo
1313 4272 1367 4321 po·

820 4327 907 4388 nitur,
926 4341 979 4391 quo
992 4327 1037 4389 11
1052 4328 1095 4378 15.
1118 4328 1159 4378 Ex
1172 4326 1291 4377 Homero
1311 4325 1367 4376 uti-
