3088 4922
249 249 310 311 580
677 246 946 310 HERODOTI

249 429 400 490 πολλοῖσι
419 417 631 508 ἀναθήμασι,
663 421 719 489 καὶ
741 422 778 489 ἐν
801 417 892 516 αὐτῷ
916 412 1002 510 ἦσαν
1026 427 1144 511 στῆλαι
1166 422 1246 510 δύο,
1274 419 1295 511 ἡ
1323 423 1387 513 μὲν

248 529 375 614 χρυσοῦ
392 520 567 611 ἀπέφθου,
591 518 611 611 ἡ
635 524 673 593 δὲ
694 523 890 613 σμαράγδου
910 532 1014 595 λίθου
1033 525 1221 616 λάμποντος
1241 525 1300 607 τὰς
1322 527 1384 597 νύ-

248 707 379 742 summum
409 691 488 742 deum
509 691 586 758 Iovis·
611 694 718 741 nomine
745 689 790 740 de·
842 691 941 743 Strom.
962 693 985 758 I,
1005 695 1048 746 25.
1066 710 1093 759 p.
1112 694 1173 746 418.
1210 695 1280 746 Add.
1299 695 1385 746 Baoul

248 761 403 827 signabant.
446 761 506 822 Quo
529 761 579 811 deo
597 761 679 811 Solem
703 760 791 810 decla·
842 761 976 814 Rochette
993 763 1011 814 1.
1037 764 1055 814 l.
1075 780 1101 829 p.
1120 766 1153 814 47
1171 780 1246 830 seqq.
1265 768 1313 828 84,
1339 766 1386 830 qui

248 832 303 882 rari
332 847 364 882 ac
394 831 592 896 repraesentari
622 847 693 880 nuuc
722 829 790 880 satis
842 831 911 883 hene
924 834 1044 883 meminit
1057 834 1186 884 solarium
1199 835 1317 898 deorum,
1329 836 1386 900 qui-

248 905 368 963 constat,
396 899 563 966 eundemque
587 916 669 950 sensu
689 899 789 961 latiori,
842 901 892 951 bus
918 903 985 952 talia
1009 903 1133 968 symbola
1157 904 1313 970 plerumque
1340 905 1385 954 ad-

249 986 301 1037 quo
319 971 391 1021 bona
409 985 531 1036 quaeque
554 986 587 1020 ac
605 969 677 1020 mala
693 984 711 1019 a
728 969 790 1020 Sole
842 971 901 1021 dita
931 974 1091 1024 invenimus.
1138 975 1191 1024 Pro
1221 967 1385 1038 σμαράγδου

248 1042 359 1106 eiusque
382 1041 409 1090 ri
427 1043 456 1090 in
474 1056 562 1090 rerum
582 1049 681 1090 natura
700 1039 790 1089 afferri
841 1041 930 1105 plures
944 1043 1007 1092 libri
1019 1035 1180 1107 paptipdov,
1200 1045 1301 1108 quade
1319 1045 1386 1094 scri-

247 1109 349 1174 solent,
373 1110 561 1175 accipiendum
580 1125 654 1172 esse,
681 1110 739 1159 sive
755 1107 789 1156 ad
840 1116 922 1175 ptura
936 1117 1043 1176 praeter
1053 1113 1142 1164 Wass.
1155 1113 1190 1162 ad
1201 1113 1323 1178 Thucyd.
1336 1115 1384 1176 lv,

248 1180 339 1232 sidera
356 1184 472 1244 spectes,
496 1180 525 1229 in
548 1180 646 1245 quibus
663 1178 710 1230 Sol
728 1178 791 1228 emi·
841 1181 872 1232 31
892 1183 965 1232 conf.
978 1182 1146 1232 Brouckhus.
1160 1183 1195 1232 ad
1210 1183 1333 1248 Propert.
1345 1183 1384 1246 11,

248 1255 307 1313 net,
336 1251 449 1316 eiusque
470 1265 577 1300 cursum
600 1265 719 1298 annuum
743 1263 790 1312 per
843 1250 884 1312 13,
897 1251 939 1302 43.
959 1252 1013 1302 Sed
1026 1268 1117 1302 veram
1134 1253 1295 1318 scripturam
1308 1269 1386 1318 prae-

248 1319 316 1370 coeli
334 1320 438 1382 orbem,
462 1319 521 1370 sive
544 1318 684 1383 adipsum
702 1333 789 1367 rerum
841 1319 907 1369 baut
929 1337 1021 1371 omnes
1045 1321 1153 1372 codices
1176 1321 1234 1384 111,
1255 1323 1298 1373 41.
1339 1323 1383 1373 cf.

247 1393 498 1454 naturamspectea,
517 1389 545 1438 in
560 1387 695 1454 quasolis
714 1387 791 1437 verni
841 1389 958 1440 Bredov.
985 1407 1011 1455 p.
1032 1393 1090 1442 122.
1132 1391 1175 1442 Ad
1198 1397 1383 1456 argumentum

248 1461 418 1524 potissimum
436 1459 465 1508 vi
488 1474 520 1508 ac
545 1463 682 1524 potestate
700 1456 790 1506 omnia
842 1460 910 1509 tacit
930 1460 1111 1525 Theophrasti
1130 1461 1207 1511 locus
1229 1462 1299 1526 Opp.
1320 1478 1382 1527 pag.

248 1534 790 1663 tetthttlttttffltlt.‘stt
840 1528 891 1662 111
911 1531 1033 1664 titt}
1047 1531 1384 1665 lullthtllhr.

247 1669 294 1733 qni
312 1672 339 1718 et
351 1668 422 1718 saar
437 1669 469 1734 (i.
484 1683 507 1719 e.
527 1667 662 1733 dominus)
681 1669 709 1717 et
725 1665 791 1716 Mel·
840 1669 884 1734 plo
904 1675 1022 1720 stantem
1038 1670 1148 1734 pilame
1164 1670 1308 1735 smaragdo
1322 1685 1382 1721 esse

247 1738 322 1788 barth
346 1737 375 1803 (i.
402 1753 426 1789 e.
445 1738 521 1788 urbis
544 1737 604 1802 rex)
628 1737 789 1798 vocabatur,
840 1745 966 1809 narrant,
1001 1740 1054 1788 nisi
1084 1741 1174 1804 potius
1209 1740 1383 1804 pseudosma-

248 1807 364 1872 aliisque
388 1807 470 1858 ctiam
494 1807 582 1858 titulis
607 1821 629 1858 a.
654 1806 790 1872 cognomi·
839 1809 940 1874 ragdos
959 1809 1005 1858 sit.
1047 1809 1123 1871 Quae
1148 1809 1202 1859 alia
1222 1809 1260 1858 ibi
1281 1809 1382 1860 addun-

247 1879 326 1928 nibus
341 1878 491 1944 gaudebat,
512 1878 585 1944 qnod
603 1877 637 1927 ab
649 1875 789 1926 Herodoto
839 1881 883 1928 tur
906 1878 940 1928 de
965 1880 1170 1944 smaragdorum
1196 1881 1383 1944 magnitudine

247 1963 301 1998 non
318 1947 392 1998 Iovis
409 1949 527 2010 nomine,
546 1947 595 1998 sed
607 1947 725 1998 Herculis
743 1961 788 2010 ap·
840 1947 975 2012 exempla,
1001 1949 1084 1998 nolim
1106 1949 1158 1999 huc
1176 1949 1382 2012 transscribere,

246 2017 394 2082 pellatione
412 2017 580 2083 designatur,
599 2017 730 2081 idipsum
746 2030 789 2065 sa·
839 2033 899 2067 cum
914 2018 1049 2068 Larchero
1069 2034 1102 2068 ne
1119 2019 1257 2083 smaragdi
1274 2020 1383 2083 quidem

246 2087 282 2136 tis
295 2086 455 2138 documento
471 2103 532 2137 esse
546 2087 664 2148 videtur,
682 2085 733 2136 hoc
746 2084 789 2134 dei
839 2086 964 2137 columna
987 2089 1072 2138 fuisse
1094 2087 1232 2151 videatur,
1256 2089 1304 2138 sed
1327 2090 1383 2150 „du

246 2171 345 2206 nomen
367 2172 430 2206 vere
451 2157 628 2207 Phoenicium
656 2170 716 2205 esse
744 2169 789 2204 ue·
838 2156 1038 2218 ramosiore,
1064 2159 1130 2208 dont
1147 2157 1297 2208 l'interieur
1314 2160 1384 2208 etoit

247 2241 299 2290 que
316 2225 421 2276 Graeca
443 2243 476 2276 ex
496 2228 580 2292 stirpe
603 2223 787 2290 repetendum.
841 2225 940 2277 eclaird
958 2229 1067 2291 perdes
1084 2229 1204 2294 lamps.“
1231 2229 1383 2278 Heerenius

247 2296 290 2344 Tu
306 2295 361 2345 vid.
380 2295 501 2346 Movere:
520 2297 573 2346 Die
588 2295 750 2345 Phoeniaier
764 2295 787 2344 I.
840 2295 935 2360 (Ideen
951 2297 1016 2358 1,2.
1034 2313 1062 2362 p.
1075 2299 1135 2364 21¹2)
1149 2299 1263 2364 quaerit,
1283 2313 1318 2348 an
1330 2299 1383 2348 La·

247 2380 274 2428 p.
295 2363 344 2415 401
365 2377 436 2428 seq.,
460 2365 505 2430 qui
522 2364 594 2416 idem
618 2365 651 2414 de
669 2364 719 2414 hoc
738 2364 787 2413 deo
841 2366 895 2415 nuli
921 2367 992 2432 lapis
1020 2367 1116 2430 fuerit,
1147 2383 1180 2418 ex
1206 2383 1259 2432 quo
1287 2367 1382 2418 eodem

247 2438 373 2484 accurate
393 2433 515 2499 disputat
533 2451 560 2499 p.
574 2432 623 2484 100
642 2449 716 2500 seqq.
738 2435 788 2486 115
839 2441 965 2486 constent
994 2436 1135 2487 columnae
1159 2439 1322 2488 lesuitarum
1352 2439 1381 2487 in

247 2519 322 2567 seqq.
345 2503 394 2554 180
408 2519 466 2568 seq.
485 2503 535 2555 888
553 2519 629 2569 seqq.
647 2505 699 2555 400
712 2519 787 2570 seqq.
838 2505 948 2570 templo,
963 2507 1035 2570 quod
1044 2509 1145 2557 Rornae
1156 2511 1207 2558 est.
1233 2509 1270 2557 Et
1284 2523 1380 2572 reapse

247 2573 316 2624 add.
334 2573 432 2623 Roeth.
452 2573 470 2623 l.
490 2573 507 2624 l.
529 2574 552 2623 1.
572 2589 597 2638 p.
616 2573 667 2624 265
685 2590 742 2639 seq.
761 2579 789 2623 et
839 2575 913 2626 aliud
932 2576 996 2640 quid
1009 2577 1147 2642 smaragdi
1161 2577 1268 2627 nomine
1282 2579 1382 2627 Noster

246 2647 317 2693 nott.
328 2658 354 2707 p.
367 2645 418 2694 245
427 2659 483 2708 seq.
504 2647 531 2694 et
541 2643 577 2694 ci.
590 2659 696 2708 quoque
706 2644 787 2694 Greu-
837 2645 989 2710 intelligere
1009 2647 1105 2711 potuit,
1124 2661 1205 2712 quam
1216 2647 1288 2712 quod
1301 2647 1381 2696 hodie

247 2727 293 2762 ser
316 2711 436 2777 Symbol.
458 2713 481 2764 1.
506 2730 532 2778 p.
558 2711 601 2763 92.
628 2713 666 2764 II.
691 2729 717 2778 p.
736 2713 788 2764 014
838 2713 1007 2779 intelligunt.
1035 2715 1122 2778 Quale
1139 2731 1203 2766 vero
1223 2717 1274 2767 hoc
1292 2717 1380 2781 ipsum

247 2797 304 2847 seq.
330 2781 392 2833 coll.
411 2784 459 2834 451
486 2783 528 2834 ed.
548 2787 612 2834 tert.
629 2783 718 2833 Raoul
735 2784 787 2834 Ro·
837 2785 887 2846 sit,
913 2785 985 2850 quod
1003 2784 1049 2836 ille
1066 2784 1247 2848 intellexerit,
1272 2803 1314 2836 me
1335 2801 1380 2836 ue·

247 2851 336 2902 chette
353 2851 414 2917 1.1.,
428 2853 594 2918 quicopiose
612 2851 707 2902 dehoc
719 2853 787 2903 Her·
837 2855 907 2904 scire
929 2855 1023 2906 fateor.
1062 2857 1192 2906 Consului
1215 2856 1284 2907 alios
1305 2857 1377 2906 viros

246 2920 306 2972 culo
325 2922 409 2986 Tyrio
429 2923 538 2974 disserit
560 2939 586 2988 p.
606 2921 635 2972 11
656 2938 732 2988 seqq.
756 2923 786 2973 18
837 2924 946 2986 doetos,
977 2926 1024 2990 qui
1051 2927 1145 2976 itidem
1176 2931 1271 2977 tautae
1301 2925 1378 2976 molis

247 2983 786 3128 llll·..lillllhitlliqllllill,
837 2994 1378 3131 :gluttittttss‘.¹.tt.⁵3:,¹¹3ttt.tt

246 3146 294 3194 pro
307 3129 381 3196 vulg.
392 3128 466 3182 ἴδον.
485 3132 547 3183 Vid.
558 3131 674 3183 Bredov.
688 3148 715 3197 p.
725 3131 785 3183 304.
838 3134 924 3183 maior
941 3139 968 3184 et
987 3134 1110 3198 amplior,
1130 3151 1162 3185 eo
1181 3136 1269 3186 minus
1280 3135 1379 3184 clarior

282 3189 373 3262 ἡμὲν
401 3198 509 3266 χρυσοῦ
529 3193 682 3265 ἀπέφθου,
713 3191 731 3266 ἡ
756 3193 787 3250 δὲ
838 3207 866 3252 et
884 3202 999 3253 lucidior
1017 3205 1069 3254 iste
1088 3205 1124 3253 sit
1144 3204 1225 3269 lapis.
1261 3205 1379 3269 Despe-

247 3260 410 3333 σμαράγδου
422 3269 520 3336 λίθον]
537 3263 640 3337 χρυσὸς
651 3261 788 3334 &namhoc
838 3274 880 3322 cie
899 3273 1016 3338 quadam
1033 3275 1090 3324 eius
1107 3273 1219 3338 lapidis,
1239 3290 1316 3340 quem
1329 3289 1380 3324 nos

247 3337 336 3402 qualis
355 3338 404 3401 sit,
423 3339 539 3390 vidimus
558 3341 634 3402 adl,
654 3341 696 3390 50.
734 3341 787 3390 hu·
838 3343 976 3405 Feldspath
986 3358 1123 3407 vocamus,
1134 3345 1304 3409 cogitaverat
1314 3345 1381 3394 Zoe-

246 3423 320 3456 ream
331 3407 481 3460 columnam
494 3411 521 3459 in
534 3411 608 3461 Iovis
621 3409 720 3476 templo
733 3411 787 3475 'Py-
838 3427 874 3476 ga
893 3411 926 3462 de
944 3413 1078 3463 Obeliscc.
1099 3430 1125 3478 p.
1150 3415 1206 3465 142.
1237 3412 1381 3463 Aliisma-

246 3477 286 3526 rio
304 3485 539 3530 commemoratam
551 3480 703 3530 invenimus
715 3479 787 3544 apud
837 3481 950 3546 ragdum
974 3489 1054 3534 nocte
1080 3483 1201 3534 illuxisse
1220 3488 1317 3548 putant
1334 3483 1381 3533 ad-

245 3547 347 3597 Euseb.
360 3549 489 3614 Praepar.
501 3551 608 3616 Evang.
622 3550 671 3600 IX.
684 3566 710 3614 p.
721 3551 785 3601 451:
836 3551 924 3601 hibita
945 3551 1056 3603 lucerua
1076 3569 1098 3604 s.
1118 3551 1219 3603 lumine
1240 3554 1313 3602 intus
1332 3569 1380 3617 po-

245 3618 429 3680 qnemlovem
446 3634 462 3668 a
477 3619 787 3684 Iosephoquoquepro-
838 3623 906 3683 sito;
931 3623 967 3672 cf.
985 3623 1018 3674 1..
1043 3623 1122 3672 Bossi
1143 3622 1240 3673 Gesch.
1267 3639 1294 3673 v.
1313 3623 1382 3687 Spa·

245 3685 330 3736 latum
349 3705 372 3738 c.
392 3689 490 3754 Apion.
510 3689 532 3750 1,
552 3689 584 3740 18
603 3689 637 3740 ab
656 3689 707 3740 hoc
719 3691 787 3740 Her·
837 3692 900 3741 nien
918 3692 940 3741 I.
960 3708 986 3756 p.
1006 3691 1066 3743 100.
1086 3693 1194 3742 Mavors
1212 3691 1230 3740 l.
1251 3693 1269 3743 1.
1288 3708 1313 3756 p.
1328 3693 1378 3742 401

245 3755 306 3805 cule
320 3757 403 3822 Tyrio
421 3773 477 3808 non
493 3758 629 3808 diversum
641 3774 700 3810 esse
711 3763 786 3810 recte
836 3777 909 3826 aeq.,
939 3763 985 3826 qui
1010 3761 1042 3810 de
1068 3763 1130 3826 igno
1154 3763 1259 3827 cogitat
1282 3763 1309 3810 iu
1331 3777 1381 3811 ura

245 3831 337 3875 monet
355 3827 463 3878 Movere
481 3827 500 3878 1.
511 3827 529 3879 l.
542 3845 569 3893 p.
584 3829 632 3880 170
647 3844 704 3894 seq.
732 3829 785 3892 Qui
837 3845 941 3895 semper
958 3833 1067 3880 incenso
1081 3830 1285 3896 columnamque
1302 3831 1381 3880 iuxta

245 3893 317 3944 idem
335 3895 373 3960 (p.
392 3898 442 3949 ⁸292
461 3912 537 3962 seqq.
556 3897 606 3949 344
623 3898 692 3964 seq.)
716 3899 785 3949 bene
837 3901 953 3964 positam
971 3899 1114 3964 splendore
1129 3917 1178 3951 suo
1195 3899 1326 3966 implente
1341 3901 1381 3950 in-

245 3963 323 4026 vidit,
338 3965 475 4017 columnus
488 3967 522 4017 ad
534 3969 724 4033 antiquissima
737 3985 784 4018 ιιιι-
836 3969 922 4035 deque
943 3969 1188 4035 resplendescente.
1230 3971 1280 4022 Cui
1304 3971 1379 4034 oblo-

246 4032 345 4083 minum
370 4035 540 4087 orientalium
563 4038 686 4103 symbola
705 4040 786 4103 perti·
836 4041 928 4104 quitur
950 4040 1036 4090 Raoul
1057 4041 1188 4090 Rochette
1211 4040 1229 4090 l.
1255 4039 1273 4090 l.
1299 4057 1326 4105 p.
1345 4041 1380 4089 40

245 4115 323 4163 nere,
346 4105 443 4169 quibus
469 4107 586 4157 omnium
609 4124 696 4158 rerum
720 4109 785 4158 ordo
837 4124 894 4174 seq.
908 4109 950 4172 83,
970 4109 1377 4174 quiadLarcherisententiam

244 4168 357 4222 firmiter
380 4175 581 4227 collocaturus
604 4177 673 4228 fixus
698 4177 785 4228 decla·
836 4179 965 4230 accedere
990 4179 1094 4230 mavult
1122 4184 1205 4244 atque
1231 4181 1302 4230 inter
1325 4179 1379 4229 alia

168 4287 179 4306 ι,
243 4245 334 4305 ratur,
356 4235 388 4292 τὸ
416 4235 500 4302 ἑστὼς
523 4242 570 4295 aul
592 4239 716 4310 μόνιμον
733 4245 785 4296 τοῦ
836 4249 986 4298 Luciarmm
999 4248 1077 4299 affert
1094 4250 1136 4299 De
1156 4249 1287 4314 DeaSyr.
1307 4253 1332 4312 ξ.
1345 4247 1404 4299 32·

184 4329 187 4334 ·
243 4307 331 4376 θεοῦ,
350 4319 380 4364 ut
393 4314 434 4364 sit
447 4311 569 4366 Clemens
585 4315 784 4368 Alexandrinus
836 4317 989 4384 loquentem
1008 4317 1042 4369 de
1060 4319 1156 4384 Syriae
1179 4317 1245 4370 deae
1270 4317 1381 4369 simula·
