3086 4952
261 271 321 334 220

695 268 959 333 HERODOTI

260 452 361 544 ἑτέρῳ
377 448 490 542 κύκλῳ
512 451 703 518 ε’νεστεῶτα.
730 446 956 536 μεμηχάνηται
976 443 1013 514 db
1035 441 1123 514 οὕτω
1146 449 1244 515 τούτο
1263 443 1300 515 τό
1323 459 1429 535 cst-51

258 581 332 643 χες,
357 550 440 623 ὥστε
461 549 478 624 ὁ
496 555 607 640 ἕτερος
626 557 686 620 τοῦ
704 553 817 640 ἑτέρου
839 550 960 632 κύκλος
975 565 1060 619 τοῖσι
1078 555 1290 638 προμαχεῶσι
1308 550 1392 638 μού-

259 679 347 729 νοισι
368 660 437 728 ἐστὶ
460 652 674 746 ὑψηλότερος.
708 653 745 726 τὸ
765 658 828 745 μέν
845 683 908 726 κον
926 682 957 724 τι
980 655 1036 725 καὶ
1057 651 1094 722 τὸ
1113 662 1237 744 χωρίον
1258 675 1391 743 συμμα-

259 865 325 912 tana
347 860 502 912 condidisse
526 861 622 912 fertur.
646 861 688 909 Tu
712 859 749 911 cf.
768 857 800 910 de

259 933 318 996 ipso
350 931 457 980 nomine
487 929 592 980 Boblen
618 931 666 980 ‘De
701 930 799 995 origin.

257 1001 325 1066 ling.
343 1000 427 1052 Zend.
447 1017 509 1064 pag.
534 1001 568 1051 29
595 1003 622 1050 et
644 999 801 1050 Rawlinson

259 1071 319 1122 loco
342 1087 404 1122 mox
427 1070 562 1120 laudando
590 1085 617 1135 p.
649 1069 708 1121 134.
739 1070 801 1120 Alia

259 1141 323 1191 clim
347 1140 381 1190 de
401 1141 475 1190 urbis
498 1141 606 1191 nomine
629 1141 800 1191 coniectave-

852 859 947 910 dsrum
965 863 1051 910 artem
1075 873 1098 907 s.
1123 857 1333 908 architecturam
1352 873 1394 907 ac·

852 930 957 996 cepisse
984 932 1195 979 consentaneum
1218 929 1264 978 sit.
1289 927 1356 978 Inde
1378 944 1395 978 a

852 999 922 1050 colle
951 999 1017 1062 isto,
1045 999 1089 1048 cui
1123 1003 1309 1062 superstructa
1337 1003 1395 1048 erat

852 1086 900 1120 arx
930 1069 1019 1135 regie,
1048 1068 1112 1118 urbs
1141 1068 1338 1119 extendebatur
1368 1069 1395 1118 in

852 1155 971 1205 campos,
993 1153 1060 1203 quos
1078 1138 1146 1188 bene
1164 1139 1302 1204 irrigatas,
1321 1138 1396 1188 ferti-

259 1216 301 1261 rat
319 1211 374 1260 Ios.
397 1210 519 1275 Scaliger
543 1210 746 1261 Animadversa.
766 1209 800 1260 ad
850 1211 968 1261 lissimos
997 1209 1174 1274 omnibusque
1204 1209 1284 1259 rebus
1313 1209 1396 1260 abun-

258 1280 358 1332 Euseb.
374 1280 436 1331 cur.
456 1296 482 1346 p.
501 1281 544 1332 78.
562 1281 595 1331 In
612 1281 747 1331 Bisutuno
765 1281 803 1329 in·
821 1323 823 1328 ,

259 1351 407 1415 scriptione
435 1351 536 1416 legitur
566 1366 662 1400 nornen
690 1351 803 1414 flayosc-

259 1419 333 1482 trina,
357 1420 429 1484 quod
453 1437 513 1471 cum
539 1411 692 1486 Ἀγβάτανα
716 1419 803 1485 magis

260 1491 406 1541 convenire
434 1495 526 1540 monet
555 1489 658 1555 Oppert
688 1488 804 1542 Journal

259 1560 403 1624 Asiatique
420 1561 510 1610 XVII.
528 1575 554 1623 p.
566 1560 626 1610 561.
647 1586 680 1594 —
698 1559 730 1609 In
744 1575 804 1608 ver-

260 1631 302 1680 bis
322 1645 396 1695 seqq.
416 1624 514 1693 ἕτερον
532 1621 615 1695 ἑτέρῳ
634 1621 727 1695 κύκλῳ
746 1619 803 1678 ἐνε-

263 1697 368 1748 στεῶτα
379 1699 435 1749 noli
448 1699 570 1750 haerere:
583 1699 719 1764 pertinent
733 1699 801 1750 enim

261 1769 295 1819 ad
318 1768 425 1834 τείχεα,
457 1786 505 1835 per
529 1769 729 1835 appositionem
756 1769 803 1819 ad-

259 1841 341 1891 iecta.

295 1909 338 1960 De
353 1909 414 1974 ipsa
432 1909 498 1958 urbe
516 1913 547 1959 nt
564 1909 658 1974 paucis
672 1907 804 1972 dicemus,

259 1980 388 2030 videntur
415 1978 549 2029 Ecbatana
585 1980 655 2030 arcis
684 1980 805 2029 munitae

260 2050 351 2115 potius
376 2063 457 2113 quam
486 2050 561 2099 urbis
587 2050 704 2114 speciem
726 2049 804 2099 initio

260 2118 427 2184 praebuisse.
461 2118 537 2179 Quae
564 2119 611 2168 ubi
640 2134 673 2168 ex
703 2117 805 2168 Deiocs

261 2189 402 2238 Medorum
418 2201 511 2252 regum
532 2188 609 2238 sedes
628 2188 695 2250 suit,
713 2189 804 2237 Persis

261 2271 382 2322 quoqne,
402 2257 448 2320 qui
473 2257 500 2306 in
522 2273 613 2307 eorum
636 2257 723 2306 locum
747 2273 806 2307 suc-

263 2331 412 2387 cesserunt,
431 2327 561 2376 remansit
580 2327 656 2392 regia
669 2327 746 2376 sedes
757 2343 806 2391 per

261 2411 367 2446 menses
386 2395 507 2446 aestivos
531 2412 581 2447 nec
608 2397 695 2445 minus
720 2398 806 2448 crevit

262 2465 366 2516 divitiis
382 2470 464 2530 atque
484 2465 631 2530 opulentia,
642 2481 721 2530 quam
735 2467 806 2517 Susa

260 2552 294 2587 ac
313 2535 448 2599 Babylon.
471 2536 562 2586 'Pestis
582 2539 623 2585 eet
649 2533 805 2599 locupletis-

261 2607 345 2656 simus
363 2603 494 2668 Polybius
512 2607 550 2668 X,
571 2607 620 2668 ¹27,
638 2607 707 2654 mira
730 2621 806 2656 euer-

260 2690 325 2726 raus
350 2673 383 2724 de
407 2675 466 2722 auri
491 2677 650 2740 argentique
675 2676 754 2740 copia
777 2676 805 2724 in

262 2745 375 2796 aedibus
397 2743 476 2794 buius
506 2745 581 2794 urbis
610 2744 756 2809 conspicua
779 2749 806 2796 et

263 2815 296 2865 de
319 2813 406 2864 omnis
435 2815 542 2880 generis
572 2813 723 2879 opulentia,
752 2832 806 2881 qua

263 2885 310 2936 illa
329 2885 381 2934 fuit
406 2884 516 2937 referta.
548 2883 695 2935 Alexandri
716 2891 806 2936 autem

264 2960 354 3006 aetate
373 2970 468 3004 eversa
486 2970 548 3006 esse
570 2955 680 3007 dicitur.
707 2957 806 3018 Locus,

263 3026 310 3076 ubi
329 3029 468 3075 exstructa
487 3029 554 3087 erat,
580 3040 652 3074 nunc
674 3027 742 3076 satis
764 3042 807 3076 co-

263 3095 369 3160 gnitus3
383 3096 482 3160 quippe
491 3111 618 3160 perquam
633 3095 724 3144 vicina
736 3111 807 3146 nrrnc

263 3165 400 3214 Hamadan
428 3165 507 3226 urbe,
536 3170 563 3214 ct
589 3165 706 3214 Orontes
730 3181 806 3216 mons

263 3249 336 3284 nuno
354 3233 467 3284 Aluand
484 3233 648 3298 appellatus.
678 3235 748 3296 Quin
768 3251 807 3286 re-

169 3333 173 3343 .
264 3304 327 3370 giae
344 3301 417 3352 illius
437 3303 509 3354 sedis
529 3319 551 3354 s.
570 3304 649 3365 arcis,
663 3319 744 3368 quam
755 3306 807 3356 hoc

263 3374 324 3424 loco
343 3389 359 3422 a
375 3374 477 3424 Deiocs
494 3377 658 3423 exstructam
678 3373 807 3426 describit

263 3441 435 3507 Herodotus,
469 3444 568 3494 rudera
602 3443 689 3493 adbuc
719 3461 808 3510 pauca

265 3513 398 3579 quaedam
423 3518 546 3576 exstant,
570 3514 726 3564 accuratius
750 3531 808 3580 per-

265 3583 368 3648 quisita
386 3583 420 3634 ab
443 3583 539 3648 Anglis
558 3583 727 3647 bominibus,
749 3585 809 3634 Mo-

264 3654 334 3703 riere
354 3669 387 3704 ac
405 3654 574 3718 potissimum
590 3654 718 3714 Portero,
737 3659 809 3718 post-

266 3739 299 3772 ea
327 3738 343 3772 a
374 3723 433 3773 viro
469 3723 549 3774 docto
579 3721 657 3773 Gallo
682 3723 808 3786 Flaudin,

264 3793 378 3856 Veyage
397 3809 430 3841 en
442 3793 526 3843 Perse
542 3794 565 3843 1.
585 3807 648 3857 pag.
668 3791 719 3843 386
733 3809 808 3859 seqq.

268 3861 321 3923 Qui
337 3861 425 3911 locum
445 3863 581 3924 altiorem,
600 3862 647 3912 ubi
665 3877 713 3911 arx
735 3863 811 3928 regia

267 3930 366 3980 educta
387 3935 462 3994 erat,
487 3931 539 3982 sibi
561 3933 697 3983 invenisse
718 3931 810 3982 viden-

267 4005 311 4050 tur
328 3999 459 4064 simulque
477 4000 532 4050 alia
543 4002 674 4067 quaedam
691 4003 810 4068 vestigia

267 4067 382 4130 aedium,
398 4085 468 4133 quae
486 4085 557 4120 nunc
575 4087 685 4135 prorsus
704 4073 810 4123 dirutae

267 4141 340 4188 sunt.
365 4137 441 4199 Quae
460 4154 521 4188 curn
545 4140 694 4204 persimilis
716 4143 749 4193 iis
772 4144 811 4192 si-

268 4207 397 4269 deantur,
417 4208 531 4272 quaein
551 4211 729 4262 monumentis
747 4213 811 4262 Per·

268 4275 428 4340 sepolitanis
459 4281 523 4326 suut
550 4281 711 4344 conspicua,
736 4281 811 4346 ipsos

268 4347 367 4398 Persas
389 4362 407 4398 a
430 4347 518 4399 Medis
544 4349 652 4400 aedium
674 4355 812 4402 exstruen-

854 1279 950 1330 dautes
973 1277 1100 1344 coeloque
1121 1279 1180 1344 ipso
1205 1278 1395 1330 saluberrimos

854 1365 913 1400 csse
932 1350 1031 1412 ferunt,
1049 1353 1080 1398 ut
1097 1349 1166 1399 bene
1188 1349 1303 1400 Deioees
1325 1349 1396 1399 hunc

853 1421 942 1470 locum
965 1419 1023 1469 sedi
1047 1420 1140 1484 regiae
1161 1419 1319 1470 condendae
1344 1419 1396 1470 ele-

854 1491 927 1556 gisse
951 1489 1085 1540 videatur.
1121 1488 1204 1540 Plura
1225 1491 1261 1560 de
1286 1489 1327 1540 bis
1350 1489 1396 1555 qui

854 1561 974 1625 cupiant,
987 1560 1087 1609 adeant
1105 1559 1245 1610 itineraria
1256 1559 1395 1610 doctorum

854 1629 1011 1697 bogiorum,
1022 1629 1139 1694 indeque
1155 1633 1266 1680 enotata
1280 1631 1314 1680 ab
1326 1631 1396 1680 Hes·

854 1701 930 1751 renio
949 1701 977 1750 in
988 1701 1070 1750 Ideen
1081 1705 1133 1760 etc,
1147 1701 1170 1752 Ι.
1182 1716 1246 1766 pag.
1259 1699 1311 1752 289
1321 1716 1395 1766 seqq.

855 1772 904 1824 307
924 1787 998 1836 seqq.
1019 1770 1080 1820 Alia
1098 1770 1150 1836 ipsi
1169 1771 1344 1821 excitavimus
1363 1770 1397 1820 acl

855 1843 965 1893 Ctesiae
995 1839 1084 1891 locum
1113 1840 1267 1904 laudatum,
1300 1841 1397 1906 quibus

856 1929 927 1963 nunc
949 1910 1019 1961 addo
1044 1911 1105 1961 Van
1129 1911 1176 1961 der
1198 1911 1270 1975 bea
1293 1911 1326 1962 ad
1349 1913 1399 1961 Ar-

855 1983 925 2032 riani
938 1983 1007 2046 Exp.
1024 1981 1171 2032 Alexandr.
1189 1979 1253 2044 (111,
1265 1981 1308 2048 19)
1322 1981 1399 2031 Com-

856 2057 971 2102 mentar.
996 2051 1144 2115 geograph.
1163 2067 1226 2116 pag.
1251 2053 1294 2102 73.
1317 2052 1398 2101 Prae-

856 2123 934 2186 cipue
952 2119 1132 2170 consulendus
1156 2121 1207 2172 erit
1231 2121 1353 2171 Ritterus
1371 2122 1399 2170 in

855 2191 937 2240 libro:
962 2189 1110 2240 Erdkuude
1134 2187 1194 2252 (VI,
1213 2189 1244 2255 2)
1268 2191 1329 2241 Vol.
1350 2191 1398 2241 IX.

855 2275 882 2324 p.
902 2259 936 2309 98
955 2274 1031 2323 seqq.
1051 2260 1142 2324 etqui
1161 2264 1256 2323 postea
1272 2267 1399 2311 accurate

857 2334 884 2379 et
902 2328 1010 2392 copiose
1035 2329 1067 2377 de
1085 2328 1234 2379 Ecbatanis
1253 2330 1310 2394 egit
1328 2331 1399 2391 Qua-

855 2395 970 2448 trembre
989 2395 1081 2460 (Mem.
1106 2399 1139 2446 de
1160 2397 1265 2446 l'Aead.
1285 2397 1332 2447 des
1356 2399 1400 2446 Iu-

856 2468 962 2532 scripit.
973 2467 1007 2516 T.
1020 2467 1093 2526 XIX,
1115 2468 1139 2518 l.
1158 2482 1220 2530 pag.
1234 2465 1285 2514 419
1297 2465 1397 2530 seqq).

856 2538 910 2586 Hic
929 2535 998 2585 enim
1017 2536 1059 2584 vir
1077 2536 1173 2586 doctus
1192 2535 1310 2597 edocuit,
1323 2535 1399 2584 urbis

856 2622 952 2657 nomen
970 2621 1062 2656 verum
1081 2606 1165 2656 fuisse
1180 2604 1309 2664 Alinsetla,
1327 2604 1400 2668 quod

856 2677 884 2726 in
913 2691 993 2725 sacro
1025 2676 1159 2740 scriptura
1189 2676 1289 2740 legitur
1318 2674 1400 2740 idque

856 2747 944 2811 ipsum
963 2747 1107 2796 convenire
1126 2744 1401 2812 quodammodo'cum

857 2817 963 2866 nomine
982 2817 1039 2866 eius
1055 2816 1144 2879 urbis,
1163 2831 1232 2882 quac
1250 2815 1402 2866 recentiore

858 2891 950 2937 aetate
971 2886 1143 2937 inhaesere
1164 2886 1276 2952 regione
1298 2887 1402 2935 inveni-

858 2953 918 3018 tu'r,
937 2955 1087 3017 Homadena,
1111 2957 1179 3007 adeo
1202 2960 1233 3006 ut
1255 2956 1323 3006 haec
1342 2956 1401 3020 ipsa

858 3028 886 3076 in
904 3028 1004 3076 veteris
1024 3027 1098 3076 urbis
1122 3027 1210 3077 locum
1230 3027 1345 3076 cessisse
1362 3025 1401 3074 vi-

858 3097 968 3156 dentum
999 3097 1123 3162 idemque
1152 3098 1233 3147 etiam
1260 3095 1401 3158 refutavit,

858 3182 928 3232 quae
943 3165 1100 3217 Rawliuson
1124 3167 1151 3216 in
1175 3165 1403 3217 commentatione

858 3237 892 3286 de
911 3237 966 3285 situ
990 3237 1090 3286 veteris
1109 3237 1183 3287 urbis
1202 3237 1348 3297 („Memoir
1367 3250 1402 3285 on

858 3306 904 3356 the
923 3307 974 3356 site
993 3307 1024 3356 oi
1038 3306 1083 3356 the
1101 3306 1298 3372 Atropatenian
1315 3306 1403 3355 Ecba-

858 3375 943 3426 tans“
959 3376 987 3424 in
1000 3376 1076 3437 „Tbe
1088 3376 1202 3427 Journal
1218 3376 1248 3425 of
1264 3375 1310 3425 tbe
1325 3373 1402 3452 rqyal

859 3445 1053 3511 geographical
1071 3447 1175 3510 society
1194 3446 1266 3495 etc.“
1285 3446 1318 3495 X.
1330 3445 1402 3508 ndo

858 3514 963 3566 -lbssz
983 3515 1054 3565 unde
1073 3531 1143 3580 quae
1167 3516 1245 3564 Vens
1267 3515 1294 3562 in
1317 3513 1401 3564 libro:

858 3585 981 3636 Nineveh
1006 3584 1060 3634 and
1084 3585 1237 3649 Persepolis
1261 3599 1325 3649 pag.
1350 3584 1402 3634 414

859 3670 934 3719 seqq.
967 3654 1057 3716 affert,
1081 3654 1218 3719 descripta
1245 3654 1301 3704 iero
1324 3652 1402 3708 suntl

859 3725 974 3790 probare
999 3727 1114 3774 conatus
1145 3728 1218 3785 crat,
1243 3723 1310 3773 duas
1341 3723 1404 3773 olim

861 3794 999 3844 exstitisse
1018 3793 1113 3856 urbes,
1133 3794 1333 3844 Ecbatanorunr
1356 3808 1404 3841 no·
1479 3831 1500 3856 ,

860 3865 932 3913 minc
952 3863 1106 3928 insignitas,
1126 3863 1238 3914 alteram
1256 3864 1345 3928 priseo
1358 3862 1405 3912 ad-

862 3933 970 3983 modum
989 3948 1056 3982 aevo
1076 3949 1092 3983 a
1111 3933 1286 3984 Semiramide
1300 3936 1406 3982 exstru-

861 4007 932 4052 ctam
948 4018 978 4052 eo
997 4003 1053 4053 iere
1069 4003 1144 4066 loco,
1167 4019 1220 4068 quo
1245 4008 1341 4067 postea
1363 4002 1404 4052 in—

860 4073 985 4122 veniatur
1004 4073 1162 4135 Hamadan,
1181 4073 1294 4122 alteram
1312 4089 1328 4122 a
1350 4072 1406 4121 De-

860 4143 919 4192 ioce
937 4147 1117 4205 exstructam,
1142 4143 1218 4192 cuius
1241 4143 1334 4192 ruinae
1358 4139 1406 4190 atl-

861 4212 913 4261 huc
936 4217 1080 4262 cernantur
1111 4228 1142 4262 eo
1164 4211 1239 4272 loco,
1263 4213 1307 4262 cui
1332 4226 1405 4261 nunc

861 4297 958 4333 nomen
978 4281 1069 4334 Tatta
1085 4281 1219 4340 Salamas,
1230 4283 1249 4332 i.
1265 4298 1289 4332 e.
1307 4280 1406 4331 solium

862 4351 1024 4404 Salomonis.
1047 4351 1116 4406 Vide
1129 4351 1298 4417 potissimum
1311 4367 1339 4417 p.
1352 4351 1406 4402 127
