3086 4932
621 272 748 336 omo.
770 275 796 336 ι.
818 283 862 338 se.
944 237 949 264 ⁷
1250 269 1310 332 rso

176 475 212 517 τε
233 449 270 516 ἐν
286 449 406 534 πέδῃσι
422 449 605 534 δεδεμένον
621 449 676 516 καὶ
699 449 752 527 δὶς
772 444 851 518 ἑκτὰ
866 453 993 520 Λυδῶν
1013 443 1093 538 παρ’
1110 442 1217 517 αὐτόν’
1231 461 1308 516 τεαῖ-

179 556 257 634 δας,
289 550 326 618 ἐν
348 546 415 641 νόῳ
441 553 527 637 ἔχων
550 559 616 619 είτε
635 547 675 640 δὴ
697 548 878 640 ἀκροθίνια
898 559 1002 624 ταῦτα
1024 567 1195 638 καταγιεῖν
1216 555 1311 619 θεῶν

180 649 263 744 ὅτεῳ
283 648 344 740 δὴ,
375 660 441 720 είτε
460 655 516 721 καὶ
541 651 643 742 εὐχὴν
664 656 848 725 ἐπιτελέσαι
870 661 1000 742 θέίων,
1032 666 1097 727 είτε
1120 657 1175 724 καί
1199 654 1309 724 πυθό-

182 780 281 844 μενος
298 749 358 822 τὸν
375 761 523 844 Κροῖσον
540 755 626 826 εἶναι
648 762 828 845 θεοσεβέα,
856 765 955 829 τοῦδε
979 765 1109 830 εἵνεκεν
1130 753 1310 847 ἀνεβίβασε

182 859 237 927 ἐπὶ
262 854 324 946 τὴν
354 855 483 947 πυρὴν,
515 859 721 949 βουλόμενος
753 864 894 946 εἰδέναι,
924 873 958 932 εί
980 870 1029 943 τίς
1055 891 1112 952 μιν
1141 862 1312 952 δαιμόνων

181 959 318 1051 ῥύσεται
342 965 403 1029 τοῦ
426 959 471 1051 μὴ
498 962 623 1046 ζώοντα
652 969 915 1054 κατακαυθῆναι.
953 962 1011 1034 τὸν
1036 966 1097 1054 μὲν
1124 963 1165 1054 δὴ
1187 969 1313 1036 ποιέειν

178 1070 302 1134 ταῦτα·
337 1069 384 1158 τῷ
403 1067 441 1135 δὲ
461 1062 597 1161 Κροίσῳ
619 1069 753 1136 ἑστεῶτι
775 1069 830 1136 ἐπὶ
852 1073 910 1157 τῆς
928 1072 1036 1158 πυρῆς
1057 1072 1228 1154 ἐσελθεῖν,
1259 1076 1317 1137 καί

179 1195 243 1258 περ
263 1170 301 1237 ἐν
319 1173 412 1262 κακῷ
434 1169 522 1240 ἐόντι
540 1169 687 1265 τοσούτῳ
694 1223 704 1258 ,
728 1168 765 1241 τό
787 1175 847 1240 τοῦ
869 1170 1045 1257 Σόλωνος,
1073 1167 1117 1250 ὥς
1133 1175 1167 1238 oi
1182 1181 1233 1257 είη
1250 1169 1314 1240 σύν

179 1337 226 1386 vix
248 1337 350 1401 poterit
368 1337 515 1406 eodemque
537 1339 620 1390 etiam
644 1341 726 1406 perti·
776 1355 871 1390 revera
892 1340 997 1389 iussum
1021 1348 1088 1388 esso
1105 1335 1270 1388 adscendere
1291 1337 1319 1385 iu

179 1407 282 1456 nebunt
294 1421 335 1469 ea,
349 1422 419 1472 quae
430 1409 559 1460 Croesum
578 1425 638 1459 carm
654 1411 725 1475 Cyro
775 1426 871 1476 rogum
888 1409 950 1474 (hoc
968 1411 1039 1460 enim
1055 1414 1099 1459 est
1115 1398 1263 1474 ἀνεβίβασε
1277 1397 1319 1454 ἐπ’

180 1475 377 1542 colloquentem
401 1483 485 1545 atque
508 1495 568 1530 cum
592 1480 650 1544 ipso
674 1480 725 1530 deo
775 1473 877 1545 αὐτὴν)
897 1479 993 1530 scribit
1015 1479 1095 1544 idque
1114 1478 1197 1529 etiam
1216 1479 1319 1528 iactum

181 1546 359 1596 disserentem
383 1553 410 1598 et
430 1549 648 1615 expostulantem
671 1551 726 1600 No·
776 1565 836 1602 esse
864 1567 925 1600 mox
951 1549 1072 1600 declarat
1102 1549 1192 1598 verbis
1218 1544 1258 1614 τῷ
1288 1539 1320 1595 δὲ

181 1617 321 1666 sterfacit
347 1632 407 1683 cap.
436 1619 470 1670 90
493 1635 549 1685 seq.
585 1621 680 1686 Neque
697 1620 725 1670 id
776 1618 891 1688 Κροίσῳ
911 1609 1022 1670 ἑστεῶτι
1041 1612 1087 1668 ἐπὶ
1111 1613 1162 1683 τῆς
1180 1615 1317 1682 ττνρῆςκ.

181 1701 248 1737 sane
260 1687 455 1754 iugitduglum
465 1692 633 1755 scriptorem,
642 1691 726 1741 Grote
776 1705 800 1739 τ.
819 1688 843 1739 ί..
856 1721 890 1729 -
902 1691 935 1740 ln
947 1704 1024 1756 seqq.
1038 1689 1222 1754 prolixitatem
1236 1703 1320 1753 quau-

182 1756 288 1820 history
306 1757 337 1806 oi
354 1757 455 1809 Graece
472 1759 521 1811 IV.
541 1776 568 1826 p.
588 1759 639 1811 260
656 1776 724 1825 seq,
777 1761 840 1810 dam
869 1765 918 1810 ant
942 1759 1166 1826 perspicuitatem
1194 1759 1320 1808 observa·

182 1827 230 1892 qui
246 1825 281 1876 ad
302 1841 335 1876 ea
353 1825 524 1892 illustranda,
544 1845 614 1894 quae
629 1830 726 1880 Graeci
777 1845 837 1880 mus
861 1830 991 1880 orationis
1014 1829 1187 1878 Herodoteae
1210 1829 1239 1876 in
1262 1843 1321 1876 ver-

182 1885 316 1948 Herodoti
333 1903 425 1949 aetate
443 1899 477 1950 de
490 1901 547 1949 fato
557 1900 669 1966 eiusque
681 1916 726 1950 ne·
776 1900 819 1949 bis
836 1896 941 1948 τοῦδε
960 1895 1095 1947 εἵνεκεν
1106 1929 1141 1938 —
1153 1891 1320 1964 βοοίόμε-

184 1967 322 2030 cessitate,
337 1982 391 2032 qua
410 1969 490 2019 simul
509 1970 616 2020 iustitia
634 1969 727 2020 diviua
778 1983 846 2025 νος.
866 1971 889 2019 Α
908 1985 962 2035 qua
980 1973 1072 2018 tamea
1090 1983 1141 2018 nec
1163 1967 1232 2017 aiios
1254 1966 1321 2016 scri-

185 2035 351 2100 contiuetur‚
371 2040 519 2102 senserint,
543 2039 613 2090 hanc
635 2055 726 2090 narra·
777 2045 870 2104 ptores
887 2039 991 2089 alienos
1010 2052 1079 2101 esse,
1096 2041 1265 2099 monstrent,
1285 2037 1321 2086 ci·

188 2105 291 2154 tionem
320 2121 423 2158 amnem
452 2109 596 2160 admodum
625 2110 725 2173 valere,
777 2113 854 2159 tante
868 2109 921 2172 Or,
944 2107 1097 2159 Heindorfii
1120 2109 1262 2172 disputata
1286 2104 1321 2156 ad

187 2174 300 2224 iudicat·
320 2206 354 2216 -
370 2178 401 2228 Iu
421 2179 544 2230 clausula
559 2181 654 2246 paucis
673 2195 727 2230 mo·
777 2179 886 2230 Platon.
906 2181 1048 2244 Protaqor¹
1077 2194 1104 2244 p.
1128 2179 1180 2232 605
1204 2175 1265 2227 coli.
1285 2175 1321 2225 ad

188 2245 280 2293 nuisse
298 2245 416 2298 sufficiat
443 2249 475 2300 de
501 2265 534 2300 ea
561 2251 726 2312 narratione,
777 2245 916 2302 Phaedon.
937 2266 963 2314 p.
985 2247 1040 2300 199.
1066 2279 1100 2287 -—
1123 2249 1187 2298 Mox
1206 2245 1320 2311 scrupi-

188 2329 258 2380 quae
280 2316 351 2380 apud
377 2319 512 2386 mythogr.
536 2321 685 2370 Vaticaoos
711 2335 728 2369 a
776 2315 835 2378 ζειν
853 2319 978 2386 frequens
992 2319 1120 2370 insaoris
1134 2316 1269 2368 faciundis
1286 2315 1320 2365 de

186 2383 272 2435 Bodio
295 2385 422 2452 vulgatos
449 2389 472 2442 I.
501 2388 525 2451 6.
555 2391 613 2443 196.
638 2390 675 2442 11.
701 2393 727 2452 §-
778 2390 821 2452 iis,
841 2403 910 2454 quae
933 2391 961 2438 iu
985 2389 1028 2439 dei
1051 2389 1166 2440 alicuius
1191 2387 1319 2438 honorem

188 2453 247 2506 190.
268 2453 300 2505 δε
315 2457 415 2509 Croeso
434 2464 514 2525 capto
533 2461 634 2524 etOyri
651 2461 728 2510 iussu
777 2459 959 2510 incenduntur
988 2463 1015 2510 et
1043 2463 1211 2521 cremantur,
1237 2463 1268 2508 ut
1296 2457 1319 2518 1,

185 2525 299 2575 flammis
319 2529 429 2588 tradito,
453 2530 500 2579 sed
522 2530 615 2594 pluria
636 2545 728 2595 super·
780 2529 839 2580 163.
861 2529 919 2582 198.
938 2530 976 2592 Π,
994 2533 1037 2581 41.
1059 2528 1108 2579 130
1131 2533 1183 2579 eto.
1220 2527 1263 2579 Ad
1280 2525 1320 2576 tu-

184 2595 311 2646 venieute
331 2597 445 2648 liberato
462 2601 612 2665 iterumque
631 2599 728 2650 deinde
779 2601 834 2649 turi
852 2599 964 2650 iorrnam
981 2601 1126 2663 καταγιεῖν
1141 2599 1198 2650 vid.
1210 2597 1319 2658 similia,

184 2669 266 2730 capto
292 2671 319 2715 et
345 2670 419 2719 cruci
443 2669 527 2718 aitixo
552 2675 651 2720 exstat.
687 2671 728 2720 Ex
779 2659 1320 2734 quaeattulitBredov.p.378.-oispo-

185 2736 262 2786 Mose
278 2735 445 2788 Choreneusi
463 2739 517 2788 aiis
539 2740 729 2804 quaedamst·
779 2738 863 2790 θίνια
887 2740 919 2790 de
942 2740 1069 2804 primitiis
1096 2755 1117 2788 s.
1143 2739 1262 2788 donariis
1288 2752 1321 2785 ex

185 2805 239 2855 fert
256 2806 408 2873 Reinsberg
427 2809 453 2858 in
471 2809 584 2860 Jahrbb.
610 2811 629 2859 i.
656 2809 726 2860 Phil.
779 2809 880 2874 praeda
897 2809 968 2859 bello
979 2816 1061 2874 capta
1073 2809 1250 2873 victoriisque
1262 2821 1322 2872 par·

185 2891 213 2927 u.
231 2875 353 2944 Paedag.
381 2877 476 2944 Suppl.
498 2873 603 2930 XVIss.
625 2897 653 2945 p.
676 2881 727 2930 422
779 2885 809 2929 ta
831 2879 930 2930 oblatis
954 2894 1059 2943 semper
1089 2877 1142 2926 dici
1169 2885 1243 2928 recte
1266 2893 1322 2958 mo-

186 2960 262 3064 ’odd'
275 3011 378 3081 πέδῃσι
401 3013 566 3083 δεδεμένον]
595 3019 637 3067 De
667 3033 729 3067 con·
778 2948 978 3084 ἐοῗόρὲῗξζοωβο
997 2945 1320 3095 ΨῙῗῦὴὲόόένόόέεξὴέ,

186 3084 272 3134 atomi
290 3083 346 3135 iere
365 3087 394 3135 in
412 3085 454 3136 his
478 3102 529 3138 asu
552 3087 730 3152 praepositio·
779 3091 821 3141 90.
841 3087 918 3151 vm,
939 3089 998 3139 121.
1020 3087 1079 3140 122.
1102 3118 1137 3126 -
1156 3085 1235 3138 θεῶν
1250 3101 1321 3152 orep

186 3155 230 3204 nis
253 3143 283 3202 ἐν
307 3155 380 3206 coni.
404 3171 486 3221 supra
507 3157 620 3208 laudata
649 3157 684 3207 ad
706 3157 728 3220 1,
778 3152 825 3223 δὴ,
843 3159 862 3208 1.
882 3175 906 3209 ε.
930 3159 977 3210 deo
1003 3162 1086 3209 ποιεῖν
1108 3161 1157 3208 cui.
1180 3159 1241 3210 Vid.
1266 3157 1319 3220 111,

186 3223 221 3275 66
238 3222 284 3273 tin.
308 3225 387 3290 Quod
403 3241 458 3276 uua
482 3241 543 3277 cum
568 3227 668 3278 Croeso
691 3227 750 3278 dis.
780 3230 839 3281 121.
859 3228 964 3281 Aeliae.
988 3229 1022 3280 N.
1043 3230 1075 3280 Α.
1102 3229 1149 3290 IV,
1168 3229 1210 3283 53.
1244 3229 1319 3278 Idem

186 3301 280 3357 septem
299 3295 437 3360 Lydorum
465 3295 513 3346 tilii
536 3297 649 3348 flammis
675 3302 730 3347 tra·
779 3301 906 3364 frequens
934 3300 1102 3360 Pausaniae,
1134 3299 1181 3350 ubi
1212 3299 1321 3350 notavit

187 3363 296 3426 duntur,
323 3381 377 3416 non
403 3365 461 3416 sine
485 3382 569 3418 causa
591 3367 661 3418 hunc
682 3382 730 3417 na·
780 3368 1060 3430 Siebelis.ad1,13.
1099 3369 1153 3419 ,3.

187 3448 298 3495 meram,
322 3451 401 3500 quem
426 3437 539 3487 eundem
563 3438 644 3488 etiam
668 3437 730 3488 aliis
814 3436 854 3502 roi
873 3430 1051 3504 diliculum,
1077 3435 1187 3487 sotades
1206 3430 1252 3484 ἐπὶ
1270 3432 1321 3498 τῆς

188 3503 217 3554 ia
234 3501 334 3555 fabulis
359 3521 386 3557 r.
409 3521 433 3555 c.
458 3507 491 3556 de
512 3507 666 3558 Minotauro
689 3508 729 3558 in·
780 3503 883 3570 πνρῆς,
903 3495 1039 3568 ἐσελθεῖν,
1059 3503 1110 3555 καί
1126 3519 1178 3570 περ
1196 3499 1226 3580 ἐν
1243 3499 1320 3566 anaqi

186 3573 320 3636 venimus,
339 3574 383 3624 hic
401 3577 465 3639 poni
486 3577 624 3628 existimat
643 3575 731 3628 Raoul
781 3568 856 3627 ἐόντι
873 3566 1014 3642 τοσούτῳ,
1044 3567 1077 3624 τὸ
1099 3572 1150 3623 τοῦ
1174 3568 1319 3634 Σοίωνος]

187 3642 322 3694 Roehette
334 3660 361 3710 p.
372 3645 432 3706 212,
448 3645 482 3695 ad
495 3645 664 3710 planetarum
676 3645 731 3697 cui·
780 3639 908 3696 ἐσελθεῖν
928 3644 1021 3695 eadem
1040 3649 1177 3694 structura
1198 3657 1280 3706 supra
1297 3641 1320 3692 1.

187 3718 246 3762 tum
263 3729 311 3778 per
330 3715 422 3766 varias
443 3716 524 3767 Asiae
543 3717 667 3782 regiones
685 3717 732 3767 ob·
781 3719 824 3778 24,
847 3715 894 3765 ubi
918 3715 974 3765 vid.
999 3715 1031 3764 In
1050 3711 1184 3778 particula
1204 3711 1255 3760 καί
1268 3724 1321 3774 περ

186 3783 261 3832 viam
280 3783 347 3834 haec
369 3789 493 3850 spectare
514 3791 601 3838 ratus.
626 3787 729 3838 Verba:
782 3781 947 3852 (quamquam,
966 3783 1023 3847 etsi)
1036 3780 1320 3848 offenditSchweigh.‚

186 3842 337 3920 ἀνεβίβασε
355 3844 402 3903 ἐπ’
425 3846 517 3920 αὐτὴν
534 3848 585 3904 τὸν
605 3855 732 3920 Κροῖσον
782 3857 828 3921 qui
846 3855 937 3920 potius
959 3858 1167 3918 exspectaverat
1189 3849 1236 3902 aui
1257 3844 1320 3918 γὰρ,

190 3922 293 3974 Grimm
312 3923 460 3989 (Deutsche
476 3924 687 3979 Rechtsalterth·
703 3941 730 3989 P·
782 3928 873 3992 quippe
899 3939 965 3984 τινα,
995 3925 1086 3988 quippe
1111 3926 1164 3990 qui,
1191 3924 1245 3974 nisi
1273 3919 1324 3972 καί

84 4059 88 4066 Ι
186 3991 250 4058 700)
281 3993 322 4044 ita
348 3995 436 4060 accipi
461 3995 529 4056 vult,
555 4000 586 4045 ut
614 3995 730 4046 Croesus
781 4009 834 4058 περ
858 3995 894 4044 sit
918 3992 1095 4044 reddendum:
1125 4009 1177 4044 eron
1204 3997 1319 4045 οιααίιιιε.

188 4077 244 4112 uon
266 4063 319 4128 ipsi
341 4079 408 4130 rogo
432 4065 574 4130 impositus
595 4065 731 4116 existimo·
781 4065 837 4116 Nos
866 4063 973 4128 quidem
999 4064 1028 4112 iu
1055 4063 1168 4132 vulgata
1196 4081 1251 4116 nou
1280 4064 1321 4114 ita

188 4136 243 4194 tar,
262 4134 310 4184 sed
336 4134 371 4184 ad
394 4135 484 4200 ignem
507 4135 648 4200 appositas
673 4134 732 4196 (aas
782 4133 949 4196 offendimus,
967 4137 998 4183 ut
1015 4147 1074 4184 eam
1098 4135 1142 4186 vel
1164 4135 1321 4186 mutandam

188 4203 274 4253 Fruar
281 4203 384 4270 μείεμί),
405 4203 512 4269 aliaque
527 4203 604 4254 addit
622 4219 655 4254 er
667 4204 732 4256 Ger·
781 4203 825 4255 vel
845 4203 924 4254 aliter
945 4209 1025 4268 certe,
1040 4219 1073 4256 ao
1089 4205 1171 4273 vulgo
1188 4205 1228 4268 iit,
1240 4203 1322 4269 expli·

188 4273 297 4323 manica
314 4275 478 4340 antiquitate
492 4275 616 4340 repetita,
636 4273 684 4324 sed
697 4273 731 4324 ab
781 4271 895 4325 eandam
910 4278 1044 4338 putemus.

187 4343 324 4394 Herodoti
341 4342 402 4394 loco
421 4335 519 4407 alieri,
538 4343 585 4410 qai
603 4343 731 4396 Croesum
816 4331 854 4401 οἷς
876 4333 907 4392 oi
927 4339 972 4408 είη
996 4335 1050 4394 οὖν
1070 4340 1131 4412 θεῷ
1155 4336 1322 4408 εἰρημένον]
