3064 4940
642 307 819 370 calori.
841 319 888 374 6⁰.
1270 309 1329 372 127

199 484 399 552 κατεστεῶσι
413 486 510 571 ἔνεμε
521 479 583 570 τὴν
596 479 711 567 πόλιν,
731 484 884 570 τιοσμίων
896 487 1005 563 καλῶς
1017 509 1057 552 τε.
1075 483 1130 552 καὶ
1145 473 1194 550 εὖ.
1230 480 1329 552 Μετὰ
1338 494 1378 557 60

200 581 292 664 δὲού
303 581 431 656 τολλόν
444 585 566 678 χρόνον
578 581 685 654 τώυτὸ
700 583 928 676 φρονήσαντες
941 591 977 656 οἵ
986 613 1023 654 τε
1037 591 1097 655 τοι)
1110 588 1330 673 Μεγακλέους

199 691 377 758 στασιῶται
399 689 454 758 καὶ
468 693 503 758 cl
521 693 582 758 τοῦ
596 687 798 776 Λυκούργου
821 689 1039 771 ἐξελαύνουσί
1056 719 1124 780 μιν.
1158 685 1246 778 οὕτω
1268 689 1331 779 μὲν
1405 751 1407 756 ,
1437 774 1439 780 Α

199 799 439 884 Πεισίστρατος
461 799 536 884 ἔσχε
562 789 600 864 τὸ
627 795 760 880 πρῶτον
788 790 948 882 Ἀθήνας,
974 795 1034 878 καί,
1056 792 1118 884 τὴν
1144 799 1331 883 τυραννίδα

199 893 290 966 οὔκω
316 895 422 985 κάρτα
443 897 666 985 ἐρριζωμένην
692 901 777 982 ἔχων
803 892 958 985 ἀπέβαλε.
999 902 1034 966 οἱ
1053 898 1091 968 dl
1119 896 1331 980 ἐξελάσαντες

201 1094 341 1144 declarant
363 1094 462 1144 verba:
493 1084 538 1143 tul
562 1096 636 1143 τοῖσι
663 1107 744 1143 aare*
791 1097 887 1148 lenden
909 1098 1076 1162 Versasmup.
1094 1097 1177 1148 Plura
1193 1084 1331 1152 Lambert.

204 1162 379 1226 praedoctum
396 1154 442 1213 tal
460 1179 492 1214 eo
510 1179 600 1226 sensu,
616 1179 741 1228 quocap.
793 1168 857 1217 Bos.
883 1167 1015 1216 Observv.
1039 1169 1111 1216 critt.
1140 1183 1199 1233 cap.
1225 1169 1251 1220 3.
1278 1171 1332 1219 He-

202 1251 258 1300 seq.
275 1224 321 1284 tut
335 1231 369 1300 τῇ
386 1230 556 1298 τυραννίδι),
566 1235 742 1291 Pisistratum
793 1237 861 1286 rald.
881 1237 912 1285 in
927 1235 1042 1303 Saluiae
1061 1236 1143 1288 Obss.
1161 1239 1197 1287 ad
1215 1239 1262 1288 Ius
1274 1241 1331 1288 Att.

200 1305 260 1356 urbi
278 1303 443 1369 praefuisse,
467 1309 584 1361 servata.
600 1319 647 1368 ea,
672 1319 745 1369 quae
793 1313 820 1358 et
838 1307 916 1357 Rom.
935 1305 968 1368 V,
989 1307 1030 1357 14.
1055 1309 1079 1368 §-
1104 1309 1134 1358 11..
1166 1307 1278 1357 Fundus
1296 1307 1334 1357 lc-

199 1375 253 1426 luit
270 1374 428 1437 constituta,
447 1389 475 1424 re
493 1374 603 1439 publica
619 1390 669 1425 nec
686 1381 742 1424 tur·
793 1378 910 1427 cationis
934 1375 1132 1441 quodammodo
1160 1378 1333 1428 Homericum

199 1445 271 1506 batis
302 1443 407 1509 legibus
445 1448 493 1494 aut
525 1443 741 1509 magistratibus.
792 1447 858 1498 iflad
875 1445 987 1511 (Odyss.
1012 1446 1076 1510 VII,
1103 1447 1162 1498 150.
1187 1447 1254 1512 ibiq.
1280 1447 1334 1500 Eu·

199 1513 282 1572 Haud
301 1513 381 1570 aliter
400 1504 435 1562 rol
456 1511 636 1567 καθεστεώτα
654 1515 688 1565 de
704 1513 740 1563 le·
791 1517 874 1568 stath.
893 1532 957 1583 pag.
978 1516 1029 1566 278
1046 1515 1137 1584 Bas.):

201 1585 280 1650 gibus
298 1587 327 1642 et
350 1583 483 1633 institutis
507 1579 646 1648 dicuntur,
669 1599 740 1650 quae
954 1617 991 1626 -
1008 1583 1039 1650 γε’
1058 1601 1091 1643 ας
1112 1576 1142 1634 d'
1162 1576 1180 1636 ὅ
1198 1602 1223 1636 τι
1241 1583 1332 1651 δῆμος

200 1653 336 1712 valentin
355 1667 384 1702 re
405 1652 527 1718 publica,
546 1655 619 1718 apud
642 1655 741 1709 Demo·
1041 1601 1181 1705 ldmsevf‘

200 1723 287 1786 athen.
306 1723 335 1775 in
352 1723 460 1788 Leptin.
486 1727 511 1786 ξ.
536 1725 578 1774 17.
602 1739 665 1788 pag.
689 1723 740 1776 462
792 1724 835 1774 Gr.
869 1723 902 1773 In
931 1725 1029 1790 quihus
1044 1726 1149 1775 ·verbis
1175 1725 1270 1778 Ulixes
1299 1725 1332 1775 de

200 1795 238 1844 11.
252 1793 324 1844 Plat.
342 1793 384 1844 De
400 1794 485 1859 Legg.
503 1793 567 1845 VII.
585 1808 613 1858 p.
637 1793 689 1844 798
707 1793 741 1844 Β.
791 1793 945 1846 Phaeacum
961 1795 1118 1858 proceribus
1137 1789 1219 1858 γέρας
1242 1793 1334 1850 lundis

200 1861 295 1928 Polyb.
318 1863 358 1925 II,
377 1864 419 1926 21,
439 1863 475 1926 3.,
498 1867 580 1928 atque
608 1855 638 1911 ol
659 1854 743 1926 νόμοι
792 1863 851 1927 regi
875 1877 892 1911 a
914 1862 1014 1927 populo
1044 1864 1182 1928 concessis
1207 1863 1336 1927 intelligit

201 1931 390 1991 καθεστεῶτες
423 1932 452 1981 in
487 1931 614 1997 Sophocl.
648 1931 742 1996 Antig.
793 1933 945 1983 Tittmann.
985 1931 1126 1998 (Darstell.
1160 1933 1186 1983 d.
1227 1931 1334 1983 Griech.

203 2001 366 2054 1031110111.
385 2001 654 2067 ipsenosrermt.
674 2001 744 2052 dixit
795 2003 959 2054 Staatsveri.
988 2017 1052 2068 pag.
1083 2001 1162 2067 aa),
1188 2002 1234 2068 qui
1262 2001 1336 2056 iden

201 2064 253 2125 τὸν
268 2070 323 2128 νῦν
339 2069 512 2129 κατεστεῶτα
529 2063 744 2136 αόσμονΣτιαρ-
795 2069 965 2136 Thucydidis
996 2072 1080 2124 rerba
1115 2087 1198 2138 supra
1228 2071 1335 2137 prolata

201 2133 319 2207 τιήτῃσι,
338 2143 358 2194 1.
382 2157 406 2191 e.
427 2139 537 2194 οτατλετα
556 2157 579 2192 s.
597 2149 688 2199 ιλιτιτντι
704 2143 746 2198 rei
794 2133 840 2191 lul
859 2135 971 2208 ῥητοῖσι
994 2141 1091 2208 γέρασι
1109 2142 1145 2192 ad
1165 2157 1278 2208 regnum
1295 2157 1335 2190 re-

198 2213 323 2276 publicae,
344 2211 390 2278 qui
413 2227 485 2262 nunc
502 2210 574 2277 apud
592 2212 742 2276 Spartanos
794 2213 877 2276 ditus,
895 2213 1005 2263 minime
1030 2227 1108 2274 vero,
1133 2219 1163 2263 ut
1188 2212 1269 2278 vulgo
1294 2211 1334 2279 lit,

202 2281 316 2332 obtinet.
334 2281 376 2330 De
393 2281 539 2332 Pisistrato
557 2281 631 2348 leges
658 2287 685 2331 et
702 2281 742 2329 in·
794 2282 829 2332 ad
852 2283 926 2334 iura¹⁴
940 2297 1105 2348 muneraque
1133 2299 1224 2334 eorum
1253 2283 1336 2332 refert

202 2351 302 2402 stituta
329 2351 449 2402 civitatis
478 2352 642 2402 observante
670 2347 743 2416 quod
793 2357 833 2418 (p.
851 2353 895 2405 68.
914 2352 1034 2406 not-69.
1053 2352 1071 2403 1.
1095 2349 1139 2416 1.).
1175 2353 1251 2416 Quae
1270 2353 1335 2402 mihi

201 2419 357 2472 Herodotus
390 2421 498 2483 scribit,
528 2421 598 2476 idem
624 2423 744 2470 testatur
795 2427 868 2472 certe
882 2435 940 2473 'non
958 2423 1104 2488 persuasit.

201 2490 341 2541 Plutarch.
360 2490 416 2544 Vit,
435 2491 526 2542 Solon.
549 2505 609 2556 cap.
630 2490 677 2552 31,
697 2489 744 2540 ubi
830 2485 928 2557 ἔνεμε
957 2485 1010 2558 τὴν
1041 2484 1136 2555 πόλιν]
1168 2491 1211 2544 In,
1235 2489 1336 2540 Aldina

201 2561 377 2612 Pisistratum
387 2561 475 2624 ipsum
486 2561 579 2610 caedis
593 2575 667 2614 reum
680 2559 745 2610 scri·
795 2556 883 2627 ἔμενε,
902 2561 975 2627 quod
991 2562 1118 2614 Reislrius
1142 2560 1276 2626 praefert,
1302 2560 1336 2610 de

203 2631 244 2680 bit
269 2631 298 2680 in
322 2631 464 2695 Areopago
494 2645 604 2680 cansam
634 2629 744 2680 dixisse.
795 2631 901 2697 legibue
919 2631 1083 2697 intelligens,
1101 2631 1362 2696 quihusPisistra-·

203 2699 273 2750 Add.
293 2699 432 2750 Aristotel.
451 2699 533 2752 Polit.
552 2701 585 2762 V,
607 2699 647 2752 12.
668 2700 745 2762 Quae
796 2707 840 2752 tus
850 2703 966 2764 steterit,
978 2701 1052 2752 haud
1061 2702 1183 2752 mutatis.
1195 2696 1336 2764 Plutarch.

204 2785 265 2822 cunr
295 2771 335 2820 ita
363 2769 433 2832 sint,
463 2769 625 2820 Pisistratus
652 2769 746 2820 Soloni
795 2770 815 2822 1.
838 2771 859 2823 1.
883 2771 916 2822 dc
939 2772 1101 2822 Pisistrato:
1131 2761 1265 2834 ἐφύλαττε
1284 2759 1337 2834 γὰρ

204 2841 300 2905 utique
325 2839 445 2894 scribere
470 2840 561 2904 potuit
586 2837 654 2905 (vid.
679 2839 746 2888 Dio·
796 2833 865 2899 τούς
891 2840 1040 2900 πλείστους
1071 2831 1177 2905 νόμους
1206 2838 1257 2888 τοῦ
1281 2829 1337 2887 26-

204 2926 266 2976 gen.
290 2910 383 2962 Laert.
408 2909 432 2972 1,
462 2909 527 2976 53),
556 2925 594 2972 se,
623 2909 746 2974 quamvis
796 2910 899 2975 λωνσς,
926 2901 1083 2975 ἐμμένων
1109 2906 1221 2972 πρῶτος
1251 2899 1344 2970 αὐτὸςΙ
1397 2970 1402 2980 ¹

204 2987 337 3046 tyrannus
372 2979 519 3043 habeatur,
551 2977 618 3028 nihil
644 2984 745 3041 tamen,
796 2975 844 3030 ααλ
864 2971 932 3038 τούς
954 2979 1057 3045 φίλους
1079 2969 1253 3043 ἀναγκάζων.
1276 2976 1338 3028 Ρ1ιι-

202 3057 311 3114 praeter
329 3050 472 3114 ιίίμνίλαλτια
488 3056 512 3099 et
528 3048 652 3112 honorent,
672 3064 689 3098 a
706 3063 746 3098 re·
795 3065 826 3100 ra
844 3050 878 3100 de
896 3050 948 3102 hcc
970 3049 1053 3100 verbo
1077 3048 1176 3114 collegi
1195 3047 1230 3097 ad
1249 3045 1339 3097 Philo.-

204 3121 287 3186 liqnis
305 3119 411 3170 civibus
430 3118 544 3182 differre,
557 3119 590 3168 iis
606 3117 671 3168 solis
684 3133 747 3169 con·
795 3135 917 3186 poemen.
935 3136 999 3186 pag.
1021 3119 1063 3170 10.
1084 3119 1125 3170 ll.
1155 3119 1231 3182 Quae
1247 3122 1338 3168 tamen

203 3195 318 3252 tentum,
336 3205 407 3255 quae
424 3189 542 3254 priorum
554 3189 636 3238 etiam
652 3202 745 3254 regum
795 3189 905 3240 minime
922 3206 954 3241 eo
971 3189 1078 3252 valent,
1102 3193 1133 3240 ut
1154 3187 1338 3240 Herodoteam

205 3260 408 3311 luerintmunia
421 3250 466 3323 (τὰ
485 3249 556 3322 ρἠτᾶ
573 3255 745 3323 γε’ρα).11ιιιιτ
796 3258 941 3311 lectionem
958 3259 1099 3324 vulgatam
1121 3259 1182 3310 loco
1200 3263 1338 3320 moveant,

204 3329 279 3396 apud
296 3330 399 3394 priscos
423 3329 558 3392 Graecos,
582 3333 653 3378 teste
674 3325 747 3376 Thu·
796 3330 825 3379 in
844 3345 898 3394 qua
926 3327 1021 3394 νέμειν
1051 3327 1084 3377 de
1110 3329 1241 3394 regimine
1263 3327 1338 3380 urbis

204 3399 303 3466 cydide
325 3399 348 3462 I,
378 3398 419 3462 13,
446 3397 611 3452 hereditaria
637 3397 747 3446 suerunt
797 3398 907 3460 dictum,
926 3403 958 3448 ut
978 3399 1013 3460 V,
1038 3396 1083 3448 ⁶29.
1108 3391 1151 3448 11.
1171 3396 1215 3448 92.
1236 3401 1290 3446 etc.
1304 3425 1339 3434 -
1424 3401 1426 3404 ‘

203 3484 291 3536 regna
307 3459 353 3518 hrt
372 3460 471 3534 ρητσῑς
487 3465 593 3532 γέρασι,
612 3467 631 3517 1.
647 3481 672 3516 ε.
691 3479 746 3514 cer-
797 3466 840 3517 Aa
867 3467 922 3516 vim
955 3465 1031 3516 verbi
1061 3463 1190 3528 κοσμίαν
1224 3465 1339 3526 iaciunt,

202 3542 238 3590 tia
271 3539 452 3590 conditionibus
483 3537 665 3600 honoribusque
693 3537 749 3598 repr*
797 3551 868 3602 qnae
885 3535 921 3586 ad
939 3536 962 3597 1,
983 3533 1150 3585 65.devoce
1168 3526 1275 3597 κόσμος
1293 3547 1340 3582 au-

203 3609 358 3664 coastitutier
392 3607 490 3672 quibus
529 3606 596 3671 ipsis
631 3603 748 3670 legitimi
797 3610 893 3656 notata
909 3604 1045 3670 leguntur.

203 3679 341 3744 principes
373 3677 606 3740 distinguerentur
636 3673 670 3724 ab
703 3673 746 3735 iis,

203 3749 251 3813 qui
269 3763 318 3812 per
340 3747 394 3798 vim
417 3745 523 3797 civibus
545 3744 650 3796 illatam
674 3741 748 3794 belli-
999 3770 1055 3824 cst
1085 3772 1134 3823 Lx

204 3818 450 3882 queiurereganm
463 3814 666 3880 acquisiverint,
680 3827 747 3878 quos
1058 3809 1064 3825 ⁸
1136 3809 1143 3824 ’

204 3894 336 3952 tyrannos
352 3885 434 3952 vulgo
453 3885 557 3936 dicunt.
585 3883 617 3934 In
635 3897 748 3948 quorum
834 3868 1018 3940 ἐξελαύνουσί
1032 3876 1091 3944 μιν]
1111 3875 1190 3940 Quod
1206 3890 1259 3944 quo
1274 3879 1341 3928 tem·

205 3971 317 4007 ucnrerc
343 3971 378 4006 ne
390 3989 391 3996 ι
404 3955 559 4006 haberetur·
576 3953 747 4014 Pisistratus,
799 3964 864 4015 porc
881 3947 1058 4013 probabiliter
1074 3948 1111 3997 eit
1128 3947 1240 4010 iactum,
1259 3963 1341 4013 supra

205 4027 234 4074 in
260 4026 372 4090 imperio
398 4023 612 4076 administrando
640 4021 677 4071 nil
703 4021 749 4070 ille
800 4018 988 4068 indicavimus.
1007 4017 1096 4068 Eiecti
1111 4017 1251 4068 Pisistrati
1267 4018 1341 4068 bona

205 4094 260 4146 eibi
277 4095 376 4145 sumsit
392 4093 447 4147 *uisi
464 4108 533 4159 quae
552 4091 660 4157 regibus
682 4089 749 4155 legi·
799 4087 946 4154 publicata,
965 4103 1059 4138 verum
1078 4104 1094 4137 a
1109 4088 1215 4139 nemine
1233 4093 1341 4151 praeter

206 4163 290 4226 timis,
309 4161 462 4229 republica
479 4164 595 4226 integre,
614 4160 750 4210 olimccn·
800 4157 913 4208 Galliam
931 4162 1003 4208 emta
1021 4169 1081 4208 estc
1105 4163 1199 4208 narrat
1220 4157 1342 4207 Herodo-

206 4249 286 4284 σεται
309 4237 336 4284 et
359 4232 465 4284 tributa
486 4232 604 4282 fuerunt.
640 4228 750 4292 „Verba
800 4227 909 4288 tuaVI,
930 4227 1069 4280 121.A1ia
1085 4231 1206 4278 veterum
1220 4227 1341 4276 testimo·

206 4293 253 4352 tut
271 4304 346 4351 τοῖσι
363 4298 530 4350 κατεστεῶσι
543 4299 608 4349 binc
626 4303 695 4348 vert.
709 4299 751 4346 mit
800 4297 846 4346 nia
864 4295 974 4361 collegit
990 4297 1126 4346 Meursiua
1149 4297 1177 4346 in
1200 4295 1339 4344 Pisistrat.

206 4371 350 4434 Is'rlrallrmg
372 4371 425 4420 aad
444 4368 575 4434 Sohouroag
596 4369 643 4418 der·
666 4367 749 4416 berte·
801 4380 860 4430 cap.
874 4369 901 4416 λ.
915 4363 1068 4416 collPlass
1081 4364 1130 4416 1.1.
1144 4365 1167 4416 1.
1177 4379 1208 4428 p.
1223 4361 1339 4424 leuscq.
