3086 4952
558 279 682 341 CLIO.
705 282 730 340 1.
761 288 819 344 116.
845 287 904 344 117.
1236 277 1297 340 249

138 459 268 525 ’θέντα
282 454 363 523 τάδε
376 449 480 522 αὐτόν
495 449 634 542 εἰρετοό
652 451 849 542 Ἀστυάγης,
871 453 976 525 κόθεν
991 453 1087 543 λάβοι
1108 451 1166 522 τόν
1180 459 1295 538 παῖδα,
1395 483 1398 492 ’

162 560 220 627 καὶ
234 565 284 636 τίς
299 567 350 644 εἴη
365 552 382 624 ὁ
400 555 579 644 παραδούς.
614 551 632 626 ὁ
647 557 684 626 δὲ
699 560 731 639 ἐξ
747 560 875 627 ἑωυτοῦ
892 587 928 628 τε
943 565 1008 648 ἔφη
1022 561 1215 646 γεγονέναι,
1239 559 1296 628 καὶ

163 658 226 749 τήν
244 665 408 729 τεκοῦσαν
428 655 599 729 αὐτόνέτι
623 659 709 730 εἶναι
729 657 808 748 παρ’
826 664 949 755 ἑωυτῷ.
982 659 1162 752 Ἁστυάγης
1184 665 1224 732 δέ
1235 689 1294 750 μιν

163 761 228 832 οὐκ
255 754 293 832 εὖ
318 761 541 851 βουλεύεσθαι
566 769 648 852 ἔφη,
675 767 899 852 ἐπιθυμέοντα
924 768 957 845 ἐς
982 761 1129 852 ἀνάγκας
1151 765 1295 853 μεγάλας

160 864 400 936 ἀπικνέεσθαι·
425 861 492 954 ἅμα
505 893 541 936 τε
561 870 669 954 λέγων
682 871 785 936 ταῦτα
805 867 961 957 ἐσήμαινε
976 884 1060 938 τοῖσι
1076 868 1294 958 δορυφόροισι

162 969 350 1058 λαμβάνειν
368 965 479 1038 αὐτόν.
517 965 535 1038 ὁ
557 969 612 1056 δὲ,
641 966 802 1058 άγόμενος
822 973 854 1052 ἐς
875 968 933 1050 τάς
953 966 1115 1058 άυάγκας,
1143 968 1230 1041 οὕτω
1251 971 1294 1061 δή

162 1081 281 1158 ἔφαινε
295 1070 354 1142 τόν
375 1071 472 1142 ἐόντα
493 1072 603 1160 λόγον.
631 1071 813 1164 ἀρχόμενος
833 1072 874 1162 δὴ
895 1070 954 1142 ἀπ’
971 1070 1072 1162 ἀρχῆς
1092 1073 1230 1163 διεξήιε,
1252 1082 1292 1163 τή

161 1174 305 1265 ἀληθείη
327 1174 529 1265 χρεώμενος·
564 1179 620 1247 καὶ
641 1181 816 1266 κατέβαινε
837 1180 870 1257 ἐς
890 1175 982 1257 λιτάς
1007 1203 1043 1246 τε
1063 1179 1119 1247 καὶ
1139 1177 1292 1264 συγγνά-

161 1308 228 1370 μην
242 1282 357 1373 ἑωυτῷ
370 1277 521 1349 κελεύων
535 1285 624 1367 ἐχειν
641 1278 754 1351 αὐτόν.
782 1277 963 1369 Ἀστυάγης
978 1280 1034 1366 δὲ,
1057 1285 1117 1350 τοῦ
1130 1279 1193 1368 μέν
1212 1287 1292 1367 βου·
1306 1289 1363 1348 117
1386 1294 1392 1307 “

162 1382 263 1454 κόλου
282 1380 346 1471 τήν
358 1379 523 1472 ἀληθείην
536 1383 759 1473 ἐκφήναντος,
781 1383 881 1471 λόγον
900 1381 965 1473 ήδη
985 1385 1040 1454 καὶ
1059 1384 1189 1454 ἐλάσσω
1203 1385 1295 1452 ἐποι-

162 1493 249 1559 έετο·
277 1481 432 1580 Ἀρπάγφ
454 1487 491 1556 δέ
518 1490 574 1556 καὶ
602 1487 755 1578 μεγάλως
773 1486 1001 1578 μεμφόμενος,
1032 1492 1167 1558 καλέειν
1192 1483 1296 1556 αὐτόν

161 1588 237 1670 τούς
252 1589 465 1678 δορυφόρους
479 1592 622 1660 ἐκέλευε.
651 1587 695 1672 uic
717 1594 758 1662 δέ
775 1597 808 1661 οἱ
828 1597 939 1682 παρῆν
952 1586 1163 1679 δ’Ἀρπαγος,
1187 1589 1295 1680 εἴρετό
1377 1637 1381 1645 ·

161 1689 250 1784 μινό
267 1689 466 1781 Ἀστυάγης·
489 1688 654 1784 Ἅρπαγε,
676 1697 739 1790 τέῳ
760 1693 801 1784 δὴ
820 1693 910 1787 μόρῳ
931 1691 991 1765 τόν
1011 1701 1114 1764 παῖδα
1133 1693 1292 1782 κατεχρή-

161 1819 237 1882 σαο,
257 1795 316 1864 τόν
328 1823 379 1866 τοι
394 1799 573 1884 παρέδωκα
589 1801 625 1867 ἐκ
639 1796 809 1886 θυγατρός
825 1797 985 1885 γεγονότα
998 1801 1057 1885 τῆς
1071 1801 1165 1886 iusim
1199 1793 1235 1864 ‘0
1257 1797 1294 1866 δέ

151 1899 337 1990 Ἅρπαγος,
361 1885 405 1981 τός
421 1899 490 1969 εἶδε
510 1899 569 1970 τόν
588 1901 754 1990 βουκόλον
768 1907 867 1970 ἔνδον
882 1899 995 1986 ἐόντα,
1017 1897 1058 1970 ού
1071 1903 1226 1990 τρέπεται
1240 1901 1295 1969 ἐπὶ

163 2096 179 2156 ό
200 2096 357 2170 Ἀστυάγης]
384 2106 459 2158 Haec
485 2111 557 2158 certe
575 2107 705 2174 plurimo·
754 2103 828 2174 ἔχειν
843 2101 941 2176 αὐτόν]
962 2110 1099 2161 Immerito
1118 2108 1230 2159 haerent
1244 2107 1296 2158 viri

165 2191 225 2224 rum
242 2174 368 2224 librorum
388 2180 415 2226 et
432 2177 594 2242 scriptorum
612 2184 640 2230 et
658 2181 705 2228 im·
755 2179 829 2229 docti
847 2180 875 2230 in
897 2181 1042 2245 participio
1064 2171 1198 2242 κελεύων,
1223 2179 1296 2244 quod

166 2259 317 2310 pressorum
347 2243 441 2310 lectio,
476 2263 556 2312 quam
589 2264 621 2299 ex
650 2263 703 2299 uno
755 2254 863 2314 propter
880 2249 1041 2300 antecedens
1059 2245 1214 2316 κατέβαινε,
1231 2264 1296 2314 quo-

165 2314 302 2365 Sancroiti
320 2313 387 2364 libro
409 2317 560 2384 Schweigh.
584 2323 611 2369 et
628 2319 704 2370 usis-
755 2334 815 2368 cum
832 2335 880 2384 per
896 2320 1045 2384 particulas
1069 2333 1097 2368 τε
1119 2315 1166 2368 καὶ
1185 2317 1294 2368 coniun-

164 2384 234 2434 sord.
252 2389 392 2434 mutarunt
413 2387 441 2436 in
462 2387 650 2451 μουνωθέντα
668 2385 686 2436 δ
692 2380 704 2436 i
754 2392 826 2439 ctum
855 2393 909 2452 est,
939 2394 1072 2440 mutatum
1094 2387 1236 2440 voluerunt
1266 2388 1295 2437 iu

162 2455 223 2520 (pro
241 2447 329 2517 τάδε).
352 2453 406 2504 Alii
423 2456 497 2506 libri:
516 2454 705 2521 μουνωθέντα
754 2450 859 2507 κελεύει
889 2475 911 2510 ε.
940 2449 1072 2509 ἐκέλευεν.
1109 2459 1213 2522 Quibus
1235 2457 1294 2508 iure

161 2521 202 2588 δὲ,
216 2516 291 2586 τάδε,
311 2523 358 2574 alii
370 2519 527 2590 μουνόθεν,
542 2519 617 2590 τάδε,
631 2527 703 2592 quod
752 2544 807 2578 non
829 2529 973 2580 obsecutus
994 2533 1036 2580 ast
1058 2527 1296 2593 Schweighaeuse-

162 2595 315 2646 Gronovius
338 2594 477 2660 amplexus
501 2602 555 2659 cst,
577 2597 703 2662 quodque
753 2613 808 2660 rus,
826 2596 987 2650 locutionem
1002 2600 1041 2649 ita
1059 2597 1207 2662 explicans,
1219 2595 1295 2646 utad

161 2680 233 2714 uuuc
247 2666 530 2728 receperuntDindorf
541 2666 702 2718 etDietsch.
753 2660 887 2730 κελεύων,
913 2669 986 2734 quod
1009 2670 1037 2718 in
1063 2668 1186 2718 omnibus
1219 2665 1294 2715 libris

161 2733 357 2799 Wesseliugius
376 2749 408 2784 ec
424 2734 555 2786 Valcken.
573 2752 621 2801 pro
637 2728 704 2785 τάδε
753 2743 898 2802 comparet,
917 2745 1007 2789 mente
1024 2737 1110 2802 repeti
1127 2736 1194 2786 velit
1216 2732 1294 2784 κατέ-

162 2803 266 2854 mniunt
283 2802 301 2852 δ
309 2797 333 2867 η,
353 2803 504 2869 Schweigh.
522 2820 559 2855 τε.
584 2807 703 2869 Quorum
754 2805 845 2873 βαινε,
861 2809 933 2874 quod
944 2809 1031 2874 ipsum
1044 2807 1155 2856 verbum
1169 2809 1296 2855 constan-

161 2879 258 2924 ucutcr
274 2874 353 2924 uobis
372 2874 472 2938 placet,
492 2875 538 2940 qui
556 2891 616 2926 cum
633 2877 703 2926 Mat·
753 2878 863 2928 torisia
879 2879 990 2928 notione
1002 2891 1063 2925 cum
1078 2873 1223 2937 participio
1234 2887 1296 2921 oon-

162 2944 253 2994 thiaso
276 2945 304 2993 iu
329 2945 443 3010 vulgata
475 2945 703 3010 adquiescendum
754 2951 883 3009 struatur,
909 2951 939 2996 ut
968 2946 990 3006 Ι,
1018 2943 1060 2993 90.
1089 2943 1146 2992 118.
1177 2941 1224 3001 lx,
1251 2939 1293 2988 04.

162 3016 297 3066 duximus.
324 3015 406 3076 Nam,
425 3019 455 3064 ut
473 3015 505 3065 de
528 3016 640 3081 reliquis
663 3019 703 3064 ta·
753 3018 865 3068 Rectius
897 3020 988 3064 tamen
1020 3010 1154 3061 Matthiae
1187 3009 1215 3058 in
1249 3008 1294 3059 Gr.
1320 3069 1322 3072 Ι

162 3101 252 3146 ceam,
282 3085 356 3136 istud
392 3078 422 3134 δὲ
454 3085 541 3135 minus
576 3085 704 3136 convenit
755 3087 851 3138 Graec.
869 3088 895 3148 ξ.
912 3083 972 3146 631,
991 3085 1017 3134 4.
1041 3096 1104 3146 pag.
1130 3079 1197 3132 1300
1218 3076 1244 3128 h.
1275 3076 1294 3128 l.

162 3159 317 3205 structurae
345 3170 395 3204 nec
426 3155 478 3204 uisi
503 3170 550 3220 per
577 3153 704 3205 anacolu-
754 3157 789 3207 ad
804 3171 850 3206 cos
868 3155 994 3205 retulisse
1010 3152 1131 3214 videtur,
1151 3151 1179 3200 in
1197 3149 1294 3214 quibus

162 3226 236 3275 thina
254 3223 389 3290 quoddam
407 3239 492 3289 genus
504 3225 555 3276 rite
574 3224 704 3290 explicari
754 3227 872 3276 subitum
890 3225 1021 3276 cretionis
1040 3223 1216 3272 transiturus
1234 3235 1295 3268 ver-

161 3294 271 3362 potqrit.
753 3297 788 3346 bo
815 3295 894 3345 finito
921 3296 948 3344 in
977 3292 1149 3358 participium
1179 3294 1206 3339 et
1233 3289 1294 3340 vice

197 3355 391 3426 ἐπιθυμέοντα
422 3354 449 3420 ἒς
480 3353 635 3426 ἀνάγκας
656 3375 702 3426 με·
753 3381 833 3415 versa
850 3363 1229 3426 notemus,praeeertimcum
1243 3359 1294 3408 hoc

161 3424 460 3500 γάλαςάπικνέεσθαι]
478 3423 598 3497 άκάγκαι
617 3431 702 3482 ethic
752 3438 906 3486 structurae
929 3445 1014 3497 genus
1037 3432 1138 3480 Nostro
1164 3427 1237 3475 houd
1258 3427 1295 3475 sit

95 3555 99 3563 ,
162 3510 189 3556 et
213 3503 293 3569 penio
316 3507 379 3568 post
402 3508 464 3553 eunt
488 3509 621 3562 ιοταιταλα,
645 3500 703 3566 qui·
752 3504 916 3567 infrequens.
953 3499 995 3550 Ad
1024 3497 1187 3548 locutionem
1211 3509 1294 3541 κατα-

159 3575 212 3625 bus
231 3571 377 3624 bubulcum
394 3588 486 3622 verum
509 3571 598 3622 dicere
624 3586 702 3634 coge·
752 3570 863 3638 βαίνειν
882 3561 909 3626 ἐς
926 3561 1002 3623 λιτάς
1022 3566 1145 3616 conterre
1162 3561 1227 3612 licet
1239 3564 1294 3612 Ho-

121 3689 124 3697 .
161 3645 238 3694 baut.
265 3642 372 3692 Monuit
399 3640 562 3705 wesseling.
587 3645 643 3690 tum
666 3639 702 3689 ad
753 3641 817 3692 rstii
835 3639 887 3690 Od.
907 3639 959 3700 ΙΙΙ,
978 3637 1024 3696 29,
1042 3635 1077 3686 58
1094 3633 1234 3693 adprecor
1252 3632 1295 3712 de·

161 3713 188 3764 h.
208 3712 227 3764 i.
248 3717 305 3762 tum
327 3711 362 3762 sd
385 3712 497 3762 Diodor.
523 3710 575 3773 111,
601 3711 642 3760 ΙΙ.
666 3738 701 3748 -
753 3724 866 3772 currere,
890 3709 937 3758 ubi
960 3704 1090 3755 nonnulla
1115 3699 1208 3751 attulit
1232 3701 1294 3750 Mit-

161 3776 214 3832 τόκ
232 3772 315 3830 ἐόντα
333 3774 429 3847 λόγον,
441 3783 459 3832 i.
474 3797 497 3830 c.
516 3795 581 3843 rem,
597 3788 623 3830 ut
635 3785 701 3840 erat,
755 3778 896 3831 scherlich.

161 3869 184 3903 s.
205 3867 298 3902 senua.
334 3851 412 3902 Cous.
436 3866 519 3915 supra
543 3849 566 3910 Ι,
588 3849 631 3911 95,
655 3847 702 3898 ubi
732 3895 736 3902 .

161 3922 217 3972 rid.
236 3921 425 3982 1nsra1,117:
443 3915 494 3971 τὸν
507 3913 591 3969 ἰθὺν
604 3913 702 3982 ἔφαινε
814 3943 818 3956 ·
924 3947 991 3998 GM,-
1010 3943 1121 3995 CXVII¹

160 3983 259 4055 λόγον,
287 3990 360 4054 quod
387 3991 422 4041 ad
446 3990 608 4042 sententiam
630 3991 704 4038 ceria
896 4040 908 4061 ν
1073 4037 1079 4054 ,

162 4077 216 4111 uon
246 4059 345 4110 differt.
366 4087 398 4096 -
416 4063 481 4111 Mox
513 4059 610 4122 scripsi
637 4047 703 4120 άλη-
788 4044 873 4117 λόγον
890 4048 946 4116 ηδη
968 4043 1014 4124 καὶ
1033 4040 1138 4096 έλασσω
1156 4037 1293 4115 ἐποιέετο]

161 4129 228 4194 θείη
256 4144 305 4194 pro
334 4129 410 4195 vulg.
436 4121 565 4194 άληθηΐη
589 4131 616 4176 et
637 4117 702 4188 άλη-
755 4121 814 4174 scil.
835 4118 887 4170 cori
910 4116 1063 4186 βουκολου,
1089 4118 1222 4180 „minorem
1242 4124 1294 4170 eius

162 4183 249 4263 θείην
266 4214 314 4265 pro
331 4183 494 4264 άληθηΐην;
513 4179 554 4247 οβ’
574 4199 642 4246 nott.
667 4196 703 4245 ad
754 4194 876 4242 rationem
895 4187 994 4250 tatuit,
1017 4189 1132 4236 minorem
1152 4191 1176 4237 ei
1198 4190 1295 4251 cuipam

161 4271 184 4332 1,
203 4267 247 4320 ³4.
753 4259 867 4312 tribuit.“
885 4287 920 4298 -
938 4257 972 4307 Iu
988 4271 1063 4320 seqq.
1084 4255 1118 4305 ad
1136 4271 1231 4306 vocem
1246 4271 1295 4304 κα-

195 4331 244 4390 καλ
260 4328 430 4404 συγγνάμην
442 4328 537 4405 ἑωυτῷ
555 4323 703 4384 κελεύων
753 4321 891 4398 τεγρήσαο
911 4327 947 4380 oi.
966 4340 1036 4392 quae
1054 4325 1088 4375 ad
1107 4326 1130 4389 Ι,
1149 4325 1182 4375 82
1197 4325 1243 4376 fin.
1261 4323 1294 4374 de
