3088 4922
214 281 276 344 454
649 272 919 336 HERODOTI

216 451 326 543 ἅλμην
342 451 593 536 ἐπανθέουσαν,
611 443 695 519 ὥστε
716 448 772 518 καὶ
791 445 848 528 τὰς
871 451 1062 536 πυραμίδας
1083 447 1283 538 δηλέεσθαι,
1300 449 1357 518 καὶ

217 557 355 648 ψάμμον
368 559 498 644 μούνου
513 551 691 639 Αἰγύπτου
709 543 810 641 οὖρος
823 557 922 620 τοῦτο
937 547 973 619 τὰ
990 545 1077 639 ὑπὲρ
1093 555 1253 641 Μέμφιος
1269 557 1355 640 έχον,

218 659 301 751 πρὸς
321 658 359 728 dl
380 662 421 746 τῇ
442 655 532 746 χαίρῃ
552 653 630 725 οὔτε
651 661 690 745 τῇ
704 653 842 745 Ἀραβίῃ
861 652 1037 746 προσούρῳ
1052 654 1153 744 ἐούσῃ
1168 653 1230 743 τὴν
1244 665 1352 740 Λίγυ-

219 791 301 834 πτον
323 763 543 850 προσεικέλην
556 757 633 830 οὔτε
651 763 691 850 τῇ
707 757 836 848 Λιβύῃ,
857 755 898 828 ού
918 755 985 846 μὴν
999 753 1078 826 otti
1092 764 1132 846 τῇ
1146 765 1257 848 Συρίῃ
1284 763 1355 848 (τῆς

217 864 282 956 γὰρ
292 863 447 953 Ἀραβίης
462 861 502 932 τὰ
517 861 606 952 παρὰ
616 861 794 932 θάλασσαν
804 862 925 951 Σύριοι
937 863 1119 948 νέμονται),
1133 857 1217 930 ἀλλὰ
1231 861 1352 950 μελάγ-

217 1067 268 1118 rid.
285 1081 345 1130 cap.
359 1063 402 1115 40.
418 1079 443 1129 p.
458 1061 509 1115 361
524 1061 557 1127 A,
575 1062 622 1114 ubi
640 1061 707 1112 haec
724 1057 763 1109 le·
813 1064 949 1112 testantur
975 1061 1141 1111 recentiores
1172 1061 1356 1128 peregrinatu-

218 1141 331 1204 guntnr:
354 1127 486 1182 Ιθὀἰλασσα
508 1124 562 1198 γὰρ
585 1121 623 1196 ἦν
641 1123 658 1196 ἡ
678 1126 761 1194 Αίγν-
813 1146 865 1181 res.
882 1127 966 1181 Plura
974 1131 1137 1180 Hartmanu.
1146 1130 1354 1182 Erdbescbreib.
1371 1185 1378 1202 .

217 1219 302 1263 πτος·
327 1194 373 1252 διὸ
397 1193 487 1253 πολλὰ
511 1193 563 1266 μὲν
582 1191 611 1251 έν
634 1202 695 1257 τοῖς
714 1213 761 1264 με·
812 1217 839 1252 v.
851 1200 968 1265 Aegypt.
988 1215 1051 1266 pag.
1066 1197 1115 1250 153
1134 1215 1191 1265 seq.
1212 1199 1273 1252 coll.
1294 1201 1354 1252 166.

218 1265 328 1355 mitiore
343 1267 390 1350 καὶ
408 1272 469 1328 τοῖς
479 1261 583 1349 ’ὄρεσιν
601 1260 759 1346 εὑρίσκεται
846 1265 894 1319 καὶ
905 1261 1024 1334 ψάμμον
1035 1265 1146 1350 μρῦνον
1157 1296 1188 1305 -
1200 1264 1277 1337 ἔχον]
1289 1267 1357 1353 μού-

217 1333 760 1475 ti'itti”diabolitatis
811 1339 1355 1471 6.1.1έ1’.ἓλὲ11ῖξ’..1111661

217 1479 275 1532 tofis
300 1471 504 1545 ὑπαρχόντων,
529 1469 658 1557 ἁλμυρόρ
680 1466 760 1538 ὕδωρ
812 1493 897 1528 arena
914 1478 1052 1528 obtectum
1064 1478 1189 1528 inveniri.
1214 1479 1303 1543 Supra
1314 1480 1352 1540 11,
1447 1529 1454 1543 ,

217 1547 265 1600 καί
289 1543 395 1612 πικρὸν
419 1540 546 1611 ἔχουσιν,
571 1538 609 1604 ὡς
628 1561 665 1595 αν
688 1535 761 1594 ὑπό·
812 1546 842 1597 8:
865 1540 899 1595 τὸ
923 1539 955 1596 δὲ
980 1538 1053 1611 πρὸς
1070 1537 1180 1612 Λιβύης
1203 1545 1253 1612 τῆς
1271 1539 1354 1612 Αίγύ-

217 1619 318 1684 λειμμα
335 1615 386 1682 της
405 1611 492 1666 πύλαι
507 1607 655 1679 θαλάσσης
672 1609 760 1664 ἕωλον
812 1629 887 1666 πτου
911 1603 1000 1682 ούρος
1016 1605 1083 1665 ἄλλο
1110 1608 1245 1680 πέτρινον
1267 1617 1353 1667 τείνει

217 1679 358 1738 ἐνταυθοῖ
374 1676 607 1752 συνερρυηκότος.
631 1683 674 1734 Ad
692 1697 761 1748 qnae
811 1715 847 1726 -
865 1676 971 1752 ηύμμῳ
996 1679 1205 1750 κατειλυμένον.
1224 1713 1259 1723 -
1282 1679 1354 1750 πρὸς

217 1756 381 1808 illustranda
403 1753 601 1820 Wesselingius
631 1751 761 1803 nonnulla
813 1748 844 1804 δὲ
857 1759 1063 1818 estpractereo,
1076 1757 1194 1820 insuper,
1212 1757 1278 1820 utI,
1294 1757 1352 1808 166.

217 1826 331 1894 protulit
349 1825 382 1876 de
400 1823 562 1889 conchyliis,
581 1837 651 1888 qnae
668 1821 760 1871 multis
814 1824 891 1887 Quae
917 1829 1067 1890 sequuntur
1093 1840 1176 1875 voces
1202 1823 1237 1891 τῃ
1267 1817 1353 1893 γύρῃ,

217 1899 246 1947 in
259 1895 396 1946 montibus
415 1895 588 1944 inveniantur
600 1897 627 1941 et
643 1891 761 1945 athoa·
813 1894 895 1959 vulgb
916 1910 977 1945 cum
1000 1909 1076 1960 seqq.
1102 1884 1167 1943 οὔτε
1185 1893 1220 1960 τῇ
1244 1886 1353 1962 Ἀραβίῃ

218 1965 345 2017 obiticarn
368 1963 575 2014 inundationem
592 1960 636 2011 vel
653 1965 760 2024 tempus
810 1954 891 2012 -ούτε
908 1961 943 2030 τῇ
958 1955 1051 2030 Λιβύῃ
1071 1964 1246 2028 coniunctae,
1266 1965 1300 2014 ab
1312 1966 1353 2016 bis

217 2034 386 2086 diluvianum
398 2034 480 2100 vulgo
492 2032 655 2082 referantur.
672 2030 761 2081 Accu·
811 2033 878 2098 ipsis
899 2034 939 2083 ita
968 2033 1136 2098 separandae
1160 2039 1223 2084 sunt
1243 2039 1355 2086 anctore

217 2105 304 2156 ratius
323 2118 356 2153 ex
376 2103 557 2154 recentiorum
578 2099 761 2166 peregrinato·
811 2103 936 2154 Nauckio
964 2101 1086 2168 (Iahrbb.
1114 2103 1140 2158 i..
1163 2103 1298 2170 Philolog.
1326 2120 1354 2157 u.

216 2189 276 2224 rum
299 2171 376 2221 libris
397 2172 430 2222 dc
454 2172 496 2221 bis
514 2171 639 2235 expernit
656 2170 759 2220 Rittcr:
810 2172 931 2237 Pasdag.
954 2171 1048 2238 Suppl.
1067 2173 1142 2224 XIV.
1168 2189 1195 2238 p.
1206 2175 1255 2226 551
1274 2173 1354 2240 seq),

217 2241 368 2294 Erdkuude
385 2241 408 2292 1.
431 2257 458 2306 p.
470 2240 523 2293 858
543 2255 599 2304 seq.
636 2239 759 2304 Namque
811 2247 842 2292 ut
860 2240 1015 2308 significent
1038 2242 1108 2292 idern
1132 2243 1190 2292 fere
1214 2247 1297 2308 atque
1319 2242 1354 2308 τῇ

217 2326 300 2376 συρτει
316 2325 377 2360 eum
389 2309 490 2373 locum,
510 2310 558 2360 ubi
570 2306 648 2360 Nilne
665 2309 694 2358 in
707 2307 760 2358 dno
812 2303 898 2376 φύσει
915 2308 965 2373 τῆς
983 2303 1085 2376 χαίρῃς,
1106 2312 1124 2361 i.
1138 2327 1161 2362 e.
1180 2327 1229 2376 pro
1243 2316 1292 2363 soti
1308 2329 1354 2362 πα-

217 2380 331 2432 brachia
345 2379 510 2442 dissecatur,
530 2379 599 2430 duae
616 2383 682 2428 sunt
699 2393 761 2428 con·
811 2389 877 2431 tura.
905 2380 983 2442 Quod
997 2381 1061 2430 mihi
1074 2381 1181 2446 quidem
1199 2381 1241 2430 vir
1257 2381 1352 2431 doctus

216 2449 316 2512 valles,
336 2449 424 2499 altera
437 2449 568 2499 orientem
584 2463 679 2498 versus
697 2447 760 2508 sita,
811 2465 865 2500 non
878 2451 1028 2514 persuasit,
1047 2451 1093 2514 qui
1104 2465 1215 2499 causam
1227 2465 1282 2499 nou
1294 2465 1353 2514 per·

217 2519 305 2572 altera
318 2517 484 2569 occidentem
495 2533 600 2569 versus.
619 2517 679 2579 Illa,
691 2531 760 2582 quae
812 2519 907 2585 spicio,
925 2534 973 2568 cnr
986 2534 1003 2568 a
1019 2517 1132 2582 vulgata
1147 2520 1262 2582 ratione,
1282 2535 1352 2584 quae

217 2604 290 2640 nuuc
300 2588 399 2638 dicitur
409 2587 531 2638 Vol-Tisi
541 2587 602 2650 (ie.
613 2586 702 2650 „Thai
713 2585 761 2636 der
811 2589 882 2638 hnnc
905 2587 1026 2636 dativum
1048 2601 1108 2636 curn
1127 2602 1203 2653 seqq.
1222 2589 1353 2654 coniungi

216 2657 413 2724 Verirrung“),
433 2657 467 2708 ab
486 2658 553 2708 urbe
573 2657 653 2708 Cairo
672 2655 760 2706 tendit
811 2657 900 2719 iubet,
919 2655 1052 2707 recedam.
1077 2656 1221 2707 Caeterum
1233 2658 1353 2722 pendent

217 2743 264 2794 per
290 2731 407 2778 montem
433 2727 586 2777 Mokattam
614 2741 699 2790 usque
725 2724 759 2774 ad
811 2727 878 2778 hacc
899 2726 982 2776 verba
1011 2741 1044 2776 ex
1066 2726 1189 2776 anteced.
1214 2719 1295 2777 ίᾶιύν.
1317 2756 1352 2766 -

217 2797 283 2848 salis
302 2801 412 2862 puteos,
431 2797 569 2847 meridiem
586 2809 680 2845 versus
699 2809 758 2844 eam
811 2787 997 2860 προσεικέλην
1014 2795 1130 2846 Bredov.
1147 2812 1173 2861 p.
1187 2795 1236 2848 166
1253 2798 1352 2848 mutari

216 2868 354 2933 regionem
367 2859 498 2932 tangens,
516 2867 561 2932 cui
573 2881 645 2916 nunc
661 2879 759 2914 nomen
810 2864 869 2915 vult
888 2865 916 2914 in
936 2856 1122 2930 πρασικέλην,
1144 2864 1226 2930 idque
1249 2867 1352 2931 recepit

217 2937 298 2990 Susa.
326 2937 359 2986 In
379 2951 412 2986 ea
429 2935 561 3001 hodieque
578 2949 679 3000 magna
696 2949 759 2984 con·
810 2933 933 2986 Dietsch.
962 2933 1030 2984 Mihi
1043 2935 1070 2984 in
1088 2934 1138 2984 tali
1149 2950 1179 2984 re
1197 2950 1214 2985 a
1229 2935 1352 2986 codicum

217 3006 367 3072 chyliorum
395 3005 533 3054 invenitur
563 3005 659 3070 copia,
688 3019 758 3068 quae
811 3019 945 3057 consensu
966 3003 1038 3054 baud
1061 3003 1253 3055 discedendum
1277 3005 1352 3056 vids-

217 3091 323 3127 omnem
346 3074 404 3124 iere
426 3074 593 3138 superficiem
611 3075 756 3138 obtegunt,
810 3081 863 3126 tur.
899 3075 942 3125 De
958 3075 1018 3139 ipsa
1036 3075 1188 3140 Aegyptiae
1206 3079 1296 3125 terrae
1314 3075 1353 3124 in-

217 3148 361 3211 supersunt
388 3141 457 3192 adeo
484 3143 646 3194 concharum
670 3149 757 3194 testae
810 3145 872 3194 dole
897 3159 929 3194 ae
950 3148 1048 3193 natura
1069 3144 1206 3208 copiosius
1230 3145 1352 3210 disputat

217 3229 271 3264 nou
289 3210 471 3277 petrificatae;
492 3227 562 3275 quae
581 3213 671 3262 omnia
690 3213 758 3261 satis
809 3212 1025 3264 Hartmannusl.
1038 3212 1057 3263 l.
1070 3229 1133 3278 pag.
1144 3213 1201 3264 146.
1220 3215 1351 3264 Estsuim

218 3284 361 3343 evincunt,
385 3281 466 3331 maris
484 3281 563 3331 undis
582 3281 653 3332 hunc
670 3281 759 3332 locum
809 3282 853 3332 vel
871 3283 961 3332 tenuis
976 3287 1048 3332 terra
1067 3283 1166 3333 coloris
1183 3283 1290 3334 subalbi
1309 3299 1352 3334 ea·

218 3352 283 3404 olim
299 3351 383 3401 inisse
401 3355 512 3400 tectum.
536 3349 626 3412 Adde,
647 3365 715 3414 quas
730 3351 759 3400 iu
810 3352 924 3416 demque
943 3366 1074 3414 arenosa,
1094 3367 1163 3417 quae
1176 3353 1293 3418 Aegypti
1307 3353 1352 3403 Li-

218 3421 331 3474 aandem
354 3421 517 3470 senteutiam
540 3418 618 3468 affert
635 3419 759 3470 Wheeter
808 3421 933 3487 byaeque
957 3421 1018 3472 loca
1036 3421 1144 3472 deserta
1167 3422 1284 3488 obtegit,
1307 3421 1350 3472 vel

218 3490 380 3558 Geography
397 3489 428 3539 oi
444 3487 577 3539 Herodot.
598 3505 624 3552 p.
635 3487 685 3538 353
700 3494 757 3538 not.
808 3491 917 3556 pinguia
928 3494 955 3540 et
964 3491 1077 3541 humida
1086 3491 1157 3557 nigri
1167 3491 1273 3554 coloris,
1282 3507 1350 3556 quae

217 3561 307 3628 Atque
323 3560 405 3610 etiam
417 3561 528 3609 Dureau
541 3557 573 3608 dc
589 3557 616 3606 la
625 3556 728 3634 Malle'i
738 3557 757 3607 l.
809 3561 844 3610 ab
857 3564 973 3624 utraque
984 3559 1041 3610 Nili
1052 3562 1112 3626 ripa
1124 3561 1291 3626 superficiem
1305 3561 1350 3610 ob·

217 3647 279 3698 pag,
300 3631 350 3682 154
375 3645 420 3692 eo,
444 3627 517 3693 qnod
539 3626 598 3678 h.l.
626 3625 759 3690 κογχυλια
809 3631 879 3694 tegit
897 3629 1147 3695 fertilissimamqua
1165 3631 1262 3681 reddit.

218 3702 252 3767 (i.
263 3717 288 3752 e.
307 3697 437 3764 coquilles
456 3712 510 3747 uon
527 3693 655 3760 altdrdes)
672 3709 759 3760 neque
844 3696 894 3762 τῆς
917 3689 970 3763 γὰρ
989 3690 1117 3763 Ἀραβίης
1140 3692 1175 3748 rol
1199 3692 1278 3763 παρὰ
1295 3690 1351 3749 θύ-

217 3766 348 3832 πετρώὸη
372 3767 402 3831 (i.
416 3783 439 3818 e.
460 3764 590 3832 coqnilles
609 3762 757 3830 petrifidee)
810 3765 916 3816 λασσαν
941 3759 1045 3832 Σύριοι
1070 3767 1213 3836 νέμονται]
1247 3769 1351 3821 Intelli-

217 3841 411 3898 memorentnr,
430 3835 566 3886 inferioris
580 3834 698 3900 Aegypti
715 3849 759 3884 so·
811 3841 910 3902 guntur
921 3851 954 3886 ea
966 3835 1040 3898 loca,
1058 3853 1128 3903 quae
1141 3854 1158 3889 a
1170 3839 1268 3904 Ienyso
1284 3841 1351 3890 urbe

216 3908 272 3960 lum
290 3921 385 3957 recens
404 3905 518 3956 indicari
536 3904 648 3955 iudicat.
665 3932 700 3944 —·
718 3903 759 3953 De
810 3919 896 3970 usquc
914 3906 949 3956 ad
962 3905 1086 3970 paludem
1098 3908 1273 3960 Serbonidem
1293 3925 1352 3974 per-

217 3978 305 4028 altera
322 3973 395 4025 valle
413 3975 468 4026 vid.
487 3979 544 4025 not.
564 3973 598 4024 ad
614 3973 651 4036 11,
669 3971 709 4024 10.
809 3975 910 4036 tinent,
925 3975 996 4025 inter
1010 3976 1097 4040 ipsam
1108 3977 1293 4028 Palaestinam
1310 3983 1350 4029 at

251 4035 345 4108 ἅλμην
357 4034 568 4110 ἐπανθέουσαν]
580 4043 621 4094 Ad
635 4043 690 4092 vim
701 4058 759 4092 rer·
809 4059 861 4109 que
885 4043 1038 4109 Aegyptum
1059 4047 1122 4098 sita.
1153 4047 1231 4096 (loni.
1252 4048 1311 4108 111,
1333 4051 1349 4099 5

216 4115 245 4166 bi
269 4104 410 4164 ἐπανθεῖν
437 4112 556 4179 (superne
584 4111 757 4178 efflorescere)
810 4117 837 4163 et
855 4111 1017 4164 Billerbeck.
1048 4116 1198 4166 Commeat.
1217 4117 1251 4166 de
1266 4115 1350 4166 Asiae

217 4183 253 4234 ci.
274 4182 411 4233 Theocrit.
428 4183 460 4244 V,
481 4183 540 4234 131.
557 4183 616 4244 XX,
633 4183 676 4233 ²1.
705 4183 758 4232 Per
808 4182 910 4233 Herod.
929 4182 1043 4233 difficili.
1062 4201 1124 4250 pag.
1137 4183 1216 4235 9.10.
1229 4185 1270 4237 13.

217 4267 321 4302 omnem
339 4253 458 4317 Aegypti
478 4251 647 4316 superficiem
666 4251 758 4302 hodie·
843 4242 912 4300 ἀλλὰ
934 4244 1104 4316 μελάγγαιόν
1122 4267 1150 4302 τε
1175 4247 1223 4302 καλ
1245 4247 1347 4317 καταβ-

217 4337 269 4390 que
286 4337 408 4388 spernam
422 4321 538 4371 inveniri
556 4320 622 4372 salis
641 4321 756 4385 copiam,
809 4311 1001 4387 βηγνυμὲνην]
1023 4315 1193 4388 μελάγγαιον
1213 4327 1288 4376 recte
1310 4337 1350 4372 re·
