3096 4930
616 319 741 381 OLIO.
764 321 790 379 Ι.
814 327 875 385 196.
1249 313 1310 374 395

176 527 239 588 την
259 499 296 566 έιι
318 497 469 564 πασέων·
497 491 641 583 perdidi,
660 489 844 584 διωςαῧτη
860 489 1006 584 εὑροῦσα
1027 489 1152 592 πολλὸν
1172 497 1311 582 χρυσίον

179 606 342 689 πρηθείη,
357 596 463 686 άλλην
476 593 694 687 άνειιήρυσσε,
712 595 734 688 ἢ
751 596 821 687 μετ’
840 601 973 687 έκείνην
988 603 1063 666 ἔσκε
1086 593 1308 685 εὐειδεστάτη.

179 706 365 776 ἐπωλέοντο
385 701 422 772 δὲ
443 702 497 770 ἐπὶ
517 701 721 792 συνοικήσει.
757 699 828 772 ὅσοι
850 703 912 792 μὲν
933 699 975 790 δὴ
995 707 1094 770 ἔσκον
1113 697 1310 789 εὐδαίμονες

179 813 248 880 τῶν
257 811 488 894 Βαβυλωνίων
497 807 661 894 ἐπίγαμοι,
677 801 942 894 ὑπερβάλλοντες
951 802 1114 894 ἀλλήλους
1130 808 1309 888 ἐξωνέοντο

178 909 236 992 τάς
254 907 549 989 καλλιστευούσας·
574 906 645 979 ὅσοι
660 910 697 979 δέ
712 915 772 978 τοῦ
791 909 900 998 δήμου
914 915 1014 978 ἔσκον
1028 912 1198 998 ἐπίγαμοι,
1217 899 1309 980 οὗτοι

181 1013 218 1088 δέ
234 1019 341 1094 είδεος
356 1013 419 1102 μὲν
433 1009 534 1082 οὐδέν
552 1015 684 1083 ἐδέοντο
698 1017 859 1102 χρηστοῦ,
872 1017 907 1082 ol
918 1009 949 1081 δ’
973 1005 1015 1080 άν
1029 1011 1177 1100 χρήματά
1189 1039 1225 1081 τε
1253 1017 1309 1084 καὶ

69 1187 73 1192 ,
178 1125 348 1220 μίσχίονας
369 1115 566 1204 ’παρθένους
581 1117 779 1207 ἐλάμβανον.
824 1112 868 1196 ὣς
888 1113 953 1205 γάρ
977 1117 1143 1197 διεξέλθοι
1166 1111 1184 1184 ὁ
1207 1121 1310 1204 κῆρυξ

178 1225 319 1294 πωλέων
335 1217 392 1301 τάς
407 1217 638 1302 εὐειδεστάτας
651 1227 719 1291 τῶν
729 1223 929 1311 παρθένων,
944 1215 1062 1306 ἀνίστη
1076 1213 1118 1288 dv
1130 1215 1192 1308 rip
1206 1216 1308 1307 άμορ-

178 1326 357 1416 φεστάτην,
377 1320 398 1414 ἢ
410 1333 444 1394 εί
452 1353 502 1406 τις
516 1323 647 1396 αὐτέων
661 1331 805 1414 ἔμπηρος
813 1315 869 1414 ἦε,
884 1326 939 1403 καλ
953 1319 1079 1411 ταύιην
1092 1319 1309 1412 άνειιήρνσσε,

212 1519 275 1580 ὅσοι
299 1523 351 1594 μὲν
375 1518 412 1593 δὴ
436 1511 522 1577 ἔστιν’
548 1519 718 1592 εὐδαίμονες
769 1520 894 1580 rodotuni
913 1521 1057 1591 scripsisse
1075 1530 1168 1576 causet
1184 1527 1310 1591 Wytten·

176 1615 202 1650 ιι.
223 1615 246 1649 τ.
265 1599 301 1666 λ]
321 1591 406 1650 ἔσκον
429 1599 542 1648 sormam
567 1596 719 1664 imp'erleeti
748 1588 882 1648 'bachius
908 1598 935 1646 iu
959 1595 1070 1646 Seieett.
1092 1593 1170 1646 histt.
1196 1613 1223 1662 p.
1248 1597 1309 1660 354,

178 1671 212 1722 ab
227 1670 367 1720 Herodoto
383 1666 411 1718 in
430 1669 509 1718 rebus
522 1683 544 1718 s.
563 1669 717 1735 aetiopibus
768 1668 815 1717 ubi
836 1668 923 1720 locum
948 1667 987 1715 ita
1005 1663 1158 1716 transtulit:
1183 1697 1241 1730 ‚,-
1257 1683 1310 1716 οαιιι

177 1739 282 1790 iteratis
307 1743 465 1804 usurpatam
484 1738 547 1788 iude
570 1737 717 1788 cum'sliis
769 1741 831 1788 enlm
849 1739 885 1787 αδ
902 1739 974 1800 finem
995 1739 1164 1799 pervenisset,
1188 1740 1310 1799 nepotiani

177 1809 313 1862 similibus
333 1809 440 1860 notavit
462 1809 579 1860 Bredov.
603 1825 630 1874 p.
655 1809 716 1859 285.
764 1809 885 1869 finderet,
908 1807 1093 1858 vendendarum
1117 1807 1310 1870 formosissimo-

177 1905 211 1916 —
229 1871 397 1944 εὐδαίμοιιες
421 1883 484 1928 sunt
502 1879 604 1940 divites,
629 1883 659 1928 ut
678 1878 715 1939 11,
767 1891 821 1926 ηιαι
836 1891 932 1940 praeeo
953 1892 976 1926 s.
993 1891 1046 1924 ιιιιιι
1060 1889 1156 1937 praeeo
1173 1877 1310 1928 venditione

175 1951 220 2000 78.
243 1950 276 2012 V,
300 1951 325 2000 8.
374 1949 446 1999 Hine
473 1947 584 1998 Solonis
612 1963 718 2014 quoque
766 1948 959 2011 [οενιοειὶωἰιιιαε
974 1945 1161 2010 μενοιεατεει.“
1201 1947 1310 2000 Laudat

175 2011 344 2082 εὐδαιμονίη
361 2033 444 2083 συρτει
462 2017 537 2080 1,32,
556 2023 585 2068 et
596 2017 633 2069 ei.
647 2021 718 2069 nott.
769 2015 837 2066 deira
849 2017 888 2080 11,
912 2015 969 2066 113.
987 2017 1041 2077 ΙΙΙ,
1062 2015 1102 2078 ll,
1122 2015 1191 2080 elia,
1211 2019 1309 2082 quibus

177 2089 212 2138 οδ
225 2089 247 2152 Ι,
261 2087 304 2140 33.
330 2089 371 2138 De
383 2088 578 2153 particularum
590 2087 719 2138 iuuetura
768 2085 844 2136 vorbi
870 2101 935 2136 usus
964 2102 996 2136 ac
1020 2085 1185 2150 significatio
1212 2087 1308 2140 meiius

175 2152 227 2222 pls
244 2151 281 2222 δὴ
298 2189 333 2198 -
350 2151 382 2208 δὲ
404 2157 459 2207 vid.
479 2157 585 2208 Werler
601 2158 629 2207 in
642 2158 717 2210 Acte.
766 2156 954 2222 perspiciatur,
972 2173 998 2222 p.
1018 2156 1079 2208 418.

176 2227 251 2294 phili.
270 2229 393 2280 Menace.
413 2228 437 2288 Ι,
459 2228 483 2278 Ι.
504 2243 568 2294 pag.
585 2227 630 2278 92.
665 2227 717 2280 im·
801 2217 902 2291 ἀνίστη
931 2220 968 2277 ἄν
995 2218 1047 2291 τὴν
1076 2216 1307 2295 ἀμορφεστάτην]

176 2299 272 2348 ωειίΙο
290 2298 403 2348 alterurn
427 2290 458 2346 δὲ
481 2298 509 2347 in
526 2298 617 2348 verbis
636 2285 717 2347 οὗτοι
765 2285 881 2360 άνίστη,
903 2295 975 2361 qrrod
999 2313 1015 2346 a
1033 2295 1115 2370 Dinsi.
1135 2303 1162 2347 ot
1184 2297 1306 2351 Dietsch.

176 2363 208 2418 di
226 2364 317 2424 εἴδεος
336 2368 363 2417 in
381 2359 417 2431 δὴ
437 2365 537 2418 mutari
554 2367 613 2418 vult
630 2369 716 2418 Bene-
768 2371 899 2416 mutatum
914 2367 1020 2434 reperio
1040 2367 1067 2415 in
1080 2365 1194 2429 ανίστα,
1214 2369 1307 2420 invitis

177 2439 242 2490 dict.
261 2438 335 2488 Actt.
359 2451 425 2490 sem.
447 2452 504 2502 reg.
528 2437 604 2502 Lips.
628 2437 667 2490 11.
686 2454 715 2502 p.
767 2437 890 2486 omnibus
909 2437 999 2498 libris,
1024 2452 1137 2502 quorum
1160 2439 1309 2490 auotorita-

174 2507 236 2560 284.
247 2535 278 2544 —
290 2497 422 2571 ἐπίγαμοι
433 2507 533 2558 Noster
550 2508 643 2558 eodem
660 2509 716 2557 lere
766 2512 820 2556 tem
832 2505 876 2557 hic
894 2510 970 2574 sequi
984 2511 1105 2570 praestat
1123 2507 1175 2570 (af.
1189 2509 1306 2560 Bredov.

175 2576 714 2642 sonsudixit,quoDsrnosthen.inorat.
765 2593 793 2641 p.
817 2575 889 2638 8117),
913 2579 998 2628 volet:
1024 2579 1141 2627 excitare
1166 2579 1265 2630 solebat
1282 2597 1305 2634 a.

175 2647 210 2698 ad
228 2649 324 2698 Boset.
348 2651 373 2710 §-
393 2647 418 2696 t.
438 2661 464 2711 p.
485 2645 553 2699 1009
571 2647 640 2696 dixit
661 2645 715 2696 θν-
744 2661 871 2712 ‚surpere
895 2663 1014 2713 ηιιαπιηαε
1041 2649 1147 2696 οιαιοίιιιο
1175 2649 1309 2711 desomnem

174 2715 277 2782 ματέρα
286 2707 342 2782 ἤδη
361 2707 509 2780 ἐπίγαμον,
526 2717 544 2767 i.
564 2734 587 2766 e.
602 2717 714 2779 nrcdllem,
767 2715 880 2772 ιάδεδαίι
902 2719 938 2770 af.
955 2719 989 2780 V,
1004 2719 1047 2768 71.
1066 2717 1115 2778 lx,
1134 2717 1175 2770 73.
1211 2719 1253 2769 pe
1272 2709 1308 2768 riv

173 2789 211 2838 ad
232 2789 334 2851 nuptias
355 2793 485 2842 νιολαταια,
526 2785 596 2840 Αδδ.
622 2787 713 2838 Strsb.
767 2786 846 2836 modo
879 2788 947 2849 δίκη
978 2789 1012 2852 de
1035 2787 1122 2836 formo
1149 2789 1308 2851 superlativi

174 2857 248 2908 xvi.
268 2875 294 2922 p.
314 2858 375 2908 745.
766 2848 991 2920 ἀμορφεστάτην,
1013 2855 1120 2906 olibrio
1141 2857 1249 2920 optimis
1269 2875 1307 2910 re-

766 2931 880 2986 vocata,
910 2928 947 2976 cl.
972 2939 1053 2992 supra
1075 2925 1098 2986 Ι,
1122 2925 1147 2974 8.
1174 2925 1232 2986 133,
1261 2929 1307 2978 ubi

767 2995 866 3046 similia
885 2995 1027 3060 quaedam.
1057 2995 1098 3044 Ad
1112 3009 1205 3044 vocem
1220 2991 1307 3062 ἔμπη-

767 3081 817 3129 ρος
836 3065 907 3115 eonl.
921 3069 991 3115 nott.
1003 3065 1038 3114 ad
1050 3065 1073 3126 Ι,
1094 3063 1152 3115 lot.
1170 3097 1205 3104 -
1218 3067 1308 3118 Verba

767 3150 841 3202 seqq.
863 3125 889 3190 ές
905 3124 965 3183 ii—
979 3133 1144 3198 προσεκέετο
1159 3133 1242 3201 (quod
1259 3155 1307 3203 pro

766 3203 930 3268 προσέκειτο
940 3204 1097 3269 recepimus,
1107 3209 1136 3254 ut
1147 3221 1208 3256 mox
1216 3201 1307 3258 έκέετο

765 3289 813 3340 pro
837 3269 943 3337 έκειτο;
968 3275 1024 3325 vid.
1049 3273 1166 3326 Bredov.
1193 3291 1220 3342 p.
1243 3277 1306 3344 377)

767 3343 806 3395 sic
824 3343 917 3394 redde:
937 3346 1017 3396 donee
1034 3347 1066 3407 ei,
1086 3348 1129 3410 qui
1139 3349 1232 3396 ιιιίιιίιιιο
1247 3364 1308 3410 prc-

764 3417 799 3464 tr'o
816 3430 843 3464 se
861 3421 997 3464 contentum
1011 3415 1070 3476 [ονε
1086 3417 1221 3478 professus
1232 3425 1307 3480 esset,

766 3481 869 3549 (virgo)
903 3483 1070 3535 addicebalur
1105 3499 1127 3533 s.
1158 3485 1307 3549 ottinpetst.

765 3553 797 3603 In
816 3553 936 3618 proximo
953 3569 1028 3619 seqq.
1048 3546 1080 3604 τὸ
1092 3547 1124 3602 δὲ
1137 3542 1179 3602 ἂν
1191 3554 1309 3618 χρυσίον

767 3614 887 3688 ἐγίνετο,
911 3624 1011 3686 „veiim
1036 3621 1086 3686 (ait
1107 3623 1141 3674 G.
1159 3624 1308 3677 Hermsnu.

768 3693 885 3756 Opuscc.
907 3693 955 3757 IV,
979 3711 1006 3758 p.
1026 3695 1059 3743 ²2
1079 3691 1140 3742 coil.
1160 3692 1307 3745 Sohulzeit.

769 3761 844 3814 1881.
865 3778 891 3827 p.
903 3761 964 3828 982)
982 3763 1050 3814 liber
1068 3761 1166 3826 aliquis
1184 3749 1220 3840 ηδ
1233 3777 1309 3826 proe-

766 3831 859 3882 beat.“
896 3831 950 3882 Sed
967 3831 1076 3882 delendi
1092 3847 1173 3898 posse
1187 3846 1224 3881 αν
1237 3833 1307 3883 idom

207 3891 246 3956 ὡς
264 3893 317 3964 γάρ
342 3896 486 3961 διεξέλθοι
509 3889 632 3963 δκῆονξ
657 3913 739 3958 πω-,
766 3901 857 3964 addit,
877 3901 955 3951 modo
973 3903 1008 3952 od
1024 3900 1308 3966 οοιοαοχρνσίονιιε-

96 4019 102 4028 ,
170 3966 253 4033 λέων]
273 3972 362 4035 Vulgo
383 3971 479 4020 edunt:
503 3959 541 4026 ὡς
558 3964 610 4033 γάρ
630 3961 668 4034 δή
688 3963 718 4019 oi
767 3987 819 4035 que
843 3970 1010 4020 adverbum
1035 3961 1141 4033 ἐγίνετο
1164 3972 1307 4035 referetur,

170 4027 293 4098 ἐξέλθοι.
331 4039 450 4092 Sediam
462 4039 560 4090 dudum
573 4040 627 4089 viri
641 4039 716 4090 docti
765 4041 928 4090 housensu:
948 4039 1144 4106 „quantumid
1159 4039 1229 4092 lorte
1248 4045 1308 4093 auri

172 4113 350 4180 monuerupt,
374 4109 516 4174 legendum
535 4124 594 4158 esse
611 4105 714 4168 διεξέλ-
765 4114 838 4174 erat,
857 4109 1043 4159 venustiorem
1062 4110 1149 4174 pretio
1168 4115 1227 4160 erat
1246 4128 1308 4162 con-

172 4175 240 4240 θοι,
281 4179 353 4244 quod
388 4177 446 4228 inte
482 4179 577 4228 merito
612 4177 715 4242 recepit
766 4177 897 4230 lectum.“
934 4177 1026 4228 Malim
1044 4179 1168 4229 reddere:
1188 4181 1310 4246 quidquid

171 4245 334 4312 Schweigh,
352 4249 393 4298 ita
406 4254 496 4297 tamen
508 4251 539 4296 ut
552 4247 713 4312 particulam
764 4263 824 4297 vcro
842 4249 902 4296 οανί
919 4243 1057 4314 (singulis)
1077 4249 1228 4314 ottinpebut,
1247 4253 1275 4300 id
1291 4267 1308 4300 a

171 4307 208 4380 δὴ
222 4317 363 4378 retineret,
387 4331 467 4381 quem
489 4331 538 4365 nos
556 4333 616 4366 curn
636 4314 714 4366 osis·
761 4315 952 4376 [semotioribus
966 4319 1107 4380 profectum
1125 4327 1191 4368 eret.
1228 4319 1306 4370 θοαί.

171 4383 260 4437 iordio
278 4385 436 4438 abiecimus.
473 4385 519 4436 Sic
537 4399 644 4455 quoque
659 4385 712 4435 lio·
764 4385 881 4440 Fritsch.
903 4385 930 4437 in
949 4387 1041 4440 Iahrb.
1059 4390 1078 4446 l,
1091 4387 1189 4440 Philol.
1201 4405 1227 4438 u.
1240 4389 1308 4440 Poe·
1329 4432 1366 4459 ·,

209 2953 239 3010 oi
264 2951 292 3008 d'
316 2950 353 3010 άν
379 2952 507 3026 χρήματά
532 2975 560 3010 τε
578 2991 613 3001 -
636 2951 715 3024 ἐλάμ-

173 3027 273 3097 βανον]
302 3032 343 3080 De
375 3032 510 3096 particula
541 3025 573 3080 di
599 3032 716 3095 repetito

173 3101 246 3150 coni.
265 3099 383 3151 Werferi
401 3102 523 3167 Disputt.
534 3103 562 3150 in
573 3101 646 3152 sort.
659 3101 716 3166 phi-

172 3169 228 3222 loil.
248 3171 373 3221 Menace.
396 3171 420 3233 1,
439 3171 463 3222 l.
482 3187 510 3236 p.
528 3171 563 3222 118
582 3187 649 3236 aeq.,
668 3171 714 3236 qni

173 3241 264 3305 plores
282 3239 384 3290 similes
403 3257 417 3290 e
435 3241 535 3291 Nostro
549 3239 660 3305 collegit
678 3239 715 3290 io-

174 3325 230 3362 cos.
268 3309 337 3360 Add.
355 3309 453 3360 Siebel.
476 3311 510 3360 αδ
528 3311 648 3360 Psussn.
665 3311 713 3374 IX,

178 3379 217 3432 13.
237 3382 261 3442 5.
276 3381 301 3440 2,
321 3381 366 3444 qui
385 3384 460 3430 recta
476 3383 569 3429 monet
583 3379 634 3429 hae
653 3379 714 3446 auh-

173 3449 237 3500 ieeti
266 3449 427 3514 repetitione
452 3443 494 3514 (oi
522 3442 577 3509 δὲ),
606 3463 715 3514 proece-

174 3519 254 3570 dente
273 3520 434 3585 negatione,
460 3518 592 3570 orationis
614 3519 715 3582 perspi-

173 3590 304 3640 cuitatem
321 3589 445 3640 adiuvari
464 3595 492 3638 et
510 3603 527 3638 s
544 3587 622 3636 nobis
639 3587 715 3636 reddi

173 3673 267 3725 posse:
290 3659 400 3710 sonam
423 3673 464 3722 er,
490 3661 536 3708 sie.
559 3687 594 3696 -
609 3646 646 3706 dv
669 3658 717 3707 im·

172 3729 293 3792 perfeeto
307 3727 451 3778 indicativi
464 3728 585 3778 additum
598 3726 716 3792 explicat

171 3798 330 3850 Bseumieiu
347 3798 366 3847 1.
385 3797 404 3848 l.
422 3811 485 3864 pag.
501 3797 550 3848 152
568 3813 625 3863 seq.
