3086 4932
646 275 770 340 OLIO.
793 278 819 338 l.
841 285 886 340 86.

1272 279 1326 340 181

150 479 184 532 at
196 456 338 539 νάξαντα
357 457 394 524 ἐκ
412 457 535 578 πολλῆς
556 445 712 541 ἡσυχίης,
738 453 771 531 ἐς
793 452 864 540 τρὶς
882 446 1066 582 ρύνομάσαι
1084 449 1238 522 Σόλωνα.
1272 457 1329 524 καλ

193 557 253 630 τόν
279 562 397 646 Κῦρον
426 552 616 624 ἀκούσαντα
652 559 806 624 κελεῦσαι
837 551 914 636 τοιίς
942 555 1102 644 ἑρμηνέας
1132 559 1328 648 ἐπείρεσθαι
1429 560 1433 570 '

194 661 254 732 τὸν
270 669 435 748 Κροίσου,
458 666 533 728 τίνα
553 663 673 728 τοῦτον
691 661 911 728 ἐπικαλέοντα
942 659 998 727 παλ
1020 655 1098 740 τοιλς
1117 662 1326 752 προσελθόν-

196 792 254 844 τας
276 766 470 852 ἐπειρωτᾶν.
516 769 663 852 Κροῖσον
681 763 716 831 δὲ
735 763 816 841 τέως
839 761 901 850 μλν
919 759 1019 850 σιγὴν
1041 769 1130 851 ἔχειν
1153 766 1325 857 ἐρωτώμε-

197 895 277 954 νον,
302 864 383 956 μετά
404 867 458 950 di,
484 860 528 945 ὦς
542 861 761 954 ἠναγκάζετο,
784 871 908 934 εἰπεῖν·
942 862 1007 934 Τὸν
1024 860 1066 934 ἂν
1086 866 1151 956 ἐγιλ
1168 876 1248 940 πᾶσι
1265 899 1325 940 τυ-

195 970 348 1060 ράννοισι
378 976 583 1060 προετίμησα
607 967 762 1057 μεγάλων
786 967 963 1058 χρημάτων
989 970 1022 1047 ἐς
1052 969 1172 1058 λόγους
1199 977 1326 1045 ἐλθεῖν.

189 1071 247 1154 Ὡς
276 1077 317 1144 6ἐ
338 1095 399 1162 σφι
419 1071 530 1162 ἄσημα
559 1078 696 1161 ἔφραζε,
734 1072 836 1141 πάλιν
861 1069 1059 1159 ἐπειρώτεον
1085 1071 1126 1142 τά
1154 1077 1326 1166 λεγόμενα.

193 1178 425 1268 λιπαρεόντων
441 1177 479 1246 dl
495 1173 610 1246 αὐτῶν
630 1179 685 1246 καλ
708 1172 810 1263 ὄχλον
828 1171 1059 1262 παρεχόντων,
1089 1181 1182 1264 ἔλεγε
1201 1178 1260 1267 δὴ,
1284 1177 1329 1262 ὡς

192 1273 277 1372 ἦλθε
300 1279 407 1372 ἀρχὴν
424 1276 442 1350 ό
460 1279 601 1366 Σόλων,
620 1277 685 1350 daia
701 1277 897 1368 Ἀθηναῖος,
922 1277 977 1346 καὶ
995 1278 1204 1368 θεησάμενος
1222 1282 1328 1352 πάντα

191 1384 251 1456 τὸν
267 1387 396 1456 ἑωυτοῦ
416 1382 519 1474 ὄλβον
543 1381 825 1474 ἀποφλαυρίσειε,
849 1376 904 1451 οἷα
928 1378 969 1470 dr}
994 1391 1104 1470 εἴπας,
1132 1380 1217 1454 ὥστε
1239 1383 1330 1480 αὐτῷ

191 1549 361 1600 Herodoteos
378 1548 453 1603 locos
468 1552 593 1604 afferens.
614 1551 712 1613 Quod·
704 1568 732 1600 ιιι

192 1621 315 1670 omuibus
334 1619 413 1671 codd.
434 1629 525 1673 exstat
542 1617 732 1688 ἐρωτώμενον,

161 1699 166 1716 ·
191 1689 219 1740 id
231 1691 313 1740 etiam
327 1691 498 1743 retinendum
517 1693 597 1754 duxi,
616 1693 732 1744 Bredov.

191 1775 218 1825 p.
239 1762 287 1812 147
313 1760 374 1810 coll.
395 1761 445 1814 387
467 1764 580 1828 corrigit
605 1755 733 1828 είρωτεό

190 1843 292 1895 μενον,
325 1832 398 1882 unde
433 1824 623 1914 ἐρωτεόμενον
659 1833 734 1882 dedit

190 1900 316 1961 Dietseh;
323 1895 538 1986 εἰρωνευόμενον
548 1903 734 1954 dederatDiu-

192 1970 265 2034 dori,
284 1971 331 2034 qui
355 1971 458 2022 idem
451 1989 480 2022 ιιι
501 1973 554 2024 fine
572 1989 632 2038 cap.
662 1971 734 2022 exhi-

193 2037 466 2105 λιιιλλπειρεισμένους
482 2049 579 2093 contra
593 2043 673 2094 codd.
688 2057 735 2092 au-

193 2111 347 2158 ctoritatem
356 2107 546 2178 πειρωμένους
555 2113 733 2176 afferentium,

195 2179 268 2243 quod
291 2183 393 2232 mutare
414 2181 503 2246 uolui3
530 2183 644 2234 Dietsch
669 2184 734 2234 scri-

196 2248 251 2313 peit
272 2249 478 2316 πειρεομένους.
497 2285 533 2294 -
555 2255 598 2304 ad
620 2253 674 2303 loci
693 2269 735 2303 ar·

195 2323 348 2384 gumeutum
367 2324 438 2374 cous.
457 2323 595 2374 Plutarch
616 2325 672 2375 Vit.
685 2325 733 2374 So·

193 2389 248 2438 lon.
268 2389 301 2440 28
315 2395 341 2439 et
358 2393 539 2444 narrationem
550 2395 656 2444 Aeliani
666 2395 731 2445 Ver.

191 2459 265 2510 Hist.
290 2460 338 2524 IX,
363 2463 416 2526 41.,
441 2464 489 2513 ubi
511 2465 546 2514 ad
569 2465 734 2515 Pausaniam

190 2530 317 2580 traducta
335 2539 399 2582 suut
407 2549 504 2598 ,quae
521 2535 565 2584 hic
583 2535 615 2584 de
634 2535 734 2584 Croeso

191 2615 224 2649 ao
242 2600 340 2650 Solone
359 2571 484 2668 legimus.
516 2605 562 2654 Sic
583 2611 656 2654 certe
680 2604 733 2654 exi·
755 2649 758 2654 .

191 2670 286 2719 stimat
303 2671 495 2736 Wyttenbaelr.
521 2675 556 2724 ad
578 2675 652 2724 Plut.
676 2675 733 2724 Μο-

190 2739 241 2790 ral.
269 2741 292 2803 1,
318 2743 344 2792 2.
367 2757 431 2808 pag.
463 2745 523 2794 715.
560 2745 654 2810 Neque
683 2744 734 2794 hoc

191 2777 341 2875 μιιιολολλεο
363 2814 453 2876 iuvat,
478 2814 514 2864 ad
536 2813 619 2865 hoece
640 2815 734 2865 Croesi

191 2882 279 2931 latum
297 2883 413 2934 traxisse
430 2883 575 2934 nonnullos
598 2877 632 2934 τά
653 2879 734 2948 Equi-

192 2963 239 2999 σια
266 2943 429 3018 γράμματα,
461 2969 530 3034 qqae
558 2955 673 3004 Croesus
705 2955 734 3004 iu

190 3037 259 3085 rogo
276 3016 333 3085 (ἐπὶ
354 3021 404 3088 τῆς
422 3023 528 3088 πυράς,
546 3029 576 3074 ut
593 3024 712 3090 legitur'
705 3040 733 3074 ru

190 3091 311 3156 Etymel.
326 3093 419 3160 Magn.
440 3109 463 3144 a.
483 3111 509 3145 v.
523 3091 585 3158 ’.Εφ
605 3093 662 3159 γρ.)
680 3093 734 3144 elo-

190 3167 270 3211 cutus
281 3176 341 3212 esse
359 3165 453 3227 fertur,
466 3169 593 3214 mouente
605 3164 732 3216 Eustath.

190 3231 227 3280 ed
258 3231 357 3297 Odyss.
387 3234 461 3298 xlx,
493 3237 555 3286 247.
582 3249 645 3301 pag.
671 3235 732 3297 694,

190 3301 225 3353 36
244 3301 287 3352 ed.
305 3303 402 3368 Basil,
422 3305 500 3356 cuius
517 3304 606 3355 locum
624 3306 666 3356 Cr.
686 3305 733 3356 ad-

190 3372 310 3436 scripsit.

228 3467 287 3524 Τόν
320 3463 357 3524 tv
387 3467 452 3557 ἐγὼ
469 3475 539 3526 πᾶσι
567 3471 733 3558 τυράννοισι

188 3544 365 3610 προετίμησα
382 3538 510 3612 μεγάλων
532 3543 683 3614 χρημάτων
706 3563 732 3598 ιι.

188 3630 213 3663 τ.
232 3613 307 3680 λ.]λ.
326 3631 350 3665 e.
367 3619 733 3682 „quemomuibuscumre-

189 3685 303 3750 gibus
294 3701 323 3734 ιιι
345 3653 509 3752 colloquium
532 3689 638 3752 venire,
660 3705 733 3772 equi-

190 3753 252 3805 dem
269 3753 362 3805 multis
385 3759 573 3809 antetulissem
597 3761 729 3825 pecuniis,

189 3839 212 3875 ε.
237 3826 261 3874 λι
281 3830 336 3888 est,
366 3827 413 3892 qui
439 3833 470 3878 ut
495 3844 555 3878 curu
578 3845 650 3880 omn.
674 3845 731 3895 reg.

190 3893 218 3943 iu
242 3893 304 3947 coll.
326 3897 445 3962 veniret,
470 3901 595 3965 equidem
617 3915 733 3966 maguae

189 3966 364 4028 pecuniarum
391 3969 487 4034 copiae
512 3970 731 4049 praetulissem.“

190 4035 295 4086 Pendet
318 4037 455 4102 genitivus
478 4032 606 4119 μεγάλων
626 4030 732 4104 χρημά-

191 4119 248 4153 των
267 4121 284 4156 ιι
304 4107 386 4157 verbo
410 4105 566 4188 προτιμᾶν,
590 4113 621 4158 ut
644 4110 676 4172 V,
698 4109 729 4158 21

193 4173 333 4240 (πολλοῦ),
357 4177 390 4240 V,
419 4179 436 4230 6
462 4170 602 4244 (μεγάλων
625 4170 732 4244 χρημά-

190 4243 268 4310 των),
289 4245 342 4308 ΙΙΙ,
365 4215 419 4298 139.

225 4336 310 4412 ὄχλον
328 4341 520 4418 παρεχόντων]
539 4349 647 4402 Laudat
664 4349 734 4402 Tho·

784 1565 842 1600 mas
834 1549 934 1630 Mag.
954 1567 981 1616 p.
1001 1550 1061 1615 668,
1082 1551 1129 1601 ubi
1152 1541 1236 1618 ὄχλος
1254 1553 1327 1604 siti.

784 1637 811 1686 q.
827 1609 953 1704 ὄχλησις.

819 1677 1053 1768 ιἰςῆλλλεάρχὴν
1071 1680 1240 1740 ὄΣόλωνιι.
1252 1707 1276 1740 τ.
1290 1689 1326 1757 λ]

782 1753 874 1824 ἀρχὴν
893 1760 937 1810 hic
954 1767 1049 1810 notare
1066 1763 1122 1810 olim
1141 1761 1236 1812 scribit
1252 1763 1328 1812 Wes-

784 1830 925 1895 seliagius.
943 1826 1077 1895 Equidem
1087 1829 1138 1880 hoc
1149 1847 1256 1896 quoque
1267 1831 1327 1882 leco

783 1897 875 1950 valere
893 1900 1001 1950 credam
1023 1915 1083 1950 eam
1103 1901 1329 1966 significationem

786 1969 1123 2103 transilisti
1144 1969 1330 2106 trinit}

785 2112 894 2176 proprie
905 2109 995 2160 valeat
1013 2111 1045 2159 ab
1062 2112 1130 2160 initio
1148 2125 1262 2176 eamque
1273 2115 1328 2163 vim

786 2196 863 2232 suam
877 2181 1040 2246 primitivam
1053 2181 1093 2230 ita
1107 2182 1188 2231 etiam
1201 2184 1326 2247 retineat,

785 2257 816 2301 ut
825 2251 867 2302 vel
878 2252 1030 2316 oppositum
1038 2251 1139 2302 habeat
1148 2248 1225 2310 τέλος
1237 2252 1326 2319 (VIII,

786 2322 861 2387 128),
890 2321 987 2372 deiude
1018 2321 1102 2372 latius
1134 2329 1210 2388 patet
1243 2329 1326 2391 atque

784 2395 1013 2456 onninamente
1036 2391 1182 2458 siguificat,
1207 2399 1237 2444 ut
1258 2396 1281 2458 I,
1298 2395 1325 2447 9.

786 2463 845 2513 140.
867 2461 925 2514 183.
942 2462 1002 2514 263.
1022 2463 1060 2525 11,
1079 2463 1177 2514 astu.
1194 2463 1252 2514 148.
1272 2465 1325 2528 111,

785 2532 827 2582 16.
845 2530 888 2582 39.
905 2531 952 2590 IV,
969 2533 1011 2584 25.
1030 2535 1073 2583 28.
1092 2533 1135 2584 29.
1162 2533 1194 2597 V,
1220 2533 1262 2585 16.
1282 2538 1325 2587 57.

787 2601 845 2652 106.
864 2602 927 2664 Vll,
948 2602 1104 2666 2269111,
1131 2602 1190 2654 132.
1214 2605 1262 2666 lX,
1281 2607 1325 2656 57.

784 2673 879 2738 Neque
896 2673 975 2722 aliter
996 2688 1090 2722 vocem
1114 2673 1238 2724 adhibuit
1256 2677 1326 2725 Pau-

785 2745 885 2806 sanias,
896 2743 972 2793 cuius
991 2743 1066 2792 locos
1079 2741 1183 2808 aliquot
1200 2744 1253 2794 huc
1267 2761 1326 2809 spe·

785 2817 891 2862 etentes
910 2813 1042 2862 indicavit
1053 2814 1156 2864 Jacobs
1176 2813 1210 2864 ad
1221 2815 1324 2864 aelian.

785 2883 818 2932 de
837 2883 871 2934 N.
889 2883 922 2934 A.
941 2882 990 2945 IX,
1009 2884 1052 2934 27.
1077 2882 1139 2932 Alia
1156 2899 1263 2948 quoque
1282 2901 1326 2933 ex-

785 2953 882 3002 citavit
900 2951 988 3002 ldeler
1005 2951 1041 3000 ad
1063 2953 1203 3004 Aristotel.
1224 2955 1326 3004 Meteo-

784 3023 871 3087 rolog.
890 3021 912 3084 1,
935 3025 960 3084 4,
982 3021 1007 3072 6.
1031 3021 1093 3072 Vol.
1113 3023 1138 3072 l.
1161 3023 1265 3088 ρ..368
1285 3023 1325 3074 ll.

784 3109 811 3158 p.
828 3093 888 3142 616.
905 3058 986 3154 ¹Quod
1005 3107 1070 3142 vero
1080 3093 1122 3140 vir
1134 3092 1230 3143 doetus
1240 3093 1327 3159 (Clas-

784 3161 853 3243 qical
876 3163 972 3213 Journ.
1000 3178 1042 3214 ur.
1067 3165 1110 3214 44.
1113 3179 1165 3244 p
1191 3163 1252 3230 375)
1276 3180 1325 3246 pro

783 3223 874 3298 ἀρχὴν
892 3233 974 3282 scribi
992 3225 1083 3283 vult
1067 3226 1155 3298 ανὴρ,
1173 3250 1250 3286 nemo
1269 3235 1326 3299 opi-

783 3319 832 3354 nor
868 3303 992 3367 recipiat.
1025 3302 1204 3382 θεησάμενρς
1234 3305 1326 3372 (errius

781 3373 843 3422 loco
861 3377 974 3423 receutt.
996 3374 1056 3423 edd.
1081 3367 1266 3438 6ηησάμενος
1283 3375 1327 3424 de·

783 3441 893 3521 derunt)
908 3440 1033 3524 reliqui,
1031 3441 1088 3492 vid.
1114 3447 1183 3492 nott.
1205 3443 1280 3505 ad1,
1299 3445 1325 3493 8.

818 3526 856 3566 ως
873 3509 945 3575 ηλθε
965 3502 1057 3574 σρχὴν
1075 3501 1090 3560 d
1110 3503 1262 3560 Σόλων-
1278 3508 1326 3559 καλ

784 3611 818 3622 .-
835 3573 1069 3644 ἀποφλαυρίσειε]
1087 3580 1246 3631 Videmus
1238 3597 1267 3630 ιιι
1284 3580 1326 3629 his

714 3690 720 3702 .
781 3650 960 3702 indicativum
977 3654 1006 3699 ct
1024 3650 1176 3728 optativum
1192 3665 1245 3700 uuo
1271 3650 1326 3700 iere

784 3721 932 3785 eodemque
949 3725 1043 3770 tenore
1060 3725 1123 3784 post
1141 3709 1185 3768 ὄτι
1198 3719 1326 3785 positum,

784 3808 816 3843 eo
834 3797 925 3840 tamen
944 3789 1107 3852 discrimine,
1120 3794 1150 3840 ut
1163 3789 1191 3840 id
1193 3790 1284 3872 ,quod
1297 3807 1326 3840 re

783 3877 849 3912 vera
861 3859 961 3911 eccidit
963 3875 1028 3924 ,per
1041 3827 1218 3929 indidat'qvuin
1230 3850 1325 3927 (ἦλθε)

784 3934 820 3982 sit
837 3931 986 3996 prolatum,
1012 3930 1085 3994 quod
1109 3947 1172 3982 vero
1195 3948 1228 3983 ex
1255 3933 1325 3983 alius

783 4001 917 4053 referatur
945 4000 1112 4064 cogitatione
1134 3993 1326 4068 (ἀποφλαυρί-

784 4071 860 4136 σειε),
880 4086 928 4136 per
945 4071 1105 4136 optativum.
1131 4074 1173 4124 De
1197 4089 1250 4139 quo
1267 4075 1323 4124 vid.

782 4140 881 4194 Matth.
898 4144 1085 4205 mouentem.
1096 4143 1156 4196 529.
1169 4159 1232 4210 pag.
1247 4144 1326 4196 1631.

782 4209 886 4262 Herod.
903 4209 980 4275 VIII,
995 4211 1038 4263 76.

819 4273 868 4330 olo
886 4272 922 4360 δὴ
941 4269 1074 4344 είπας,
1050 4293 1119 4331 ωστε
1137 4271 1216 4348 αὐτῷ
1232 4271 1327 4329 πάντα

783 4339 958 4418 ἀποβεβήκοι
989 4361 1079 4416 τῃπερ
1111 4329 1219 4406 ἐκεῖνός
1250 4341 1325 4408 εἷπε]
