3064 4940
253 298 311 358 110
682 303 953 364 HERODO'PI
1052 365 1057 375 ,

248 470 285 542 τὰ
300 477 446 562 πλῆθος,
466 470 540 542 κατ’
556 471 664 564 ἄνδρα
679 477 740 548 δύο
755 483 911 567 στατῆρσι
926 481 1067 549 ἕκαστον
1081 487 1218 569 χρυσοῦ.
1253 483 1383 570 Δελφοί

249 577 287 646 δὲ
306 575 380 645 ἀντὶ
400 577 530 648 τούτων
550 585 671 650 ἔδοσαν
684 589 819 676 Κροίσῳ
840 584 896 651 καὶ
911 589 1053 653 Λυδοῖσι
1076 593 1305 674 προμαντηίην
1327 587 1382 654 καὶ

248 743 283 794 ad
312 745 432 810 Delphos
464 753 569 797 veteres
598 749 789 814 pertinentium
840 753 972 819 praecipit
982 769 1008 818 p.
1024 753 1086 804 183:
1105 754 1241 817 „Nomina
1258 753 1383 804 substan-

249 815 371 864 exhihuit
388 815 543 867 Dodwellus
561 819 631 870 idem
649 820 677 868 iu
696 835 788 885 opere:
840 822 899 872 tiva
914 825 1016 888 primae
1027 823 1216 874 declinationis
1235 827 1263 873 in
1282 825 1327 874 εία
1339 830 1383 874 ert·

247 887 337 936 Views
355 886 410 936 and
431 889 620 954 Descriptions
645 891 676 938 ot'
692 891 789 955 Cyclo-
840 895 947 957 euntia,
967 910 1072 960 quasa
1088 896 1177 945 verbis
1202 897 1229 946 iu
1247 895 1295 948 εΤω
1311 897 1382 946 deri-

247 957 312 1020 pian
324 957 617 1023 orPelasgicltemains
628 965 679 1010 etc.
690 959 788 1024 (Lond.
841 969 906 1012 vata
924 964 1031 1030 vulgari
1052 966 1080 1014 in
1096 981 1218 1015 sermone
1236 971 1254 1015 ᾶ
1271 967 1382 1031 longum

249 1027 326 1077 1834.
345 1026 404 1093 iol.)
424 1027 492 1078 'l'ab.
511 1029 628 1080 XXXIV
643 1036 671 1080 et
688 1031 789 1081 XXXV
839 1033 954 1098 hubent,
978 1040 1135 1085 constanter
1158 1037 1230 1101 apud
1252 1039 1382 1088 Nostrum

247 1111 311 1162 pag.
334 1098 374 1148 19.
412 1097 454 1148 cf.
473 1101 556 1149 etiam
579 1101 665 1150 allata
683 1101 718 1151 ad
736 1103 789 1151 He·
840 1105 868 1152 in
892 1101 942 1168 ηΐη
965 1107 1156 1166 terminantem
1182 1122 1234 1170 quo
1255 1109 1382 1158 differunt

246 1167 305 1217 rod.
325 1165 401 1230 VIII,
419 1167 464 1220 32.
841 1179 868 1223 et
890 1175 925 1224 ab
948 1175 981 1224 iis
1008 1175 1187 1225 substantivis
1217 1177 1380 1238 faemininis,

281 1229 344 1286 κατ’
368 1229 461 1302 ἄνδρα
488 1232 542 1289 δύο
571 1238 704 1305 στατῆρσι
727 1235 789 1290 ἕνα·
840 1259 909 1307 quae
927 1245 961 1294 ab
981 1246 1123 1294 adiectivis
1142 1247 1170 1294 in
1190 1247 1224 1311 η’ξ·
1242 1247 1319 1313 (imi)
1337 1247 1382 1295 de-

248 1321 315 1356 στον
324 1307 442 1375 χρυσον]
452 1310 489 1358 Hi
501 1311 575 1359 numi
587 1312 662 1360 aurei
672 1311 788 1360 omnium
838 1315 929 1362 rivata
946 1319 1051 1364 tautum
1076 1317 1105 1365 in
1124 1313 1180 1380 ιΤη,
1204 1332 1257 1366 non
1285 1317 1313 1364 in
1330 1314 1380 1379 qiq

246 1393 326 1440 sane,
350 1393 418 1442 quos
442 1381 632 1443 cognovimus,
657 1381 789 1444 antiquis·
839 1387 999 1446 transeunt,
1024 1391 1051 1433 et
1070 1385 1170 1448 abiis,
1195 1399 1265 1450 quae
1283 1401 1300 1434 a
1318 1385 1381 1434 sub-

247 1449 308 1496 simi
327 1463 387 1496 esse
404 1448 544 1509 videntur,
563 1463 673 1498 exauro
691 1449 787 1498 albos.
839 1453 967 1502 stantivis
992 1455 1020 1502 in
1038 1456 1087 1512 We
1110 1455 1153 1504 vel
1177 1455 1287 1505 aliunde
1313 1455 1380 1504 deri-

247 1517 347 1566 eleotro
373 1531 421 1580 per
447 1517 590 1568 Pactolum
618 1518 710 1567 adlato
740 1517 787 1582 (ol.
839 1529 905 1570 vata
928 1524 1011 1573 etiam
1038 1525 1110 1590 apud
1133 1524 1301 1576 Herodotum
1328 1530 1380 1574 ter-

247 1587 338 1652 1‚50)
369 1587 500 1636 confecti:
529 1602 612 1637 unum
635 1587 717 1637 talem
741 1603 789 1636 nu-

246 1671 317 1705 mum
340 1655 428 1706 adbuc
451 1657 479 1706 iu
502 1671 595 1708 museo
618 1657 788 1708 Huuteriano

246 1727 380 1776 asservari
398 1727 579 1792 contendunt,
601 1743 680 1794 quem
698 1734 790 1778 umen

244 1811 300 1847 uua
328 1813 388 1847 oum
412 1797 473 1848 aliis
506 1799 668 1864 quibusdam
699 1800 788 1849 numis

245 1868 378 1918 eiusmodi
394 1870 483 1919 aureis
505 1869 540 1920 ad
558 1870 687 1935 (lyricum
705 1871 789 1920 refert

245 1939 356 1990 Sestiui.
398 1939 531 2005 Equidem
564 1957 624 1991 cum
650 1939 788 1992 Boeckhio

245 2009 388 2075 Metrolog.
408 2010 571 2061 Untersuch.
596 2027 623 2076 p.
649 2013 698 2063 129
720 2012 788 2061 nihil

245 2079 388 2130 decernere
404 2083 504 2132 ausim:
523 2081 559 2130 ad
570 2083 663 2131 Asiam
679 2081 728 2131 hos
740 2097 788 2132 uu-

246 2165 303 2199 mos
321 2151 455 2212 pertinere
474 2153 519 2200 vix
537 2151 656 2202 dubium.

278 2216 478 2284 προμαντηίην
507 2217 554 2269 sul
581 2213 708 2284 ἀτελείην
739 2215 787 2269 καὶ

244 2285 412 2354 προεδρίην]
430 2283 558 2352 ἀτελείην
575 2290 698 2340 meliores
715 2290 787 2339 codi-

244 2374 303 2420 ces,
319 2373 387 2421 quos
397 2364 511 2409 recontt.
525 2359 602 2409 editt.
614 2360 700 2408 secuti
712 2363 785 2408 suut.

244 2429 298 2478 Alii
319 2425 459 2493 ἀγγελίην.
495 2429 604 2480 Reizius
624 2445 701 2479 vero:
725 2421 786 2477 σἰτε-

243 2496 328 2563 ληΐην
354 2499 449 2548 Iouum
474 2514 507 2548 ex
531 2513 605 2548 more
628 2513 688 2549 nec.
703 2499 786 2547 reira-

243 2571 326 2634 gante
336 2569 532 2632 Valckenario,
550 2568 597 2634 qui
610 2583 664 2618 uno
681 2567 786 2617 eodem·

839 1591 1014 1642 minationem
1042 1591 1099 1658 sui,
1126 1595 1223 1644 ultima
1246 1601 1379 1658 correpta,

838 1663 986 1732 retinent.“
1023 1664 1092 1715 Add.
1112 1665 1259 1728 Matthiae,
1282 1667 1329 1730 qui
1352 1666 1380 1713 in

839 1737 909 1784 nott.
933 1733 968 1783 ad
996 1734 1039 1797 II,
1068 1735 1101 1786 87
1129 1741 1202 1786 recte
1228 1740 1379 1796 monuerat,

839 1803 1012 1854 substantiva
1036 1805 1103 1855 talia
1126 1806 1161 1856 ab
1187 1807 1329 1857 adiectivis
1352 1806 1380 1854 iu

838 1875 873 1937 ῆς
885 1875 1009 1926 derivata
1019 1877 1132 1926 formam
1144 1875 1188 1941 ιΤη
1199 1877 1307 1928 hahere.
1325 1876 1381 1925 lta·

839 1959 891 2008 que
908 1955 936 1996 et
954 1943 1155 2011 προμαντηίην
1171 1947 1268 2012 reliqui
1279 1951 1307 1997 et
1319 1939 1379 2016 ἆτος

838 2014 931 2080 λείην,
960 2017 1084 2082 idemque
1108 2018 1190 2068 etiam
1221 2018 1283 2067 aliis
1312 2016 1379 2066 locis

838 2085 995 2144 faciundum
1007 2089 1111 2151 putavi.
1140 2089 1230 2150 Quare
1243 2103 1304 2137 rnox
1318 2101 1378 2151 cap.

839 2157 872 2205 bb
890 2157 999 2219 reposui
1015 2147 1166 2220 ἀληθείην.

871 2224 1061 2288 προμαντεία,
1079 2241 1148 2290 quae
1160 2226 1260 2276 Croeso
1279 2231 1321 2275 est
1332 2225 1379 2274 tri-

836 2291 917 2354 buta,
938 2309 970 2342 eo
989 2293 1087 2356 vatinii,
1107 2301 1138 2342 ut
1155 2296 1258 2358 primae
1276 2296 1304 2344 in
1316 2311 1378 2344 con-

837 2361 950 2412 sulendo
964 2363 1073 2412 oraculo
1085 2369 1177 2427 partes
1192 2363 1231 2412 illi
1243 2365 1378 2413 deferren-

836 2437 889 2480 tur.
927 2421 966 2481 hc
983 2431 1061 2496 plura
1083 2437 1192 2502 exstant
1209 2433 1376 2493 testimonia,

836 2501 934 2565 quibua
952 2501 1125 2566 intelligitur,
1150 2502 1306 2566 plerumque
1322 2515 1377 2550 non

836 2571 890 2619 nisi
915 2571 951 2620 ah
980 2571 1224 2636 Amphictyonibus
1255 2570 1306 2619 hoc
1333 2573 1376 2619 ius

243 2655 295 2704 quo
315 2639 393 2688 modo
412 2639 479 2689 haec
503 2643 532 2689 et
555 2638 610 2688 alia
633 2637 786 2687 istiusmodi
836 2641 961 2705 cuiquam
972 2641 1056 2690 tribui
1067 2642 1201 2706 potuisse,
1221 2642 1320 2706 quippe
1332 2655 1376 2704 pe-

243 2709 325 2758 sorihi
342 2708 410 2761 vult.
446 2709 524 2760 Cous.
541 2709 596 2770 Ill,
615 2708 659 2758 (57.
679 2708 727 2770 IX,
741 2709 784 2758 72.
835 2725 883 2760 nes
897 2727 964 2776 quos
978 2711 1065 2760 omnis
1084 2711 1166 2760 fucrit
1183 2710 1277 2775 templi
1293 2717 1376 2774 atque

244 2778 323 2842 Quod
340 2780 368 2828 iu
385 2779 525 2830 Herodoto
543 2779 600 2828 fleri
618 2793 672 2828 non
694 2791 784 2842 posse,
835 2781 938 2830 oraculi
960 2795 1034 2831 cura.
1078 2781 1132 2831 Sed
1160 2781 1234 2846 ipsos
1255 2779 1375 2844 Delphos

243 2849 344 2912 dudum
357 2848 721 2914 viditSuhweighseuserus,
738 2849 786 2913 qui
835 2865 941 2916 quoque
963 2851 1034 2902 idem
1061 2851 1213 2901 exercuisse
1234 2851 1290 2912 ins,
1320 2849 1375 2899 alia

242 2920 314 2986 quod
335 2920 433 2986 pripris
460 2920 573 2970 editoris
595 2918 665 2968 hanc
685 2919 785 2982 repetit
835 2920 962 2971 evincunt
980 2920 1149 2981 testimonia3
1176 2923 1212 2971 ef.
1231 2920 1304 2971 Plut.
1325 2920 1376 2970 Pe·

242 2991 420 3040 sententiam:
444 2989 546 3052 „Plane
565 2989 680 3054 cognovi
698 2989 783 3038 Hero·
834 2989 893 3041 ricl.
915 2991 959 3042 21.
995 2989 1078 3042 Plura
1101 2991 1294 3042 saint-Orcla:
1318 2990 1375 3040 Des

242 3059 336 3110 dotum
359 3060 470 3124 perinde
493 3074 526 3109 aa
548 3063 652 3109 eeteros
671 3058 783 3122 scripto·
835 3061 946 3111 enciens
973 3075 1146 3128 gouvernem.
1178 3060 1321 3112 federatiis
1347 3075 1375 3124 p.

240 3145 284 3180 res
313 3129 432 3180 Graecos
462 3129 607 3180 dialectum
641 3128 675 3178 ad
697 3143 784 3193 gram·
834 3132 895 3182 277.
914 3131 1194 3183 sussuranensis
1216 3131 1306 3182 Ueber
1323 3130 1375 3180 den

240 3200 369 3249 maticam
381 3191 528 3266 ἀκρίβειαν
539 3214 594 3248 non
605 3213 638 3248 ea
650 3199 783 3264 exegisse,
834 3201 914 3252 Buud
925 3201 972 3253 der
980 3203 1172 3268 Amphictyon.
1184 3217 1246 3267 pag.
1257 3201 1307 3252 179
1317 3215 1375 3264 seq.

241 3285 295 3334 qua
307 3268 389 3334 vulgo
402 3269 521 3319 ereditur
536 3269 691 3319 constantia
701 3273 784 3333 atque
869 3272 997 3338 Sequitur
1008 3263 1132 3336 ἀτέλεια,
1151 3287 1222 3337 quae
1234 3287 1294 3322 cum
1305 3285 1376 3334 προ-

240 3339 451 3404 perpetuitate“,
469 3355 540 3389 nunc
551 3339 630 3390 aliter
639 3338 712 3389 haud
725 3339 783 3389 scio
834 3341 953 3412 μαντείᾳ
969 3343 1115 3393 coniuncta
1128 3343 1261 3408 reperitur
1278 3342 1331 3402 111,
1340 3339 1374 3390 67

241 3425 276 3460 an
293 3408 455 3472 iudicasset,
474 3410 496 3458 si
515 3410 626 3476 cognita
643 3408 784 3459 habuisset
835 3416 862 3462 ct
875 3427 935 3463 cum
946 3409 1085 3480 προεδρίᾳ
1098 3413 1196 3474 ΙΧ,λ·ὶ.
1216 3412 1277 3462 Alia
1288 3424 1374 3460 exem-

240 3493 287 3544 ea,
310 3494 380 3545 quae
397 3484 492 3529 nostra
510 3483 602 3530 aetate
620 3485 649 3530 et
674 3493 784 3530 accurs·
834 3482 880 3547 pla
903 3499 936 3532 ex
959 3483 1180 3547 inscriptionibus
1203 3479 1374 3545 protulerunt

239 3551 294 3600 tius
313 3555 341 3600 et
361 3549 489 3622 subtilius
511 3549 581 3600 hanc
604 3551 632 3599 iu
655 3565 712 3600 rem
730 3549 783 3598 dis·
834 3552 985 3603 Gronovius
1010 3557 1037 3602 et
1059 3551 1264 3616 Wesselingius.
1301 3545 1372 3595 Add.

239 3625 336 3685 putata
357 3625 421 3670 sunt
445 3635 463 3671 a
484 3620 551 3670 viris
575 3620 678 3682 doctis,
711 3620 783 3668 inter
833 3621 937 3685 Corpus
945 3621 1031 3670 Inscr.
1040 3621 1136 3672 Graec.
1148 3635 1189 3668 nr.
1201 3612 1372 3668 1691-1693

239 3705 307 3754 quos
318 3695 426 3754 praeter
437 3691 546 3753 struve,
557 3689 699 3751 Matthiae,
709 3687 781 3738 Gnil.
832 3689 895 3740 coll.
916 3690 993 3741 lose.
1025 3689 1146 3739 Plurima
1168 3701 1239 3735 nuuc
1261 3683 1371 3734 Curtius

238 3759 375 3822 Diudori,
394 3759 476 3820 alios,
504 3775 587 3810 unum
609 3758 782 3824 potissimum
830 3757 901 3810 libro
927 3759 1038 3808 laudato
1061 3755 1173 3822 protulit
1196 3755 1320 3814 decreta,
1342 3752 1371 3800 in

239 3827 392 3892 appellasse
408 3829 524 3891 suflicit,
542 3825 780 3880 Perd.1ul.Caes.
831 3823 929 3892 quibus
947 3827 1014 3877 baec
1033 3827 1086 3875 tria
1104 3823 1246 3890 privilegia
1264 3829 1292 3873 ot
1309 3822 1372 3887 ipsa

237 3896 413 3958 Bredovium,
443 3899 490 3962 qui
515 3899 544 3948 iu
565 3899 641 3949 libris
663 3901 782 3962 quatuor
831 3900 1085 3958 commemorantur,
1108 3894 1181 3943 haud
1203 3907 1265 3942 raro
1288 3892 1371 3972 etiam

238 3967 428 4030 quaestionum
445 3967 600 4018 criticorum
618 3969 651 4018 de
663 3966 780 4016 dialecto
831 3981 892 4016 eum
904 3965 967 4015 aliis
985 3966 1141 4026 coniuncta,
1159 3977 1185 4012 v.
1197 3978 1222 4013 a.
1232 3977 1294 4013 euni
1304 3975 1371 4010 αοο-

237 4035 395 4085 Herodotea
421 4033 508 4100 (lips.
533 4037 611 4089 1846.
643 4036 682 4102 8.)
710 4036 781 4086 hanc
830 4035 887 4101 λίᾳ,
907 4050 968 4085 cum
979 4031 1129 4102 προξενίᾳ,
1143 4032 1219 4082 aliis:
1238 4036 1320 4097 atque
1335 4031 1371 4080 le-

238 4105 424 4169 quaestiouem
442 4105 502 4154 iere
517 4107 668 4157 absolvisse
684 4111 781 4170 putau-
830 4110 930 4171 guntur
947 4109 1004 4154 tam
1020 4105 1049 4153 in
1068 4102 1183 4154 decretis
1199 4101 1373 4167 Amphictyo·

237 4173 287 4223 dus
306 4178 364 4236 est,
383 4173 531 4224 aduertam
547 4191 669 4226 normam
680 4180 780 4225 certas-
829 4189 894 4224 num
902 4173 955 4238 (nr.
967 4175 1071 4226 41-45
1082 4189 1109 4238 p.
1123 4172 1157 4224 to
1172 4173 1272 4237 seqq),
1290 4185 1372 4236 quam

237 4257 290 4308 que
315 4241 439 4308 iegulas,
464 4259 531 4309 quas
550 4246 649 4296 Noster
669 4249 780 4295 secutus
829 4245 858 4294 in
883 4245 999 4295 decretis
1020 4241 1160 4308 Delphicis
1187 4239 1240 4306 (nr.
1268 4241 1374 4292 se-oo

237 4314 283 4376 sit,
298 4313 389 4363 omnia
402 4312 554 4364 huiusmodi
567 4329 710 4366 revocans.
733 4315 781 4364 st·
831 4331 858 4380 p.
871 4310 997 4378 ‘le-83).
1025 4314 1066 4364 De
1080 4311 1252 4363 immunitate
1269 4327 1372 4374 eorum,

237 4397 291 4450 qua
309 4385 333 4432 is
352 4383 380 4434 iu
396 4381 448 4432 bac
465 4385 527 4449 ipsa
543 4386 725 4450 reproposita
740 4385 782 4435 ita
830 4385 877 4450 qui
899 4399 961 4435 cam
983 4383 1119 4449 peregrini
1140 4380 1254 4446 Delphis
1281 4397 1374 4432 conse·
