3032 4916
506 357 509 364 ,
537 295 789 355 EUTERPE.
813 295 856 355 Π.
883 303 941 358 λλὸ.
1243 295 1304 356 715

174 470 236 558 μὲν
251 472 305 539 έιιλ
318 467 379 538 τὸν
393 472 528 555 πρῶτον
548 483 681 556 στοῖχον
699 473 767 537 τῶν
781 465 993 557 ἀναβαθμῶν
1012 464 1196 555 ἀείροντες·
1218 461 1305 546 ὅκως

173 574 210 643 dh
225 569 313 643 ἀνίοι
328 569 346 642 ὁ
360 579 457 652 λίθος
471 568 524 640 ἐτ’
542 568 656 656 αὐτὸν,
672 578 718 652 είς
733 574 850 661 ἑτέρην
862 569 1014 662 μηχανὴν
1028 574 1168 656 ἐτίθετο,
1184 571 1303 640 ἑστεῶ-

172 699 236 748 σαν
250 679 303 746 erl
318 681 377 747 τοῦ
393 674 528 765 τριότου
542 683 692 763 στοίχου·
723 673 788 745 ἀπὸ
808 677 929 745 τούτου
944 676 981 745 δὲ
1002 677 1056 744 eut
1070 671 1130 743 τὸν
1145 673 1305 764 δεύτερον

173 787 299 850 εἵλκετο
314 796 446 868 στοῖχον
466 775 519 847 ἐπ’
541 776 643 868 ἀλλης
656 785 814 868 μηχανῆς.
855 776 926 849 ὅσοι
941 777 1005 868 γὰρ
1020 776 1062 867 δὴ
1081 793 1204 865 στοῖχοι
1218 769 1305 866 ἦσαν

173 889 240 954 τῶν
254 882 483 973 ἀναβαθμῶν,
498 889 656 952 τοσαῦται
672 885 727 952 καὶ
742 888 779 952 αί
790 884 934 972 μηχαναὶ
948 875 1052 971 ἦσαν,
1076 893 1110 950 εί
1119 909 1155 952 τε
1173 880 1305 971 καλιὴν

174 985 281 1077 αὐτὴν
294 985 463 1077 μηχανὴν,
479 988 602 1056 έοῦσαν
615 995 696 1076 μίαν
710 1015 745 1056 τε
760 989 815 1055 καὶ
831 984 1078 1075 εὐβάστακτον,
1099 985 1305 1076 μετεφόρεον

176 1093 229 1161 έιτλ
251 1107 383 1178 στοῖχον
403 1095 560 1177 ἕκαστον,
583 1087 669 1171 ὅκως
688 1088 748 1160 τὸν
761 1098 862 1161 λίθου
882 1092 1040 1174 ἐξέλοιεν·
1071 1092 1219 1177 λελέχθω
1240 1087 1304 1177 γὰρ

173 1191 255 1283 ἡμῖν
275 1191 329 1263 ἐπ’
352 1191 542 1285 ἀμφότερα,
570 1194 718 1282 κατάπερ
738 1198 881 1283 λέγεται.
918 1191 1115 1282 Ἐξειιοιηθη
1139 1190 1170 1263 d'
1188 1184 1237 1262 ιάν
1263 1190 1304 1262 roi

172 1296 329 1378 ἀνώτατα,
345 1295 448 1388 αὐτῆς
464 1303 595 1388 πρῶτα,
617 1297 699 1388 μετὰ
715 1299 751 1369 dl
766 1297 807 1368 τά
822 1297 966 1388 ἑπόμενα
987 1297 1117 1367 τούτων
1132 1299 1304 1380 ἐξεποίευν
1399 1390 1403 1398 Ι

763 1507 859 1553 tatum.
892 1498 1021 1566 Singulae
1037 1504 1126 1550 autern
1139 1501 1303 1551 structiones

763 1574 854 1623 iactae
873 1576 936 1621 sunt
955 1586 987 1620 ex
1003 1585 1058 1620 uno
1074 1569 1194 1634 lapidum
1210 1569 1304 1621 ordine

762 1639 940 1702 horizontali,
970 1644 1027 1689 tum
1055 1639 1215 1700 altitudine,
1246 1645 1303 1707 tum

762 1712 908 1762 latitudine
923 1711 1023 1759 sensim
1037 1709 1186 1760 diminutae
1202 1710 1235 1759 nh
1249 1709 1303 1760 imo

763 1783 797 1832 κιλ
824 1795 970 1834 summum:
1006 1794 1069 1828 nam
1095 1780 1203 1830 infimae
1231 1779 1303 1829 altae

170 1503 278 1568 pidibus
293 1507 440 1567 occupatos
454 1504 712 1567 repraesentantem,

171 1573 291 1622 exhibuit
315 1572 478 1622 Wilhinson.
503 1573 631 1622 Menners
658 1577 712 1624 etc.

170 1643 224 1691 Ill.
242 1659 268 1706 p.
286 1641 346 1694 335.
379 1643 416 1691 Et
433 1641 504 1692 coni.
525 1643 713 1707 quoqueRus-

170 1711 342 1836 εθξάῗάςιὸέ
350 1726 428 1830 offis
446 1711 572 1837 Ῑόῇλίεθθάς
596 1771 641 1830 ἐπ’
662 1777 712 1831 ari-

170 1841 230 1914 τὸν]
257 1849 350 1914 Suppl
371 1853 499 1914 στοῖχον.
530 1853 624 1914 quoties
647 1855 712 1916 lepis

168 1920 329 1982 perveniebat
352 1935 380 1971 eo
405 1935 428 1970 e.
447 1919 483 1969 ad
504 1919 568 1970 huno
591 1922 711 1982 ordinem,

170 1992 215 2040 ulii
230 1989 358 2041 machinae
372 1990 630 2053 superimponebatur,
648 2007 713 2055 ηκατ

169 2063 194 2109 in
211 2059 257 2109 λου
270 2063 324 2124 ipso
336 2061 426 2110 ordine
443 2064 491 2110 iem
504 2068 602 2123 parata
616 2061 710 2114 sledci

171 2161 204 2169 -
231 2130 263 2178 Ιιι
290 2145 366 2194 seqq.
387 2131 528 2191 revocavi,
555 2130 625 2195 quod
642 2147 713 2181 com·

169 2199 290 2264 pluribus
321 2199 399 2250 libris
423 2199 540 2282 ‘scriptis
569 2201 712 2264 probatum

171 2273 226 2330 est,
246 2265 367 2334 εἵλκετο,
387 2270 464 2321 cuius
479 2271 538 2320 loco
558 2285 573 2319 e
590 2270 710 2320 Floreat.

170 2339 417 2421 Schweighaeuser.
446 2345 474 2390 et
499 2339 636 2391 Gsisford.
666 2339 711 2390 de-

170 2409 266 2459 derunt
284 2403 393 2472 ἕλικος
413 2410 448 2460 ολ.
465 2410 582 2460 Bredov.
601 2427 628 2476 p.
647 2409 707 2462 303.

168 2481 235 2529 Post
252 2473 345 2528 ἕλκετο
357 2482 472 2544 στοῖχον
484 2481 617 2531 excidisse
630 2496 710 2547 quae·

169 2549 230 2598 dem
240 2552 327 2627 putat
346 2549 511 2630 Schweigh:
538 2546 586 2600 καὶ
609 2540 638 2599 ἐκ
657 2549 709 2604 τοῦ

166 2610 301 2682 ιλευτέρου
321 2609 417 2667 isi
390 2633 441 2668 τον
462 2619 560 2684 τρίτον
584 2622 708 2685 στοῖχον.

166 2688 234 2738 Mihi
257 2703 335 2739 secus
353 2688 471 2740 ridetur.
506 2690 548 2740 Ad
566 2688 709 2769 χαμᾶθεν

167 2759 417 2808 conferasMoerid.
433 2774 495 2822 pag.
513 2759 578 2819 toti,
596 2759 644 2809 ubi
655 2750 708 2807 Ἀτ-

166 2824 249 2881 raude
270 2828 309 2876 sie
333 2827 386 2876 diei
406 2832 513 2889 monet,
538 2818 709 2891 Ελληνικῶς

166 2887 309 2958 χαμόθεν,
333 2896 380 2944 nbi
401 2897 457 2947 vid.
480 2897 603 2946 Ρλετεοιι.
643 2895 706 2947 vid.

166 2965 238 3012 inire
255 2964 356 3014 Herod.
375 2965 423 3026 IV,
444 2965 502 3015 172.

201 3045 263 3080 οσοι
285 3024 337 3095 γὰρ
361 3025 397 3096 ιλὴ
420 3035 529 3097 στοιχοι
550 3045 638 3116 ησαν
650 3031 708 3082 τιόν

163 3093 357 3167 ἀναβαθμων,
381 3115 517 3151 τοσαυται
534 3098 582 3150 καλ
599 3095 638 3150 ui
654 3117 707 3166 μη-

166 3166 249 3234 χαναί
282 3169 367 3236 ησαν]
395 3165 427 3219 ui
447 3187 507 3220 cum
531 3176 645 3221 recentt.
667 3171 708 3222 λιι-

166 3241 232 3290 bans
251 3241 354 3304 recepi,
374 3255 550 3324 quamquem,
576 3241 648 3305 quod
667 3257 707 3292 se-

167 3311 257 3374 quitur
276 3309 391 3359 alterum
407 3298 480 3374 ἦσαν
498 3312 522 3360 si
538 3327 555 3360 e
571 3310 648 3360 libris
660 3312 707 3361 ab·

166 3388 251 3441 esset,
269 3379 340 3429 houd
359 3395 441 3444 aegre
453 3380 576 3444 equidem
591 3381 642 3431 hoe
655 3381 707 3432 ier-

166 3465 230 3500 rem.
265 3448 306 3498 Ad
321 3449 374 3498 loci
391 3455 577 3514 argumentum
592 3451 706 3513 iaciunt,

762 1868 822 1903 esse
851 1852 978 1901 dicuntur
1006 1849 1087 1913 pedes
1116 1853 1232 1914 quatuor
1259 1849 1303 1899 vel

763 1922 845 1988 poulo
857 1919 980 1984 amplius,
999 1919 1117 1984 quinque
1132 1919 1187 1970 fere
1205 1918 1302 1984 pedum

763 1993 852 2058 spatio
876 1992 1078 2055 procurrentes·
1102 2005 1242 2055 supremae
1265 1989 1303 2039 el-

764 2067 809 2113 tae
831 2061 912 2125 pedes
936 2059 1004 2108 duos
1027 2065 1189 2154 prpcurruut
1209 2058 1303 2110 latitu-

763 2132 825 2182 dine
844 2131 899 2181 iere
915 2127 1072 2207 tripedalif‘

799 2199 828 2251 εί
846 2214 874 2249 τε
897 2196 944 2247 καλ
967 2189 1021 2261 τὴν
1046 2187 1137 2260 αὐτὴν
1159 2188 1300 2262 μηχανὴν,

763 2262 868 2321 έοῦσαν
891 2267 977 2333 μίαν
998 2281 1024 2316 κ.
1045 2283 1068 2316 τ.
1086 2265 1122 2332 λ]
1149 2267 1217 2330 μίαν
1240 2282 1301 2318 cum

762 2339 899 2393 Gaisiorcl.
919 2337 990 2388 edidi
1009 2352 1056 2401 pro
1072 2337 1148 2402 vulg.
1167 2337 1251 2401 μίην
1275 2341 1302 2388 et

760 2415 823 2476 poet
840 2407 963 2489 λελέχθω
982 2422 1043 2457 cum
1061 2412 1176 2458 receutt.
1187 2407 1270 2458 οιλιΙ.’
1263 2423 1302 2456 nr·

761 2481 833 2531 serui
850 2471 912 2543 χάρ.
948 2477 1062 2529 Verba'
1054 2493 1115 2542 ipse
1129 2478 1169 2528 sic
1184 2477 1302 2528 reddidit

760 2549 1052 2614 Schweighaeuserr,
1056 2549 1122 2610 ,eiua
1153 2553 1225 2599 etiam
1252 2563 1302 2597 ιαιιι

760 2621 894 2685 eademque
919 2619 1031 2668 ιιιαελιῖιια
1050 2617 1100 2680 fuit
1115 2627 1219 2680 portata
1235 2619 1302 2681 scci-

758 2692 804 2741 lie:
830 2705 901 2755 ηιιαοι
924 2704 959 2738 εκ
976 2703 1023 2736 auo
1041 2687 1130 2736 ordine
1153 2689 1179 2736 iu
1196 2691 1303 2736 ulterram

757 2759 948 2822 promovebant,
972 2758 1067 2822 ηιιοῖλεε
1088 2757 1196 2819 lapidem
1219 2758 1244 2805 λιι
1262 2758 1301 2804 αλ-

759 2837 807 2878 ium
824 2830 912 2878 tollere
931 2828 1037 2882 uellent,-
1054 2841 1110 2874 ιιιιοι
1127 2828 1153 2874 in
1171 2833 1302 2889 utramque

757 2905 867 2961 purtem.
893 2895 1091 2961 quemadmodum
1111 2895 1205 2955 factum
1221 2895 1301 2943 iradi-

759 2976 813 3026 λιιι,
840 2967 929 3016 dicaam
948 2983 964 3015 υ
982 2964 1053 3014 nobis
1070 2962 1154 3016 esio.“
1190 2962 1301 3028 Lherdy

757 3003 870 3086 νειλιιι”
852 3049 926 3091 onero
939 3025 990 3083 τὸν
1004 3031 1091 3080 λίθον
1103 3022 1224 3092 ἐξέλοιεν
1240 3047 1301 3082 eum

757 3106 786 3155 in
810 3104 918 3155 modum
941 3102 1056 3166 intelligi
1085 3100 1157 3150 vult:
1185 3116 1236 3164 „so
1259 3101 1300 3152 oft

759 3176 798 3225 sie
821 3189 876 3225 von
899 3173 959 3223 dem
976 3171 1069 3223 Krahn
1086 3166 1221 3235 (μηχανὴ)
1248 3170 1300 3222 den

759 3245 836 3295 Stein
856 3244 1050 3306 abgenommen
1070 3240 1199 3302 hatten;“
1222 3256 1299 3292 secu-

758 3319 803 3364 tus
817 3318 845 3364 et
853 3311 948 3364 Vailae
961 3317 988 3362 et
998 3311 1126 3362 Larcheri
1137 3313 1298 3376 versionem,

758 3387 854 3436 contra
872 3397 939 3446 quos
958 3382 1080 3446 disputat
1093 3381 1299 3448 Schweighaeu-
1378 3405 1382 3412 ·

758 3469 809 3504 ser.
829 3454 857 3502 in
875 3454 942 3503 Lex.
959 3451 1091 3502 Herodot.
1111 3451 1135 3503 Ι.
1154 3467 1218 3517 pag.
1237 3453 1298 3515 221,

166 3534 235 3583 quae
254 3518 288 3568 de
311 3519 441 3568 hodierna
460 3519 539 3569 huius
557 3520 705 3585 pyramidis
757 3523 914 3574 Herodotea
930 3522 1016 3572 verbe
1038 3521 1078 3570 sic
1101 3521 1239 3572 reddenda
1257 3537 1299 3571 ra-

165 3588 321 3639 conditione
339 3589 434 3638 hunc'
426 3605 455 3637 ιιι
474 3589 582 3639 ιιιοιλιιιιι
597 3591 707 3654 scripsit
757 3600 817 3644 tus·
837 3593 1228 3658 quotieelapidemrustulieseut,
1242 3607 1299 3642 eur-

164 3657 295 3723 Zoegal.
316 3657 334 3708 λ.
359 3673 422 3723 pag.
441 3659 507 3709 402.
537 3660 707 3721 „Ascensum
756 3680 810 3714 ικιιι
828 3663 1022 3726 promovissent:
1053 3661 1134 3726 idque
1152 3661 1217 3711 mihi
1235 3677 1299 3727 quo-

164 3743 249 3793 usque
267 3729 302 3778 ed
328 3729 458 3778 verticem
481 3696 613 3792 ριεολιειιλ
638 3735 707 3780 stru·
757 3749 809 3798 que
828 3732 959 3796 probatur
976 3731 1131 3796 respicienti
1144 3731 1179 3781 ad
1191 3735 1299 3781 antece

165 3799 267 3848 clionee
286 3798 395 3848 circiter
413 3798 547 3848 ducentae
561 3803 588 3848 et
603 3799 705 3861 decem,
757 3803 863 3864 dentia,
882 3817 951 3866 quae
971 3801 1084 3851 eadem
1076 3817 1129 3850 ram
1146 3805 1218 3884 epte
1227 3805 1299 3851 attu-

165 3867 297 3933 grsduum
315 3868 402 3916 instar
418 3867 510 3918 factae
529 3883 543 3917 e
567 3869 705 3933 quadratis
755 3871 789 3922 lit
806 3871 875 3922 idem
894 3870 1181 3950 Schweighaeuserus.
1198 3863 1300 3948 ἤειρον

162 3937 299 4001 lap1d1bus
313 3937 470 4003 grandibus
491 3938 549 3988 sine
564 3943 705 3989 caemento
756 3934 824 3997 τούς
848 3938 951 3996 λίθους
970 3945 997 3990 et
1023 3954 1098 3996 onus
1120 3930 1197 3988 ἀνίοι
1225 3930 1298 3990 ὀλί-

163 4006 284 4057 elavisve
301 4007 437 4072 gravitate
456 4022 506 4056 sua
525 4008 670 4068 connexis,
689 4024 704 4058 e
755 4008 813 4066 θος
840 4013 868 4058 et
891 3999 984 4058 lut
957 4023 1009 4057 τον
1033 4005 1168 4072 δεύτερον
1190 4006 1297 4098 εἵλκετο

163 4077 260 4139 ηυίλιιιε
283 4081 344 4126 tota
367 4076 451 4126 moles
475 4078 625 4141 composite
652 4083 703 4140 est,
755 4079 879 4194 στοιχον.

162 4150 274 4209 excepto
298 4150 329 4195 ut
352 4145 461 4196 videtur
485 4145 576 4196 intimo
596 4146 702 4206 ιιιιολεο,
788 4131 1028 4264 issenoap'ilpd'g'
1006 4161 1047 4194 ιον
1058 4161 1092 4194 τα
1103 4136 1234 4196 ἀνώτατα
1245 4163 1297 4198 αν·

162 4229 239 4277 quem
257 4213 380 4263 nonnulli
398 4231 492 4265 saxum
507 4216 630 4266 nativum
643 4231 703 4266 esse
753 4213 804 4279 τῆς
828 4213 974 4279 κροῖτα],
977 4204 1182 4280 ,έκττοιηθῆναι
1210 4218 1297 4281 perhi-

160 4283 251 4342 eiunt,
275 4283 355 4332 aliie
374 4283 495 4348 lapidum
520 4285 670 4335 frustulie'
663 4301 702 4334 m·
752 4285 864 4346 bentur,
886 4285 974 4349 quidus
987 4285 1111 4334 ornandis
1125 4293 1150 4335 et
1167 4287 1296 4337 absolvam

160 4351 289 4403 soricibus
300 4358 437 4405 caemento
446 4355 546 4405 iunctis
560 4369 702 4421 coagmen·
752 4355 889 4407 &edithua
904 4369 991 4404 manus
1004 4357 1144 4419 ῖιιιμοιιλῖατ.
1174 4356 1296 4408 Primam
1344 4375 1347 4381 ¹

1243 4493 1302 4512 ⁴
