3032 4916
227 276 290 338 646
663 269 935 332 HERODOTI

228 455 265 521 ἐν
285 447 465 544 τοσαύτῃσι
489 451 626 534 γενεῇσι
648 442 844 532 ἀνθρώπων
867 439 1094 516 ὀκτωκαίδεκα
1115 443 1179 532 μὲν
1199 447 1365 522 Αἰθίοπες

226 545 332 643 ἦσαν,
354 555 413 642 μία
434 549 472 619 dl
493 547 581 638 γυνὴ
603 551 782 637 ἐπιχωρίη,
803 551 838 616 οί
857 547 894 617 dl
912 545 1007 618 ἄλλοι
1028 545 1150 634 ἄνδρες
1171 545 1361 633 Αἰγύπτιοι.

227 661 269 747 τῇ
287 656 324 725 el
344 654 481 742 γυναικὶ
496 650 625 742 οὕνομα
645 643 704 740 ἦν,
725 647 747 739 ἦ
767 677 817 730 τις
837 653 1050 739 ἐβασίλευσε,
1066 650 1169 740 τότιιρ
1182 655 1223 738 τῇ
1248 657 1360 738 Βαβυ-

229 765 354 848 λωνίῃ,
387 763 565 846 Νίτωκρις.
618 753 680 845 τὴν
707 759 824 842 ἔλεγον
849 758 1079 846 τιμωρέουσαν
1101 751 1276 848 ἀδελφεῷ,
1303 751 1363 824 τὸν

227 927 282 976 liae
308 941 402 992 τωρττοτ
428 940 554 978 numerus
581 924 768 976 Herodotenm
818 925 933 990 Lepsiue
951 925 971 978 l.
990 924 1083 990 1.ρωρ.
1100 924 1161 986 256,
1174 924 1232 974 ιίτω
1249 921 1363 974 eundem

228 1010 367 1048 numerum
386 995 519 1060 complere
537 999 654 1060 poterat.
690 995 723 1045 In
736 1010 767 1044 eo
819 1009 928 1058 prorsus
957 1009 1096 1046 numerum
1126 993 1285 1046 Manethoni
1314 993 1362 1042 tri-

228 1081 293 1116 vero
312 1064 393 1130 plane
410 1064 559 1116 concordat
572 1068 685 1130 uterque
702 1065 769 1116 scri·
819 1065 901 1124 buas,
924 1063 982 1115 sire
1000 1063 1104 1130 aliquot
1122 1063 1207 1114 addas
1225 1077 1312 1128 τωρωι,
1330 1067 1363 1114 nt

228 1139 304 1200 pter,
323 1133 395 1199 quod
408 1149 489 1184 uuam
502 1139 712 1186 commemorant
730 1147 769 1184 re·
820 1133 962 1186 CCOXLV
977 1133 1020 1186 vel
1039 1133 1196 1186 COOXLVI
1217 1134 1359 1186 exsistant.

227 1205 331 1268 ρίττιω,
350 1204 474 1256 Nitoorin
497 1205 619 1267 nornine,
643 1204 770 1268 qnodque
819 1204 900 1254 Hunc
912 1219 1072 1254 consensum
1089 1205 1159 1256 iuter
1170 1203 1361 1256 Manethouem

228 1275 311 1324 etiam
328 1289 408 1324 unam
420 1273 608 1339 Aethiopicam
625 1289 717 1338 regum
731 1273 770 1322 ia·
819 1277 903 1337 atque
914 1273 1082 1324 Herodotum
1095 1274 1192 1326 merito
1203 1287 1311 1339 quoque
1319 1289 1360 1324 re-

228 1343 329 1394 milium
342 1341 409 1394 dicit
420 1343 557 1406 Manetho,
574 1359 643 1408 quoe
655 1347 769 1408 septem·
820 1342 873 1393 lert
890 1341 1022 1394 Rosellini
1040 1343 1058 1396 l.
1078 1343 1097 1394 l.
1115 1359 1179 1409 pag.
1197 1343 1232 1394 98
1245 1342 1307 1395 οο11.
1326 1343 1361 1396 ue

227 1414 313 1465 decim
329 1427 409 1478 τωρωι
425 1414 598 1464 continuerit.
636 1413 675 1463 Ao
696 1412 769 1462 deni·
818 1427 904 1478 seqq..
932 1427 1019 1478 neque
1044 1412 1125 1478 Ιοττρω
1148 1414 1247 1464 abesse
1270 1427 1361 1466 aurne-

227 1499 280 1549 que
297 1484 326 1534 in
339 1497 371 1534 eo
389 1483 545 1546 consensio,
565 1481 637 1548 quod
649 1481 768 1532 abhisoe
818 1497 876 1532 rum
901 1497 993 1548 regom
1016 1483 1044 1534 iu
1067 1483 1229 1534 Taurineosi
1257 1499 1360 1548 papyro

226 1553 336 1616 regibus
355 1551 420 1602 nihil
439 1553 508 1614 iere,
531 1551 603 1618 quod
620 1555 768 1602 memoratu

227 1621 307 1672 valde
324 1621 436 1687 dignum
454 1622 551 1684 inerit,
569 1625 707 1687 peractum
726 1621 767 1672 iu-

227 1693 288 1744 erit.
325 1692 533 1757 Τωτορττιτωτο,
553 1707 606 1758 quo
625 1705 704 1756 τωρωι
720 1691 767 1740 isti

226 1761 379 1824 floruerint,
405 1763 560 1814 accuratius
580 1763 626 1812 viu
644 1761 766 1826 equidem

226 1831 389 1894 definierim,
409 1833 461 1883 uisi
479 1831 546 1882 illud
560 1847 621 1882 oum
631 1831 766 1882 Haerenio

224 1898 444 1967 1.1.ριρ.426,
465 1917 543 1968 τωρωι
566 1903 635 1952 1ι1οι
659 1904 767 1952 antece-

225 1971 288 2022 dere
315 1987 416 2022 annum
447 1971 513 2024 1350
546 1977 609 2022 ante
639 1971 702 2022 Chr.
727 1986 765 2033 τι.,

224 2041 324 2106 quippe
347 2056 400 2105 qno
424 2057 496 2092 anuo
518 2041 633 2103 Moeris,
657 2041 703 2106 qui
727 2039 767 2090 ul·

224 2109 406 2162 timuehorum
414 2127 506 2175 regum
515 2110 680 2175 perhibetur,
688 2109 764 2171 obiit,

224 2185 273 2230 sut
290 2194 389 2230 annum
410 2181 486 2242 1356,
509 2181 533 2232 ei
551 2179 680 2230 Larcheri
704 2195 764 2244 pro-

224 2251 272 2299 bes
282 2248 403 2298 calculos
412 2248 591 2314 (chronolog.
603 2248 763 2300 d'Herodot.

225 2335 252 2384 p.
276 2317 320 2368 86.
339 2317 394 2382 87).
433 2319 485 2379 Qui
508 2318 579 2368 idem
603 2317 632 2382 (l.
656 2318 676 2370 l.
700 2333 762 2382 pag.

223 2387 258 2438 84
276 2387 346 2451 seq.)
373 2401 504 2438 annorum
526 2403 666 2438 numerum
688 2387 764 2436 inda·

224 2471 289 2522 gare
306 2455 411 2519 studet,
431 2471 498 2522 quos
511 2471 588 2522 regas
598 2456 637 2506 illi
649 2458 764 2508 trecenti

818 1551 1015 1604 declaratorum
1057 1553 1162 1604 indicat
1198 1553 1226 1605 8.
1266 1553 1358 1604 Birch:

818 1623 976 1674 Transactt.
996 1623 1026 1674 oi
1047 1622 1093 1675 the
1110 1623 1187 1688 royal
1210 1623 1316 1690 society
1330 1625 1362 1674 oi'

817 1691 918 1744 litarat.
939 1692 963 1744 1.
982 1709 1009 1758 p.
1029 1693 1079 1746 204
1098 1709 1173 1758 seqq.

851 1751 882 1811 ἐν
891 1757 1042 1828 τοσαύτῃσι
1055 1761 1166 1828 γενεῇσι
1179 1753 1355 1826 ἀνθράκων]

817 1833 878 1883 Νοττ
902 1836 958 1882 tam
979 1831 1012 1883 de
1035 1833 1258 1898 generationibus
1277 1849 1358 1898 quam

817 1901 850 1952 do
872 1903 1089 1954 successionibus
1101 1903 1169 1954 haee
1181 1901 1358 1968 intelligenda

816 1986 876 2022 esse
889 1977 980 2023 monet
997 1973 1158 2025 Lercherns.
1188 1973 1251 2024 Vid.
1269 1973 1304 2023 ad
1318 1973 1357 2034 11,

820 2042 868 2092 142
886 2046 955 2095 noti.

851 2102 1043 2162 ὀκτωκαίδεκα
1055 2104 1107 2176 μὲν
1121 2105 1261 2167 Αίθίοττιι
1272 2097 1356 2176 ἦσαν]

814 2179 872 2230 Iam
884 2179 948 2240 dixi,
961 2197 1051 2244 unam,
1065 2197 1145 2246 quarn
1157 2180 1286 2232 Manetho
1298 2197 1358 2246 pro-

815 2249 977 2316 1ωτ1τωροτιτ
1001 2251 1130 2302 familiam
1154 2255 1292 2316 quartam,
1316 2265 1358 2300 se-

816 2320 978 2384 ptemdecim
997 2321 1051 2372 dici
1069 2336 1162 2384 regum
1181 2335 1292 2386 eamque
1313 2335 1357 2384 pe
1455 2373 1458 2378 ,

815 2389 960 2454 τωρτίττωω.
1001 2391 1055 2441 Uhl
1085 2390 1231 2456 Aethiopes
1258 2389 1357 2440 intelli-

816 2460 918 2524 gendae
938 2475 998 2512 esse
1016 2459 1097 2512 dubio
1116 2466 1200 2512 caret.
1234 2461 1291 2512 Nec
1310 2460 1358 2509 mi-

222 2525 336 2590 triginta
364 2525 568 2590 compleverint.
609 2527 679 2578 Nam
709 2527 764 2578 siu·
816 2545 887 2590 rum;
915 2544 977 2580 nam
1002 2531 1070 2580 eatis
1094 2534 1260 2596 compertum
1276 2529 1357 2580 habe-

223 2595 302 2662 gulae
321 2599 426 2646 aetates
443 2595 477 2646 ad
498 2611 638 2647 numerum
655 2596 765 2648 vicena-
816 2614 890 2660 mus,
917 2615 987 2664 quae
1009 2599 1170 2664 Aethiopiae
1196 2605 1278 2666 atque
1306 2600 1358 2650 Αω-

222 2665 292 2716 rium
304 2679 436 2716 revocans
451 2663 535 2717 eflicit
546 2681 684 2717 nnmerum
696 2665 765 2718 6600
816 2669 892 2733 gypti
907 2667 970 2719 olim
987 2669 1068 2720 fuerit
1085 2670 1252 2722 coniunctio.
1276 2668 1355 2721 Coei.

222 2751 367 2795 annorum,
391 2735 430 2786 ita
452 2739 483 2785 ut
500 2736 593 2788 Mones
611 2737 766 2802 regnaverit
814 2739 932 2790 Haeren.
957 2739 1040 2790 ldeen
1064 2739 1147 2800 11‚2.
1170 2755 1233 2805 ριρ.
1262 2738 1309 2790 118
1327 2743 1357 2790 et

223 2821 294 2856 anno
318 2803 387 2856 ’1656
413 2819 439 2856 a.
465 2805 528 2857 Chr.
554 2823 581 2857 n.
624 2805 678 2858 Sed
702 2823 765 2858 mox
815 2813 885 2860 nott.
904 2808 939 2859 ad
955 2809 1058 2862 Herod.
1074 2810 1111 2870 ΙΙ,
1130 2811 1173 2861 111.
1202 2809 1280 2875 Apud
1297 2810 1354 2860 hla-

222 2875 342 2940 praelert
359 2873 429 2925 elias
453 2877 587 2938 rationes,
612 2877 709 2941 quibua
731 2892 765 2927 ex
814 2877 1354 2944 nothonem,qualemconstitnltLepsins

221 2944 356 2996 Herodoti
367 2946 569 2998 menteMenem
580 2946 672 2998 decem
684 2945 765 2998 adeo·
814 2947 845 3014 (l.
864 2947 883 3000 l.
902 2965 965 3016 pag.
982 2951 1033 3000 255
1045 2947 1126 3014 serp),
1147 2965 1225 3014 τωρωι
1243 2950 1353 3014 quintae

222 3029 275 3079 que
292 3015 418 3066 undecim
437 3015 493 3067 lere
511 3015 584 3066 mille
603 3017 682 3066 aunis
700 3019 764 3068 ante
815 3021 843 3068 et
867 3023 960 3069 sextae
987 3018 1142 3084 dynastiae,
1171 3021 1216 3084 qul
1243 3033 1353 3070 numero

222 3083 285 3134 Chr.
307 3101 334 3136 a.
358 3101 470 3151 regnum
493 3087 613 3137 tenuisse
641 3091 764 3136 statuen·
814 3091 878 3138 aunt
903 3087 1068 3154 quindecim,
1099 3087 1246 3154 Aethiopes
1267 3087 1353 3153 perhi-

222 3153 285 3204 dum
303 3155 348 3207 sit.
387 3156 463 3218 Quae
485 3156 593 3221 quidem
617 3155 762 3222 protulisse
812 3156 919 3210 bantur.
957 3157 1061 3219 Quibus
1076 3159 1100 3208 si
1118 3158 1281 3210 adlicientur
1296 3163 1351 3208 tree

222 3227 265 3272 sat
288 3222 432 3286 hebemus3
463 3241 526 3275 nam
549 3225 671 3276 refellere
695 3225 763 3278 talia
813 3243 891 3292 τωρωι
904 3227 1049 3293 Aethiopes
1062 3227 1352 3294 dynastianXV‚nu-

222 3293 330 3344 minime
347 3299 439 3347 vacat.
474 3295 531 3346 Neo
557 3295 679 3361 singulos
698 3296 762 3346 atti·
812 3312 913 3348 meram
924 3298 1074 3348 octodecim
1088 3313 1180 3364 regum
1190 3297 1352 3361 Aethiopum

220 3365 267 3412 net
284 3378 426 3414 recensere
449 3379 526 3430 τωρωι
550 3369 599 3416 aut
617 3364 762 3416 eorundem
812 3367 847 3418 ah
854 3367 994 3419 Herodoto
1004 3367 1270 3432 iodicatumprorsus
1282 3382 1352 3418 com-

221 3431 351 3493 lamiliae3
371 3433 426 3485 vid.
441 3435 521 3486 modo
538 3435 624 3485 Beck:
644 3434 759 3501 Aligem.
811 3438 920 3503 probari
935 3438 1004 3488 idem
1023 3439 1065 3487 vir
1085 3437 1181 3488 doctus
1199 3437 1304 3488 statuit.

220 3501 387 3569 Weltgesch.
404 3504 427 3555 1.
447 3519 510 3569 pag.
529 3503 581 3556 283
600 3520 676 3571 seqq.
696 3504 758 3556 coll.
846 3501 933 3569 τόπερ
950 3505 984 3572 τῇ
1001 3503 1176 3573 Βαβν1ωνίῃ,
1196 3503 1350 3570 Νίτωκρις]

219 3587 283 3638 pag.
299 3574 364 3635 281,
387 3574 497 3624 Bnneen
516 3572 535 3624 l.
556 3572 575 3624 l.
592 3573 630 3626 11.
646 3589 709 3640 pag.
726 3575 760 3626 38
811 3575 906 3637 Nulla,
930 3577 953 3627 si
972 3576 1037 3642 quid
1052 3575 1145 3636 video,
1163 3575 1353 3626 emendatione

219 3657 304 3709 seqq..
324 3643 440 3708 Lepsius
458 3642 477 3696 l.
490 3642 510 3694 l.
531 3657 595 3708 pag.
612 3643 759 3706 405-517,
811 3644 856 3696 hic
873 3646 1042 3710 ωρω11οοοι,
1061 3661 1111 3696 nec
1128 3645 1298 3696 scribendum
1317 3633 1353 3692 ἐν

218 3711 351 3764 Roeellini
369 3713 489 3764 Monam.
503 3713 597 3762 etorioi
615 3713 640 3766 1.
650 3728 712 3778 pag.
725 3713 760 3764 20
812 3711 851 3779 τῇ
863 3713 974 3782 Belloi„
988 3715 1138 3780 etquidem
1152 3715 1214 3766 librl
1226 3715 1351 3777 offerunt,

218 3797 295 3848 seqq.
330 3780 364 3832 611
393 3797 450 3848 seq.
505 3782 638 3833 Numerus
667 3798 760 3848 regum
811 3798 862 3834 uec
879 3781 939 3834 sul
957 3782 993 3850 τῇ
1011 3785 1070 3835 sive
1088 3781 1123 3847 τῇ
1140 3773 1183 3844 ἔν,
1209 3799 1259 3836 nec
1277 3784 1352 3836 deni-

218 3849 361 3902 GGOXXX
385 3867 418 3902 ex
441 3851 575 3902 Herodoti
597 3856 687 3903 mente
711 3851 759 3916 (ci.
811 3867 863 3918 que
880 3840 918 3918 ἦν
937 3851 984 3920 τῇ,
1004 3859 1034 3904 ut
1051 3853 1211 3919 quibusdam
1220 3854 1287 3904 viris
1305 3853 1352 3904 do-

218 3920 256 3981 11,
275 3919 336 3986 llll)
355 3919 448 3970 finitur
463 3921 597 3973 Moeride:
615 3937 633 3972 e
650 3937 702 3988 quo
715 3937 761 3972 us·
811 3923 863 3972 etis
881 3922 909 3972 in
927 3927 1040 3976 mentem
1058 3924 1143 3975 venit.
1162 3923 1252 3975 -Ad
1272 3937 1352 3988 ιιτρττ-

218 4003 269 4053 que
298 3989 332 4040 ad
356 3989 501 4040 Sethonem
529 4005 590 4041 cum
616 3991 655 4042 XI
681 4006 759 4058 τωρωι
811 3996 931 4042 mentam
959 3991 1012 4042 loci
1035 3993 1090 4044 vid.
1115 3995 1137 4056 1,
1159 3993 1217 4046 les.
1245 3993 1293 4044 181
1317 3993 1352 4043 de

219 4057 332 4120 luerint,
366 4058 484 4110 allicitur
511 4075 637 4112 numerus
667 4077 759 4127 regum
811 4061 918 4111 Nitoori
936 4060 1097 4125 Babylonia.
1129 4063 1171 4114 Ad
1189 4063 1351 4127 Aethiopum

218 4125 671 4194 cccxn1,quitraditur11‚142.
707 4131 760 4180 Ne
810 4145 902 4196 τωρτττο
916 4130 1044 4182 familiam
1057 4139 1146 4183 utrum
1160 4132 1352 4198 Aegyptialli-

217 4210 269 4259 que
296 4195 341 4246 hio
370 4197 428 4262 ipse
456 4215 582 4250 uumerus
615 4200 759 4251 admodum
809 4201 893 4250 tocris
905 4201 1046 4265 pertineat,
1062 4201 1134 4252 haud
1144 4203 1350 4263 monetNoeter‚

217 4263 356 4317 discedere
376 4267 510 4318 videtnra
522 4268 695 4320 Manethonis
710 4285 758 4320 nu·
810 4269 913 4334 quiite
934 4271 1023 4336 potius
1047 4271 1080 4322 de
1104 4287 1136 4322 ea
1157 4272 1290 4337 loquitur,
1319 4276 1351 4322 ut

218 4334 312 4399 meris,
331 4335 425 4404 quales
445 4338 671 4390 nuncooaetituit
687 4338 758 4392 idem
808 4339 971 4408 Aegyptium
994 4341 1080 4396 luisse
1101 4341 1257 4410 suspiceris.
1299 4341 1351 4394 Ae·
