3086 4952
578 287 751 351 0L10.1.
773 297 817 352 99.
841 297 901 350 loo.

1246 281 1307 344 223

175 465 319 553 μηδένα,
340 459 385 530 δι’
407 458 560 548 ἀγγέλων
578 463 615 532 δὲ
632 463 738 533 πάντα
755 467 928 552 χρέεσθαι,
951 459 1101 554 ὁρᾶσθαί
1114 490 1150 533 τε
1168 462 1308 552 βασιλέα

105 581 108 588 “
177 562 243 634 ὑπὸ
257 565 413 655 μηδενός·
448 564 529 654 πρὸς
549 593 584 634 τε
605 566 750 635 τούτοισι
771 575 817 637 ἔτι
837 575 940 654 γελᾶν
960 596 996 637 τε
1020 571 1076 640 καὶ
1101 566 1221 638 πτύειν
1243 562 1304 636 ἆν-

179 675 251 738 τίον
272 671 327 738 καὶ
348 665 450 738 ἅπασι
472 668 557 738 εἶναι
576 669 674 739 τοῦτό
692 697 729 756 γε
748 671 894 758 αίσχρὸν.
943 677 1053 742 Ταῦτα
1070 673 1108 742 δὲ
1123 673 1200 760 περὶ
1218 672 1304 740 ἑαυ-

177 769 238 841 τὸν
254 774 415 861 ἐσέμνυνε
435 777 544 842 τῶνδε
567 778 711 857 εἵνεκεν,
731 769 816 852 ὁκως
838 768 880 843 ἂν
901 771 945 862 μὴ
967 770 1118 862 ὁρέοντες
1139 781 1173 846 ol
1187 771 1304 863 ὁμήλι-

177 903 250 962 κες,
280 877 391 956 ἐόντες
416 875 603 965 σύντροφοί
620 904 656 945 τε
682 878 818 969 ἐκείνῳ,
846 879 903 945 καὶ
929 882 1033 965 οἰκίης
1055 876 1096 948 οὗ
1118 881 1303 968 φλαυροτέ-

176 1007 252 1069 ρης,
272 978 353 1050 οὐδὲ
371 982 405 1060 ές
421 976 658 1070 ἀνδραγαθίην
673 979 882 1069 λειπόμενοι,
901 987 1076 1050 λυπεοίατο
1094 985 1149 1051 καὶ
1168 986 1303 1070 ἐπιβου-

175 1083 323 1170 λεύοιεν,
345 1080 420 1153 ἀλλ’
445 1083 588 1171 ἑτεροῖός
609 1107 669 1171 σφι
687 1086 797 1154 δοκέοι
814 1082 901 1153 εἶναι
923 1080 968 1172 μὴ
985 1078 1128 1172 ὁρέουσι.
1162 1081 1254 1154 Ἐπεί
1270 1086 1374 1153 τεῙθθ

175 1189 337 1258 δὲταῦτα
360 1186 576 1278 διεκόσμησε,
599 1190 656 1257 καὶ
674 1188 836 1278 ἐκράτυνε
857 1185 984 1257 έωυτὸν
998 1192 1039 1280 τῇ
1055 1193 1247 1278 τυραννίδι,
1267 1179 1310 1273 ἦν

176 1392 249 1457 quod
265 1392 373 1456 attinet,
391 1392 461 1443 idem
477 1391 546 1443 illud
557 1390 686 1443 Deiecis'
678 1406 718 1440 rn-

176 1463 300 1512 stitutum
304 1479 379 1528 ‚quo
398 1479 475 1530 reges
488 1463 588 1514 nemini
600 1479 629 1514 se
643 1462 716 1526 ipsos

176 1532 293 1584 adeundi
310 1533 468 1584 facultatem
487 1533 653 1600 permittant,
668 1531 717 1582 sed

175 1618 225 1668 per
241 1604 425 1654 internuncios
443 1604 533 1654 omnia
552 1604 716 1668 transigant,

177 1673 242 1738 quin
271 1673 338 1724 adeo
372 1673 479 1740 populis
508 1675 646 1724 rarissime
674 1672 716 1721 sui

168 1743 261 1810 'ipsius
288 1743 447 1809 adspectum
477 1744 638 1809 praebeant,
662 1757 717 1792 uon

177 1812 262 1864 solum
280 1814 316 1865 ad
334 1815 432 1864 Persas
451 1814 593 1865 transiisse
612 1813 718 1863 stricte·

176 1899 227 1950 quc
245 1884 416 1935 observatum
429 1900 488 1934 esee
502 1883 594 1934 multis
612 1899 627 1934 e
644 1883 719 1933 testi-

176 1955 286 2018 moniis,
311 1970 380 2020 quae
402 1954 535 2005 Brissonii
552 1953 686 2037 collegit
679 1968 718 2001 ιιι-

177 2023 282 2074 dustria
299 2023 344 2088 (de
367 2041 423 2092 reg.
446 2026 536 2075 Persa.
559 2023 676 2089 princip.
694 2021 717 2084 1,

122 2125 141 2139 ..
177 2095 211 2143 21
235 2110 290 2160 seq.
315 2111 341 2160 p.
365 2094 398 2146 31
422 2110 537 2160 seqq.c
522 2095 583 2145 c.oll
608 2095 631 2155 1,
656 2091 717 2144 202.

179 2177 242 2228 pag.
270 2161 355 2228 287.,)
384 2170 550 2231 compertum
577 2164 716 2225 habemus,

180 2249 269 2284 verum
299 2235 381 2286 etiam
412 2237 509 2286 ceteris
539 2233 717 2286 orientalibus

179 2303 342 2370 principibus
375 2321 515 2356 commune
545 2306 601 2356 lere
634 2305 718 2354 fuisse

177 2373 298 2424 indicant
314 2391 360 2438 ea,
377 2392 446 2442 quae
463 2375 563 2426 similia
585 2375 618 2425 de
635 2375 718 2439 Assy·

176 2445 277 2494 riorum
295 2446 402 2511 regibus
421 2448 583 2510 accepimns,
602 2446 644 2496 uti
660 2459 717 2494 mo-

175 2515 223 2564 nui
245 2514 279 2564 ad
302 2516 411 2566 Ctesias
434 2517 559 2582 fragmm.
584 2531 647 2582 pag.
668 2515 718 2566 1211

175 2599 234 2650 seq.

211 2679 280 2752 μήτε
299 2679 402 2738 ἐσιέναι
418 2681 496 2753 παρὰ
516 2686 631 2756 βασιλέα
647 2703 673 2737 κ.
692 2703 716 2737 τ.

174 2757 212 2824 a]
240 2758 345 2838 Eodem
366 2759 446 2810 modo
475 2760 526 2810 hcc
554 2757 607 2808 sibi
635 2773 718 2823 oppo-

175 2831 278 2878 nuntur
286 2820 384 2909 μήτε
407 2835 435 2880 et
457 2823 503 2888 dl,
522 2845 575 2894 quo
598 2828 670 2878 infra
692 2828 716 2888 I,

179 2898 235 2950 108.
257 2912 391 2948 οντε-
408 2895 458 2962 dl,
476 2867 596 2949 ubirid.
609 2898 717 2949 Etenim

175 2983 272 3019 sensus
282 2973 336 3018 est:
355 2977 382 3019 ut
397 2985 465 3020 nemo
478 2972 607 3051 ηκίεγνακι
624 2969 660 3018 ατί
675 2983 717 3018 re-

171 3055 228 3105 pens
245 3039 392 3101 accederet,
407 3039 455 3089 sed
469 3055 518 3102 per
534 3040 635 3088 nuncios
652 3039 720 3124 puis·

174 3123 223 3196 pue
241 3111 321 3159 omnia
334 3113 488 3174 ἐπικείμεναι
504 3124 556 3158 eum
568 3123 636 3174 repe,
649 3112 718 3174 isque

173 3183 231 3244 ipsc
248 3195 265 3228 a
283 3183 376 3230 nemine
393 3181 587 3260 cpuspiceretur
610 3178 642 3228 Iu
660 3178 718 3244 qui-

173 3251 225 3298 bus
238 3247 322 3300 verbs
339 3239 380 3297 δι’
398 3240 522 3314 ἀγγέλων
537 3240 630 3298 πάντα
642 3245 717 3312 γρέε-

175 3317 259 3376 σθαι,
282 3334 352 3384 quaa
374 3319 457 3384 vulgo
479 3320 519 3369 sic
541 3322 664 3369 vertunt.
690 3326 718 3368 ut

171 3405 221 3454 per
245 3391 414 3440 internuntios
440 3392 520 3439 carnia
548 3392 717 3454 πεπείραται·

174 3468 226 3518 tur,
255 3460 295 3508 ita
321 3458 482 3523 explicanda
508 3463 596 3520 erunt,
626 3463 657 3507 ut
682 3457 717 3508 ad

173 3496 717 3677 ttutte?‘luetluitltult

174 3669 292 3720 subiecti
311 3669 497 3720 accusativum
514 3683 579 3746 τινμ
600 3671 716 3732 repetas,

173 3739 227 3788 nisi
239 3739 317 3789 malis
328 3740 513 3790 accusativum
525 3729 618 3787 πάντα
620 3751 715 3802 ,quem

173 3809 256 3876 vulgo
274 3825 322 3874 pro
340 3810 378 3858 rei
399 3808 572 3859 accussativo
593 3809 715 3857 neutrius

175 3879 282 3944 generis
300 3880 440 3944 accipiunt
460 3878 508 3941 (ad
521 3893 603 3928 omres
626 3892 669 3928 res
691 3893 714 3927 s.

173 3952 200 3998 ia
216 3949 326 4000 οικιιίδια
340 3947 427 4013 rebus)
450 3947 598 3999 masculino
617 3961 715 4012 genere

174 4020 291 4083 positum
307 4019 407 4070 babere
425 4034 457 4068 eo
476 4033 571 4079 sensu,
591 4031 643 4082 quc
661 4017 715 4067 No-

174 4093 230 4138 ster
248 4086 304 4146 ιτᾶς
321 4103 364 4144 τις
378 4088 446 4138 dixit
463 4088 643 4154 supra150
660 4087 713 4150 III,

175 4157 432 4220 79.V1‚122.‚tta
450 4163 482 4208 ut
499 4126 651 4222 oppobatur
668 4171 714 4206 an-

173 4195 309 4279 tecedeslti
327 4226 450 4316 μηδένα.
469 4228 517 4278 scd
539 4235 566 4278 ut
586 4229 715 4293 unusquis-

173 4315 221 4364 για
237 4313 286 4362 per
302 4302 403 4350 κυποίοε
421 4303 534 4348 uteretur
547 4311 608 4362 repe
625 4313 646 4346 s.
663 4312 716 4346 cum

173 4383 235 4435 repe
250 4375 350 4434 αηαυι.
368 4368 457 4432 Atque
474 4367 542 4417 base
563 4365 633 4417 ratic
650 4363 716 4416 mihi

767 1396 879 1458 propter
906 1390 1050 1442 articulum
1071 1389 1237 1456 neglectum,
1267 1387 1314 1453 qui

768 1468 865 1513 neutro
883 1461 996 1526 pluralis
1014 1461 1078 1512 addi
1094 1460 1219 1522 debebat,
1237 1473 1314 1538 prae,-

767 1537 840 1583 stare
858 1531 1028 1583 videtur.-
1044 1531 1087 1582 De
1109 1497 1247 1582 locutiobe
1269 1517 1310 1577 ds'

766 1595 892 1668 ἆγγελων
913 1602 991 1665 ct1,
1007 1601 1049 1653 69.

804 1683 843 1738 ἔτι
839 1687 943 1768 γελᾶν
960 1702 990 1738 τε
1012 1684 1060 1738 καὶ
1079 1679 1180 1738 πτύειν
1198 1675 1310 1764 αντίον,

769 1747 853 1808 κα1”
834 1771 923 1808 απασι
941 1751 1016 1808 εἶναι
1034 1751 1119 1808 τοῦτο’
1133 1771 1163 1822 γε
1180 1773 1198 1806 α
1199 1747 1311 1822 ίσχρόν]

768 1818 862 1878 κα1”
843 1841 949 1878 anast
961 1825 1312 1893 recteexplicuitSchvghs

769 1902 843 1950 etiam
857 1898 917 1964 (cel)
931 1899 1052 1963 cruribus,
1069 1913 1176 1962 proretae
1193 1895 1310 1948 carnibus.
1402 1951 1405 1956 g

769 1969 834 2020 Mox
863 1969 1006 2019 verborum
1035 1969 1156 2018 ordinem
1185 1981 1246 2018 cum
1272 1979 1313 2014 re-

769 2045 852 2090 centt.
872 2039 1047 2089 mutavimus.
1065 2037 1167 2104 Vulgo:
1185 2051 1269 2087 τουτο
1281 2049 1312 2100 γε

768 2103 851 2160 εἶναι.
871 2109 925 2160 Cur
942 2125 1006 2159 vcro
1029 2109 1096 2159 haec
1115 2109 1199 2158 verbe
1215 2107 1250 2157 ad
1268 2121 1311 2156 so-

768 2179 811 2232 los
830 2181 960 2242 nuncios,
981 2181 1026 2246 qui
1049 2179 1101 2230 bac
1123 2179 1183 2244 lege
1200 2182 1310 2227 tenean-

768 2256 821 2312 tur,
834 2253 968 2316 pertinere
987 2249 1053 2301 velit
1064 2249 1186 2315 Layard.
1204 2248 1308 2299 Nineve

768 2321 822 2371 and
843 2321 880 2370 its
902 2321 1017 2371 remeius
1040 2319 1078 2370 II.
1102 2336 1128 2385 p.
1153 2319 1213 2382 335,
1236 2317 1310 2383 equi-

768 2391 828 2441 dem
847 2407 900 2442 non
918 2391 1049 2457 intelligo,
1063 2405 1123 2441 curn
1139 2389 1205 2440 haec
1217 2389 1260 2438 lex
1273 2385 1310 2437 ad

768 2477 859 2512 omnes
886 2461 980 2511 Medos
1006 2467 1097 2526 aperte
1119 2463 1233 2526 spectet.
1268 2459 1311 2508 De

768 2532 827 2596 ipso
853 2536 1011 2597 argumento
1027 2529 1186 2582 consulatur
1204 2529 1310 2579 Brisso-

768 2601 829 2651 nius
842 2601 875 2652 de
884 2617 941 2667 reg.
951 2603 1120 2667 Persprinc.
1136 2601 1174 2662 11,
1183 2600 1229 2650 121
1244 2597 1308 2650 coll.

767 2671 807 2734 Il,
827 2671 870 2733 89,
890 2673 936 2738 qui
953 2671 985 2721 de
1008 2672 1060 2721 hac
1078 2677 1199 2722 veterum
1217 2668 1309 2718 Medo·

767 2757 826 2790 rum
851 2757 882 2792 ac
904 2744 1048 2792 Persarum
1076 2739 1220 2805 disciplina
1244 2737 1309 2788 scri-

768 2816 874 2894 ptorum
890 2811 965 2862 locos
978 2811 1096 2876 collegit.
1116 2809 1241 2860 Potiores
1254 2807 1309 2858 loci

768 2887 831 2932 sunt
859 2882 944 2946 ipsius
972 2829 1106 2931 Herodoti
1136 2880 1165 2940 I,
1198 2877 1247 2928 133
1281 2879 1309 2926 at

768 2951 981 3016 Xenophontis*
974 2965 1002 3000 ιιι
1019 2949 1083 3015 Cyri
1099 2917 1217 2998 institut.
1241 2947 1264 3008 1,
1281 2947 1307 3006 2,

770 2985 1309 3082 16110118ο1ι1.ε.τ.11αρδαμα.11ι1-
1349 3056 1351 3060 ,

768 3091 809 3140 dit
831 3093 874 3141 Cr
899 3089 971 3156 ηιιοδ
1000 3090 1032 3139 de
1056 3087 1190 3140 trabibus
1214 3085 1309 3138 scribit

767 3160 956 3212 Niebubriue'
948 3177 976 3211 ιιι
995 3161 1115 3211 itinerar.
1139 3159 1162 3210 Ι,
1181 3175 1243 3224 pag.
1264 3159 1307 3220 57,

768 3236 795 3282 et
812 3247 882 3298 quae
900 3231 956 3282 alia
972 3230 1013 3280 bis
1030 3231 1106 3282 addit
1129 3229 1287 3281 Gesenins'
1280 3243 1307 3277 ιιι

768 3302 950 3352 commentar.
970 3301 1005 3352 ad
1023 3301 1140 3352 Iessism
1158 3315 1218 3365 cap.
1234 3299 1266 3359 L,
1279 3297 1306 3348 6.

768 3387 793 3437 p.
820 3371 882 3434 113,
907 3386 1017 3420 monens
1044 3385 1150 3435 quoque
1172 3370 1206 3419 de
1230 3367 1307 3417 libris

768 3441 862 3502 sacris,
880 3457 894 3490 e
912 3439 1008 3504 quibus
1028 3445 1055 3488 et
1078 3439 1145 3502 ipsis
1169 3441 1247 3500 turpe
1269 3437 1308 3484 in-

766 3511 931 3574 dignumque
951 3508 1046 3559 haberi
1067 3507 1258 3572 intelligimus,
1281 3507 1308 3554 et

767 3581 898 3644 alspuere
916 3577 1033 3644 aliquem
1050 3581 1077 3626 et
1095 3577 1149 3626 alio
1166 3578 1309 3642 praesente

767 3665 872 3715 spuere.
909 3651 995 3712 Quam
1025 3649 1053 3696 in
1081 3662 1137 3697 rem
1163 3646 1308 3710 praecipue
1400 3675 1409 3688 .

766 3720 839 3770 conl.
857 3719 917 3770 Iob.
928 3718 1014 3780 XXX,
1034 3717 1075 3768 10.

801 3793 875 3863 ὅκως
897 3821 933 3854 αν
959 3795 997 3884 μὴ
1020 3793 1142 3868 ὁρῶντες
1164 3794 1194 3850 cl
1209 3789 1305 3884 ὁμήλι-

765 3889 812 3933 κες
829 3892 855 3924 κ.
873 3891 896 3926 τ.
913 3873 949 3940 λ]
974 3865 1103 3936 ὁρέοντες
1125 3872 1222 3937 scripsi
1243 3887 1304 3922 cum

765 3949 877 3996 recentt.
912 3945 1021 3995 iubente
1051 3941 1167 3995 Bredov.
1197 3958 1224 4007 p.
1253 3941 1303 3994 381

764 4032 813 4082 pro
832 4006 968 4078 ὁρέοντες
990 4029 1012 4066 s.
1031 4002 1167 4095 ὁρῶντες,
1185 4013 1304 4078 itemque

764 4101 826 4136 mox
850 4084 915 4166 (sidu.
940 4097 1003 4149 pag.
1034 4080 1095 4148 385)
1119 4074 1240 4166 ὁρέουσι
1254 4097 1304 4148 pro

764 4155 838 4221 vulg.
857 4144 945 4218 ὁρῶσι
963 4154 1003 4204 its
1020 4152 1197 4204 reddendum:
1215 4154 1240 4203 si
1251 4167 1305 4202 esca

763 4239 812 4276 non
830 4226 1007 4288 conspicerent,
1022 4226 1046 4274 si
1058 4226 1083 4274 ia
1102 4239 1186 4275 eorsum
1202 4237 1306 4304 conspe-

764 4303 828 4346 ctam
847 4309 895 4345 aea
923 4297 1084 4346 veniret.—
1105 4293 1147 4344 De
1169 4280 1244 4348 ὅκως
1268 4280 1306 4340 δν

764 4379 824 4416 cum
844 4363 967 4429 optativo
985 4362 1135 4414 monuimus
1159 4359 1193 4411 ad
1218 4360 1242 4422 Ι,
1260 4361 1304 4410 15.
