3058 4928
222 277 284 341 598
655 269 924 334 HERODOTI

158 456 160 460 ’
223 451 385 524 λάσσουσι
406 453 445 518 αλ
460 439 556 539 ὧροι.
594 449 632 516 ἐν
648 444 712 536 γὰρ
732 451 807 538 τῇσι
825 448 1026 534 μεταβολῇσι
1046 429 1132 512 τοῖσι
1151 441 1364 535 ἀνθρώποισι

224 563 261 627 αἱ
271 561 388 626 υοῦσοι
409 550 551 642 μάλιστα
566 559 737 638 γίνονται,
756 555 824 619 τῶν
841 575 877 618 re
895 546 1009 617 ἄλλων
1027 545 1163 617 πάντων
1181 549 1237 617 καὶ
1252 544 1293 637 δὴ
1306 547 1363 616 καὶ

224 665 294 730 τῶν
320 653 436 744 ὡρέων
469 653 619 746 μάλιστα.
669 651 930 742 Ἀρτοφυγέουσι
964 651 1002 721 di
1034 653 1071 720 ἐκ
1106 656 1176 720 τοῖν
1209 647 1362 741 ὀλυρέων

224 768 399 841 ποιεῦντες
415 757 556 850 ἄρτους,
579 754 657 838 τοὺς
679 760 801 827 tastum
820 753 998 844 κυλλήστις
1016 750 1248 842 οὐνομάζουσι.
1279 765 1361 847 ολυςο

225 931 333 982 inverso
352 927 444 978 ordine
463 926 670 977 exhibebantur.
703 925 769 990 Ipsa
819 924 911 991 polog.
923 924 963 974 als
974 923 1195 989 Eiuleitrrngetc.
1213 921 1360 988 Eriangen.

226 999 328 1052 locutio
347 998 416 1047 satis
434 1002 509 1059 nota,
528 1001 555 1047 et
571 996 691 1046 crebrius
704 1011 768 1062 quo·
822 993 897 1046 1818.
914 994 1154 1058 Conferriquoque
1164 992 1361 1058 potoritLane:

225 1085 279 1134 que
300 1068 426 1119 adhibita
449 1082 466 1116 a
484 1067 623 1118 Pausania
640 1066 769 1116 Nostrum
819 1067 943 1116 Accouut
967 1065 997 1114 oi
1022 1063 1068 1114 the
1088 1077 1214 1113 manners
1241 1061 1295 1112 and
1317 1075 1363 1112 cu-

226 1139 362 1189 imitante.
402 1137 466 1188 Vid.
490 1135 613 1187 Siebclis.
641 1135 676 1184 ad
699 1131 769 1185 Pau·
820 1140 904 1184 storns
926 1134 956 1183 oi
973 1133 1018 1184 the
1036 1131 1147 1184 modern
1165 1131 1318 1198 Egyptians
1337 1131 1361 1182 I.

223 1203 768 1268 san.11,14.§.2.vl1,r.§.4,ubi
820 1221 847 1270 p.
866 1205 882 1253 4
901 1219 958 1269 seq.
1314 1259 1320 1276 Ι

223 1281 317 1328 monet
338 1275 393 1326 dici
418 1267 495 1340 ἐμοὶ
522 1275 574 1325 hac
600 1276 628 1324 in
652 1272 769 1323 formula
851 1263 1065 1337 Ἀρτοφαγέουσι
1080 1265 1111 1320 di
1125 1261 1222 1320 ἐκτῶν
1237 1259 1363 1331 ὀλυρεωυ

222 1359 311 1413 neque
334 1357 403 1410 μοι.
441 1345 475 1395 In
499 1359 575 1409 seqq.
605 1343 690 1393 verbo
711 1339 769 1391 τῶν
819 1339 965 1398 ποιεῦντες
983 1331 1099 1406 ἄρτους]
1123 1342 1281 1408 Haeccum
1299 1353 1363 1389 con-

224 1429 253 1466 τε
272 1405 366 1464 ἄλλων
389 1406 506 1463 πάντων
524 1409 573 1463 καὶ
590 1405 626 1477 δὴ
644 1407 769 1461 καὶτῶν
819 1427 887 1478 grus
903 1425 1014 1476 prorsus
1033 1409 1088 1460 siut
1106 1409 1154 1472 iis,
1173 1423 1243 1474 quae
1261 1423 1293 1458 ex
1306 1409 1362 1458 Ha-

223 1475 321 1549 oipr'crv
354 1499 415 1534 curn
449 1473 478 1532 ἐκ
504 1479 568 1548 τῇσι
599 1478 769 1548 μεταβολῇσι
818 1485 916 1532 cstseo
939 1480 1046 1531 Milesio
1078 1481 1182 1545 profert
1206 1478 1362 1529 Athenaeus

223 1552 362 1619 iungenda
380 1557 452 1603 sunt.
464 1579 499 1588 —
514 1551 656 1602 Caeterum
677 1552 712 1601 ad
728 1565 769 1601 ar·
819 1553 853 1602 X.
878 1567 905 1615 p.
923 1551 974 1602 417
993 1549 1015 1599 G
1040 1553 1068 1600 et
1090 1549 1141 1600 418
1157 1550 1195 1611 E,
1219 1547 1291 1598 haud
1314 1547 1362 1596 im-

225 1627 382 1690 gementum
405 1623 458 1673 loci
482 1622 642 1684 observant,
672 1635 769 1672 couve-
819 1622 915 1671 morito
940 1619 1085 1681 coniicias,
1113 1619 1248 1669 Hecataei
1264 1617 1362 1668 librum

225 1695 284 1744 nire
301 1693 442 1743 Herodoto
459 1707 520 1741 cnm
535 1692 719 1758 Hippocrate,
745 1689 768 1740 si
819 1691 920 1741 Nostro
937 1691 1150 1740 obversatnmet
1165 1686 1363 1738 abcoleotita-

209 1821 210 1824 Ἴ
225 1761 333 1830 quidem
349 1762 394 1812 hic
407 1761 515 1812 morbos
529 1776 563 1810 ex
575 1765 768 1826 tempestatum
819 1767 875 1810 tum
895 1759 991 1811 fuisse.
1010 1759 1073 1810 Vid.
1084 1759 1210 1808 Crenaer.
1223 1757 1361 1822 Fragmm.

223 1831 422 1883 mutationibus
444 1831 613 1895 potissimum
634 1831 700 1880 oriri
722 1829 769 1880 do·
818 1830 928 1881 historr.
947 1845 1011 1894 pag.
1024 1827 1068 1880 23.
1083 1833 1110 1879 et
1123 1827 1245 1878 Klauaerr
1262 1827 1363 1878 adHe-

133 1960 138 1970 .
224 1905 330 1953 onerat:
357 1894 390 1950 oi
412 1895 563 1966 μεταβολαλ
591 1895 649 1949 reia
672 1890 768 1964 ὡρέων
819 1901 908 1951 cataei
921 1899 1008 1949 Miles.
1022 1899 1183 1964 fragiump.
1197 1897 1303 1947 125.-
1320 1897 1363 1947 De

223 1963 342 2036 μάλιστα
364 1968 491 2020 τίκτουσι
515 1961 694 2034 υουσήμυτα,
719 1961 767 2018 καὶ
818 1971 878 2036 ipso
898 1973 1056 2034 argumento
1082 1967 1154 2018 conf.
1180 1981 1250 2032 quae
1268 1965 1302 2016 ad
1323 1967 1362 2028 11,

223 2031 254 2090 ἐκ
271 2038 335 2104 τῇσι
354 2028 443 2106 cippos
461 2031 494 2088 ori
503 2029 619 2104 μεγάλοι
636 2036 768 2103 ursatiu-
818 2039 852 2091 36
870 2038 1024 2100 attulimus,
1049 2037 1172 2103 inprimis
1193 2036 1304 2087 Homeri
1328 2053 1363 2086 ac

223 2105 304 2175 γαλῆ
319 2099 425 2172 ψύξιος
441 2095 460 2170 ἦ
475 2100 603 2172 daturne
620 2103 667 2157 κοιλ
682 2093 768 2155 τᾶλλα
818 2108 900 2160 Plinii
917 2108 1003 2158 locos.

223 2171 398 2241 κατὰλόγον
416 2169 549 2234 otiosa.
568 2175 632 2226 τ.λ.
662 2173 767 2242 (Apho-
852 2169 920 2234 τούς
949 2170 1052 2226 ἐκεῖνοι
1079 2167 1227 2240 κυλλήστις
1256 2165 1364 2237 οὕομοῖ-

224 2249 326 2298 rismrn.
340 2247 393 2296 111.
408 2245 494 2312 §.1.),
515 2260 584 2311 quae
602 2245 767 2296 observante
817 2245 906 2312 ζουσι]
930 2247 1033 2316 Eadem
1049 2245 1205 2297 Athenaeus
1225 2249 1281 2294 tum
1301 2243 1320 2294 l.
1340 2243 1361 2294 1.

223 2315 405 2380 Wesselingio
430 2316 538 2380 egregie
562 2314 693 2379 explicuit
715 2314 767 2364 Ga·
818 2322 875 2366 turn
899 2317 952 2369 111.
978 2331 1041 2382 pag.
1072 2316 1132 2374 114,
1160 2314 1207 2364 nbi
1232 2314 1363 2364 scribitur

224 2385 455 2447 lenueT.V.p.
479 2383 665 2434 rosaceum
682 2383 768 2449 Hero·
818 2377 981 2447 κυλλάστις,
1020 2383 1245 2451 quemadmodum
1275 2383 1359 2434 ctiam

225 2456 289 2505 doto
327 2454 496 2518 comparavit
527 2453 564 2502 H.
599 2451 768 2502 Mercurialis
819 2456 847 2504 iu
856 2453 995 2519 Hesychia
1013 2470 1035 2506 s.
1048 2454 1137 2505 aviri
1150 2453 1224 2504 docti
1237 2469 1362 2504 correxe-

223 2525 290 2574 Var.
310 2523 400 2574 Lectt.
418 2521 456 2584 11,
469 2521 495 2573 3.
532 2522 575 2571 'l'n
594 2522 666 2572 coni.
686 2522 768 2571 etiarn
820 2529 891 2574 runt.
919 2525 976 2574 Nec
993 2525 1081 2574 minor
1093 2524 1121 2572 in
1136 2524 1213 2574 vocis
1226 2523 1363 2588 scriptura

225 2593 388 2657 Hippocrat.
413 2591 447 2640 de
475 2593 548 2652 oiim,
576 2607 619 2656 aq.
645 2595 673 2640 et
697 2591 766 2641 loce.
819 2594 959 2643 dissensus
977 2591 1205 2658 apudPolluc.in
1218 2593 1361 2644 Onomast.

225 2677 286 2726 cop.
303 2661 352 2712 IV.
371 2664 397 2723 §-
417 2659 451 2711 58
469 2676 543 2725 seqq.
562 2661 595 2710 V.
613 2659 637 2722 ξ.
658 2660 691 2710 78
709 2675 767 2725 seq.
818 2663 923 2725 V1,ll.
943 2663 1021 2725 §.73‚
1041 2663 1087 2714 ubi
1100 2661 1360 2728 vidiungermauu.

224 2728 428 2792 17139195.
460 2731 588 2795 Aegyptii
605 2743 678 2791 vero,
697 2729 768 2794 quod
819 2731 947 2797 Explicat
964 2747 1027 2782 vero
1045 2732 1201 2782 Athenaeus
1222 2725 1273 2780 τὸυ
1288 2723 1360 2781 riaru-

223 2804 287 2866 pcst
304 2799 406 2864 Libyes
430 2800 548 2849 omnium
571 2799 674 2862 optima
697 2799 768 2849 vaie—
821 2799 932 2864 ξῖζουτα
950 2791 1038 2865 ἄρτου
1056 2803 1087 2868 (i.
1108 2817 1131 2853 e.
1154 2801 1297 2853 sabacidum
1314 2817 1361 2867 pa·

223 2869 317 2921 tudine
335 2869 388 2918 frui
408 2868 536 2919 dicuntur
563 2869 712 2931 aNostro,
739 2869 768 2918 id
820 2868 894 2934 nem)
916 2870 1053 2921 Nicander
1074 2872 1109 2921 ab
1134 2873 1194 2932 ipso
1217 2871 1358 2922 laudatus:

224 2955 297 2990 nunc
311 2939 419 3005 quidem
435 2938 515 2989 aliter
533 2953 563 2989 aa
578 2937 678 2988 habere
691 2953 769 2989 uerno
818 2934 871 2990 τὸν
889 2931 919 2990 ἐκ
940 2938 991 3004 τῆς
1008 2938 1114 3006 κριθῆς
1135 2939 1225 3004 ἄρτου
1248 2933 1360 3005 γινόμε-

224 3010 283 3061 fere
300 3009 388 3060 nescit
406 3009 527 3074 satisque
545 3007 683 3073 copiosum
700 3023 769 3058 mor·
819 3023 881 3061 υου.
916 3010 1071 3075 Hesychius
1093 3011 1261 3062 Athenaeum
1284 3025 1361 3060 secu-

223 3080 319 3129 borum
338 3078 468 3140 indicem,
495 3077 607 3143 quibus,
632 3078 679 3142 qui
696 3093 768 3128 nuuc
818 3086 863 3130 tus
882 3079 971 3142 addit,
991 3093 1024 3130 ex
1041 3081 1183 3131 Herodoto
1201 3082 1305 3146 opinor,
1325 3095 1359 3129 ex

223 3148 295 3198 hanc
312 3151 412 3198 terram
435 3147 573 3212 incolunt,
601 3153 767 3211 premuntur,
817 3149 896 3214 olyra
908 3147 1009 3199 iactum
1024 3164 1083 3200 esec
1096 3165 1203 3214 panem.
1235 3149 1360 3201 SedPol-

224 3217 372 3278 choieram,
406 3222 526 3282 pestem,
560 3216 629 3266 elios
659 3217 767 3268 morbos
816 3219 863 3269 lux
883 3218 918 3268 ad
936 3219 1049 3269 formum
1072 3221 1159 3285 magis
1180 3223 1292 3270 revocat
1314 3219 1360 3270 de·

224 3290 348 3337 recenset
366 3288 534 3352 Russegger:
552 3287 653 3337 Reisen
671 3290 724 3336 etc.
744 3287 766 3349 I,
818 3289 1043 3351 nominationem,
1062 3293 1093 3339 ut
1109 3305 1193 3354 panes
1204 3288 1361 3354 intelligan-

225 3357 250 3407 1.
276 3372 304 3421 p.
328 3353 380 3408 233
403 3371 460 3420 seq.
491 3357 520 3405 in
548 3371 646 3406 causus
671 3356 767 3406 horum
818 3363 862 3408 tur
878 3359 1006 3424 fastigiati
1014 3358 1057 3408 vel
1074 3359 1207 3420 turbinati,
1226 3359 1261 3409 ad
1277 3363 1361 3410 instar

224 3426 378 3476 morborum
414 3425 565 3491 inquitisum
606 3441 767 3491 quamquam
817 3428 958 3489 corbonan,
985 3433 1015 3477 ut
1038 3429 1232 3494 interpretatur
1259 3429 1360 3478 Casan-

226 3495 272 3561 qui
296 3509 392 3545 sanam
410 3493 530 3544 diaetam
553 3501 639 3559 agunt
662 3496 767 3562 sibique
817 3499 904 3548 bonus
923 3497 958 3548 ad
976 3497 1075 3548 Athen.
1096 3497 1114 3548 l.
1136 3499 1154 3548 1.
1175 3499 1229 3549 111.
1249 3515 1276 3563 p.
1300 3497 1358 3547 114.

225 3565 357 3616 curiosius
376 3569 475 3614 carent
490 3565 525 3614 ab
542 3565 677 3628 omuibus,
697 3579 767 3630 quac
816 3568 925 3618 Profert
941 3568 1008 3618 haec
1026 3567 1201 3618 lablouskius
1218 3583 1293 3618 socc.
1308 3567 1359 3617 Ae-

225 3635 331 3700 ccrpori
358 3637 491 3695 noceant,
519 3634 656 3698 Europaei
683 3634 768 3684 homi·
816 3641 904 3702 gyptt.
924 3653 950 3701 p.
966 3637 1024 3700 117,
1044 3638 1103 3702 ipse
1115 3637 1270 3701 subiiciens,
1288 3651 1360 3701 quae

225 3719 287 3766 nes,
307 3704 411 3768 optima
429 3701 584 3753 valetudine
603 3703 656 3752 frui
674 3703 767 3754 dicun·
815 3721 881 3757 vera
907 3707 943 3756 sit
964 3708 1115 3772 Aegyptiae
1138 3707 1213 3757 vocis
1241 3707 1360 3772 origina-

224 3779 269 3823 tur
286 3787 373 3838 aeque
394 3777 476 3838 atque
499 3777 605 3822 veteres
629 3771 766 3838 Aegyptii.
817 3778 870 3839 tio,
887 3791 917 3826 ee
930 3776 1017 3826 adhuc
1035 3778 1209 3842 assequinou
1226 3777 1359 3842 potuisse.

224 3843 279 3894 Sed
296 3841 329 3892 de
346 3843 388 3892 his
407 3841 623 3908 equidcmnolim
639 3843 709 3892 terre
727 3843 767 3893 iu·
816 3847 873 3897 Nec
898 3846 1016 3896 certiora
1042 3846 1107 3895 mihi
1131 3846 1227 3896 afferre
1250 3845 1360 3896 ridetur

223 3911 337 3974 dicium,
356 3912 428 3977 quod
446 3911 566 3962 medicae
586 3913 653 3963 artis
669 3913 765 3977 peritis
816 3915 967 3966 Uhiemann
982 3916 1023 3964 in:
1043 3915 1177 3981 Philolog.
1191 3917 1307 3981 Aegypt.
1329 3931 1359 3978 p.

223 3995 256 4030 ac
274 3987 389 4031 naturae
406 3983 652 4046 perscrutatoribus
669 3981 764 4032 iubens
818 3985 859 4035 19.
904 3985 936 4034 Iu
974 3984 1042 4048 ipsis
1072 3987 1182 4050 papyris
1214 3985 1357 4049 Aegyptiis

222 4047 354 4112 relinquo.
377 4051 537 4116 Disputavit
547 4051 581 4101 de
598 4051 640 4102 his
658 4067 765 4117 qnoque
814 4055 843 4103 in
860 4067 952 4103 museo
964 4053 1131 4104 Loudinensi
1144 4055 1293 4105 asservatis
1304 4053 1358 4105 hoc

221 4117 264 4166 vir
294 4116 405 4182 doctus,
441 4120 488 4185 qui
518 4121 577 4184 ipse
608 4120 710 4170 diutius
736 4122 764 4171 in
814 4123 892 4188 panis
916 4138 1013 4173 nomen
1032 4116 1202 4188 (κυλλήστις)
1221 4125 1262 4174 bis
1279 4123 1358 4172 iure-

222 4187 348 4252 Aegypto
376 4187 451 4253 degit
471 4189 656 4254 modicamque
679 4194 765 4240 artem
814 4191 868 4241 uiri
887 4191 1008 4256 intelligo
1036 4209 1069 4242 ex
1092 4194 1140 4255 iis,
1167 4209 1237 4258 quae
1262 4191 1358 4242 attulit

223 4256 359 4317 exercuit,
386 4257 410 4307 Ι.
429 4259 534 4308 Pruuer
551 4259 579 4308 iu
601 4259 686 4310 libro:
714 4261 764 4310 Ae·
814 4260 927 4311 Carolus
945 4260 1007 4312 Keil
1021 4261 1061 4312 in:
1084 4262 1200 4314 Jahrbb.
1227 4263 1247 4314 f.
1266 4260 1358 4313 Philo-

222 4329 337 4391 gypteus
348 4326 595 4394 Naturgaschichte
611 4345 637 4380 u.
649 4328 765 4380 Anthro-
813 4329 869 4397 log.
887 4331 972 4382 XXX.
991 4347 1017 4397 p.
1036 4330 1098 4384 387.
