3008 4924
220 237 282 302 792

644 235 913 298 HERODOTI

221 409 384 502 ὁΠέρσης
403 408 545 500 δεύτερα
560 407 720 498 διώρυξε,
744 415 802 500 τῆς
822 415 926 500 μῆκος
945 412 1007 499 μέν
1027 412 1095 480 ἐστι
1116 409 1217 490 πλόος
1237 404 1362 498 ἡμέραι

219 518 386 605 τέσσερες,
410 503 508 602 εὖρος
529 513 566 582 dl
589 509 747 602 ὠρύχθη,
775 511 859 584 ὥστε
881 513 1036 604 τριήρεας
1054 513 1117 583 δύο
1139 507 1364 600 asserviant

220 618 493 710 ἐλαστρευμένας.
532 608 629 706 ἦκται
651 618 689 688 dl
709 614 775 687 ἀπὸ
796 623 856 688 τοῦ
873 625 1001 688 Νείλου
1016 615 1053 686 τὸ
1074 614 1169 709 ὕδωρ
1185 620 1217 698 ἐς
1231 613 1360 705 αὐτήν·

219 820 355 886 persecuti
376 823 440 868 sunt
463 817 512 884 (cl.
535 818 614 870 modo
636 819 763 882 Literary

220 891 335 942 Gazette
355 889 430 940 1835.
450 904 491 939 nr.
510 887 574 938 947:
594 905 620 954 p.
641 888 705 951 1111,
728 902 763 938 ne

220 961 324 1026 plura),
350 959 452 1008 iactum
476 963 532 1022 est,
555 966 586 1008 ut
607 961 635 1007 in
659 957 762 1008 canalis

220 1031 309 1082 locum
330 1044 402 1078 nunc
425 1031 513 1078 strata
538 1029 574 1078 sit
596 1029 642 1078 via
666 1029 762 1090 terrea,

220 1115 274 1166 qua
292 1099 386 1164 utique
400 1097 514 1148 celerius
526 1113 558 1148 ec
571 1098 658 1148 tutius
672 1095 761 1148 aNilo

220 1169 335 1235 proiecti
352 1169 511 1232 perveniant
537 1167 571 1217 ed
590 1168 678 1216 sinum
696 1168 763 1217 Ara·

219 1241 323 1304 hicum,
350 1237 465 1302 indeque
491 1238 518 1286 in
547 1236 663 1288 Indiam.
705 1237 763 1288 Nee

220 1315 310 1359 tamen
338 1307 480 1358 consilium
508 1306 559 1357 hoc
585 1305 688 1356 canalis
719 1306 763 1356 de-

220 1395 272 1428 nno
307 1375 478 1426 instaurandi
512 1375 635 1425 relictum
668 1375 761 1439 inisse,

220 1447 340 1499 ostendit
355 1447 491 1496 decretum
508 1446 542 1495 ab
556 1446 673 1511 Aegypti
691 1445 762 1509 prin-

221 1519 280 1582 cipe
302 1515 378 1579 (Said
402 1515 519 1580 Pascha)
546 1515 589 1566 ³0.
608 1516 677 1565 Nor.
697 1515 762 1564 anui

222 1589 288 1638 1854
309 1584 491 1650 publicatum,
511 1599 564 1648 quo
582 1585 686 1634 canalis
704 1599 762 1648 par-

220 1655 341 1706 lodieudi
365 1669 432 1720 opus
450 1653 615 1719 permittitur
635 1654 762 1704 societati

220 1725 359 1778 Gallorum
394 1723 444 1774 sub
482 1725 563 1774 certis
601 1723 762 1790 quibusdem

220 1794 430 1845 conditionibus.
482 1793 561 1856 Quod
595 1809 659 1843 vero
696 1792 761 1854 diri,

220 1865 317 1929 prioris
333 1864 437 1914 canalis
451 1864 568 1928 vestigia
586 1863 674 1913 adhuc
688 1862 762 1912 cerni

219 1936 346 1999 virosque
370 1934 465 1984 doctos
487 1933 554 1984 haec
577 1933 640 1983 inde
667 1947 684 1982 a
709 1937 763 1980 trs-

220 2009 267 2054 ctu
291 2003 403 2054 Suesiae
432 2002 532 2068 (Sues)
558 2017 618 2052 esse
639 2017 763 2066 persecu·

220 2079 277 2134 tos,
304 2073 434 2138 probant,
462 2087 533 2137 quae
558 2071 640 2122 habet
664 2070 762 2121 Acerbi

220 2144 247 2192 in
269 2141 393 2192 Nouvell.
421 2143 492 2193 Ann.
523 2141 570 2192 des
595 2142 701 2206 Voyeg.
728 2141 761 2190 T.

220 2213 311 2262 XVII.
332 2209 429 2276 (1830)
448 2226 474 2276 p.
490 2209 542 2261 372
555 2227 631 2276 seqq.
649 2215 675 2260 et
694 2225 762 2276 quae

220 2284 273 2331 iam
296 2281 380 2345 priori
406 2285 497 2330 aetate
527 2282 630 2330 monuit
661 2279 693 2330 de
721 2279 762 2330 bis

221 2353 341 2413 Savary:
366 2349 496 2400 Zustand.
517 2349 544 2399 d.
563 2349 611 2400 alt.
629 2364 656 2401 u.
674 2364 762 2398 neuen

219 2421 336 2483 Aegypt.
354 2421 378 2470 1.
397 2435 422 2484 p.
433 2419 494 2470 326.
529 2418 599 2468 Add.
619 2415 762 2468 llldmoircs

220 2489 254 2538 du
268 2489 352 2536 baron
365 2487 397 2536 de
409 2489 475 2538 'l'ott
486 2503 531 2536 sur
542 2488 676 2537 lesTurcs
690 2485 762 2550 (Am-

221 2555 305 2607 sterd.
327 2558 403 2617 1774)
421 2557 454 2606 Τ.
474 2555 573 2622 111.ρ.
594 2557 657 2616 151,
677 2557 761 2605 Ham-

220 2641 275 2678 mer
293 2626 334 2675 in:
353 2625 442 2677 Wien.
456 2625 571 2677 Jahrbb.
585 2626 682 2676 LXVI.
696 2641 760 2691 pag.

220 2700 246 2748 b.
269 2695 372 2744 Nostra
384 2700 476 2745 aetate
489 2695 522 2745 de
535 2695 576 2746 his
595 2696 762 2760 scripserunt

220 2765 389 2832 potissimum
402 2765 566 2816 Wilkinson.
579 2765 762 2830 Topogrephy

221 2835 251 2886 oi
259 2835 492 2900 ThebeeAppand.
502 2835 532 2885 C.
544 2835 664 2900 pag.585
675 2850 761 2900 seqq„

220 2903 331 2956 Russel:
350 2905 450 2970 Egypt.
468 2921 529 2969 pag.
547 2907 593 2955 17¹2
609 2920 676 2969 seq„
694 2905 760 2954 Per·

221 2975 296 3040 they:
317 2974 519 3040 Wunderungg.
533 2975 568 3023 im
582 2975 605 3026 N
608 2973 685 3024 ilthal
696 2989 758 3039 pag.

220 3046 271 3096 532
296 3059 371 3110 seqq.
415 3044 519 3106 Quibus
550 3043 647 3094 addere
675 3044 760 3106 iuvat,

220 3129 289 3178 qnae
301 3115 344 3163 vir
355 3114 451 3165 doctus
466 3113 594 3164 disseruit
607 3115 646 3164 in:
666 3114 761 3176 „Vier-

219 3182 431 3234 teliahrssohrift
447 3199 487 3234 nr.
501 3185 534 3234 25
547 3183 635 3246 (1844.
647 3183 683 3248 Ι.)
696 3198 759 3248 peg.

219 3253 271 3303 214
285 3267 360 3317 seqq.
373 3251 424 3302 hoc
438 3253 595 3304 subtituto:
614 3253 688 3316 „Der
701 3268 761 3317 pro-

201 3322 326 3387 ¹lectirte
344 3320 428 3372 Cunsl
448 3337 502 3373 von
518 3323 621 3382 Suez;“
645 3327 672 3372 et
690 3337 760 3388 qnae

219 3391 760 3527 tt-Pt'lbtltltttltlAltis

218 3547 260 3582 nr.
287 3531 328 3581 ll.
354 3546 380 3596 p.
407 3531 456 3581 170
474 3547 547 3596 seq,
576 3531 599 3582 1.
623 3531 646 3582 I.
667 3530 761 3581 Bande

218 3602 260 3651 iu:
284 3601 375 3652 Rasna
396 3599 429 3649 de
454 3600 523 3650 deux
546 3599 656 3650 mondes
683 3599 759 3650 1855.

219 3671 253 3722 Τ.
278 3670 326 3720 tx.
346 3685 372 3734 p.
394 3668 460 3719 1216
475 3685 565 3735 seqq,
589 3669 686 3719 Paulin
708 3670 760 3718 Τιι.

218 3740 294 3790 lahct
314 3739 379 3790 ibid.
398 3739 431 3788 Τ.
445 3739 480 3790 X.
498 3755 524 3804 p.
538 3739 588 3790 480
606 3755 696 3804 seqq,
715 3740 760 3804 qui

219 3817 247 3860 et
265 3810 323 3874 ipse
342 3809 445 3873 antiqui
463 3809 566 3858 canulis
582 3809 698 3874 vestigia
717 3823 760 3858 ac-

219 3883 313 3930 curate
331 3878 435 3928 indicat
452 3880 493 3944 (p.
514 3878 564 3930 41111
583 3877 688 3943 seqql,
713 3878 759 3927 ad-

219 3948 276 3998 dite
294 3963 393 4014 mappa
414 3947 597 4012 geographiae
616 3948 682 3998 baec
700 3947 758 3997 illu-

219 4021 337 4079 straote‚
355 4017 486 4068 Alexand.
499 4018 628 4067 Bouneau
644 4017 685 4066 in:
706 4018 756 4068 Re-

217 4101 269 4136 vue
286 4087 505 4152 contemperatae
523 4087 555 4136 T.
573 4087 676 4137 XVIII.
705 4086 756 4150 (nr.

217 4157 251 4205 72
269 4155 343 4204 Mars
362 4155 440 4216 1853)
453 4173 480 4221 p.
491 4156 541 4208 5117
555 4171 628 4222 seqq.
643 4161 670 4206 et
682 4171 758 4222 prae-

217 4224 295 4288 cipue
313 4240 339 4306 p.
358 4225 409 4275 612
430 4241 504 4290 seqq.

250 4282 277 4350 ἒς
297 4308 349 4357 την
365 4283 509 4359 Ἐρυθρὴν
526 4287 685 4360 θάλασσαν]
716 4297 757 4346 De

813 820 891 870 nstro
907 821 972 869 muri
997 818 1113 870 diximus
1130 818 1165 869 ad
1184 819 1212 882 1,
1236 820 1259 868 l.
1296 819 1362 868 Hoc

813 889 872 940 loco
891 888 1053 954 intelligitur
1065 889 1192 940 Arabicus
1209 890 1292 946 elane,
1311 887 1363 952 qui

813 960 921 1025 proprie
932 959 1013 1008 maris
1026 960 1100 1010 rubri
1116 959 1271 1024 perhibetur
1283 973 1361 1023 pars.

814 1030 892 1080 Ccul.
916 1029 1018 1081 Herod.
1043 1028 1084 1091 11,
1107 1029 1165 1080 159.
1194 1029 1246 1090 IV,
1271 1031 1306 1078 42
1332 1033 1363 1076 et

813 1097 926 1150 Reunel.
945 1098 962 1148 l.
979 1097 998 1148 l.
1017 1115 1080 1164 pag.
1095 1100 1156 1150 uus.
1191 1098 1270 1148 Unde
1288 1098 1361 1148 estis

813 1171 832 1219 ii
850 1167 1023 1230 refelluntur,
1044 1169 1091 1234 qui
1104 1168 1271 1219 contendunt
1288 1183 1362 1218 utare

813 1239 913 1288 rabnuu
935 1237 1075 1288 Herodoto
1103 1239 1242 1303 cognitum
1271 1237 1362 1287 luisse

813 1309 871 1360 solo
896 1307 1006 1358 Arabici
1033 1308 1109 1358 siuns
1133 1308 1253 1368 nomine;
1282 1307 1360 1358 conf.

813 1379 962 1430 Latronne:
992 1377 1108 1428 Journal
1136 1378 1163 1428 d.
1188 1377 1252 1428 Sar.
1280 1376 1360 1432 18311.

813 1463 877 1514 pag.
897 1447 956 1498 435.

847 1515 896 1582 τῆς
918 1513 1008 1580 μῆκος
1026 1512 1077 1577 μέν
1097 1503 1153 1563 ἐστι
1178 1505 1266 1572 πλόος
1291 1503 1361 1578 ἡμέ-

813 1601 860 1650 ραι
890 1582 1023 1650 τέσσερες]
1054 1582 1136 1636 Haud
1162 1585 1360 1646 necessarium,

813 1654 885 1720 quod
909 1653 1048 1704 Benedict.
1075 1655 1148 1704 Actt.
1175 1654 1271 1704 semin.
1297 1670 1359 1718 reg.

813 1726 889 1789 Lips.
903 1725 943 1775 11.
957 1740 983 1788 p.
994 1723 1042 1774 sul
1059 1723 1169 1774 coniicit
1182 1715 1237 1773 rcio'
1245 1737 1283 1772 ον
1298 1723 1361 1772 sive

813 1786 901 1850 πλόος
925 1784 1045 1858 ἡμερῶν.
1081 1794 1124 1842 Τιι
1142 1793 1215 1843 conl.
1235 1793 1268 1842 de
1287 1799 1361 1842 strn-

813 1869 891 1915 ctura
916 1862 1048 1914 Matthiae
1069 1861 1115 1914 Gr.
1140 1863 1185 1914 Gr.
1210 1878 1273 1928 pag.
1296 1861 1359 1914 794.

813 1933 923 1984 Canalis
935 1931 1131 1998 longitudinem
1143 1932 1290 1983 secundum
1303 1932 1361 1982 Pli-

813 2004 886 2053 nium
905 2003 991 2052 luisse
1009 2003 1104 2052 volunt
1121 2003 1155 2052 62
1171 2001 1360 2052 milliariorum

813 2073 871 2122 sive
900 2073 947 2137 111
974 2071 1157 2122 milliariorum
1185 2071 1361 2122 Germanico·

813 2159 881 2194 rum.
917 2141 985 2192 Vide
1004 2141 1116 2192 Rennel.
1139 2141 1158 2192 l.
1177 2139 1195 2190 l.
1222 2157 1283 2206 pag.
1305 2141 1360 2194 386

813 2211 875 2262 coll.
901 2211 1035 2261 blennert.
1064 2211 1162 2276 Geogr.
1197 2209 1223 2260 d.
1250 2211 1297 2262 Gr.
1330 2225 1358 2262 u.

812 2283 906 2332 Roem.
922 2281 956 2342 X,
977 2281 999 2332 l.
1019 2297 1045 2346 p.
1063 2281 1122 2332 510.
1160 2279 1227 2330 Cum
1244 2281 1360 2345 naviga-

813 2351 852 2400 tio
878 2353 992 2416 qnatuor
1020 2351 1122 2400 ‹liemm
1151 2351 1222 2400 iusto
1250 2349 1360 2415 longior

812 2421 951 2482 uideatur,
975 2425 1005 2470 ut
1031 2421 1059 2469 iu
1083 2435 1138 2484 qna
1162 2424 1268 2470 tantum
1293 2425 1358 2470 octo

812 2490 940 2540 milliaris
958 2487 1056 2554 (lienes)
1078 2505 1131 2538 unc
1151 2489 1195 2539 die
1213 2489 1360 2540 absolvan-

812 2568 869 2621 tur,
896 2560 935 2608 Le
953 2558 1022 2610 Pbre
1040 2575 1067 2624 p.
1087 2559 1121 2609 60
1145 2559 1258 2620 statuit,
1280 2560 1361 2608 nsvi-

812 2630 948 2694 gatiouem
972 2629 1058 2679 rarius
1088 2627 1170 2688 velis,
1199 2628 1360 2693 plerumque

811 2699 891 2749 remis
906 2703 953 2748 sut
970 2698 1080 2748 funibus
1097 2699 1251 2748 institutam
1270 2697 1360 2748 luisse

811 2768 908 2820 videri.

846 2826 915 2886 ὥστε
934 2827 1064 2900 τριήρεας
1086 2826 1140 2884 ddo
1159 2867 1193 2874 -
1211 2824 1358 2899 ἐλαστρευ-

811 2901 905 2972 μένας]
932 2895 1074 2968 ἐλιιστρεῑν
1090 2903 1163 2954 haud
1189 2903 1301 2956 multum
1321 2905 1359 2954 si-

812 2976 985 3041 gnificatione
1010 2975 1101 3024 differt
1127 2991 1144 3024 a
1167 2975 1249 3024 verbo
1276 2965 1360 3024 itast-

812 3060 887 3108 νειν,
909 3061 995 3094 navem
1017 3048 1090 3096 remis
1113 3046 1222 3111 agitare.
1263 3045 1359 3107 Quare

810 3115 985 3175 Eustathius,
1008 3119 1130 3164 nostrum
1154 3114 1244 3164 locum
1270 3115 1359 3180 respi-

811 3185 899 3303 ρὶιριιε,
922 3184 974 3262 hoc
993 3185 1107 3301 yzerbum
1124 3184 1359 3304 'usurpariddolclsit

825 3269 845 3302 rr
892 3267 965 3302 νεων
1022 3268 1094 3302 αννο
1117 3265 1190 3301 ενων
1242 3269 1259 3303 s
1349 3292 1357 3306 .

810 3323 914 3385 xvur,
929 3320 989 3374 sss.
1004 3339 1066 3388 pag.
1081 3268 1158 3386 tlte,
1171 3291 1214 3386 ai,
1225 3323 1261 3373 ιι
1275 3339 1358 3390 quom

812 3393 924 3444 eundem
950 3391 1039 3442 locum
1069 3397 1173 3443 veteres
1198 3395 1358 3458 grammati-

810 3477 871 3523 cos,
893 3463 938 3526 qui
954 3461 1034 3512 iidem
1057 3467 1194 3526 exponunt
1216 3453 1356 3524 ἐλαύνειν,

811 3533 878 3582 citat
895 3533 990 3596 Heyue
1014 3531 1095 3582 Obss.
1118 3536 1138 3580 t.
1163 3531 1225 3582 Vll.
1246 3549 1273 3597 p.
1291 3535 1355 3586 544.

810 3599 889 3666 Apud
921 3601 1087 3651 Herodotum
1124 3601 1262 3652 invenltur
1293 3592 1357 3650 tta-

811 3671 905 3732 στρεῐν
922 3670 994 3720 inira
1014 3685 1120 3735 quoque
1144 3670 1210 3731 VH,
1230 3674 1275 3722 24.
1312 3670 1357 3722 Ad

810 3744 997 3804 argumentum
1016 3739 1069 3790 loci
1083 3739 1228 3804 praecipue
1246 3740 1354 3790 consul.

811 3809 899 3860 Strab.
914 3809 931 3862 l.
947 3809 978 3871 1.,
992 3809 1037 3874 qui
1052 3818 1146 3859 eentum
1156 3809 1253 3860 cubitos
1268 3809 1357 3860 letum

810 3879 905 3928 scribit
917 3878 1039 3928 canalem
1059 3878 1225 3944 eundemque
1242 3880 1282 3930 its
1295 3895 1357 3944 pro-

809 3948 935 4011 fundum,
954 3953 985 3998 ut
1001 3948 1140 3998 commode
1159 3949 1238 3998 navis
1257 3965 1356 3999 onere-

809 4018 849 4067 ria
872 4033 1008 4082 permeare
1032 4019 1127 4082 possit.
1169 4019 1192 4067 A
1216 4035 1269 4084 quo
1298 4018 1355 4069 dis-

809 4088 926 4138 sentiens
939 4086 1042 4136 Plinius
1056 4095 1150 4137 centum
1166 4087 1246 4149 pedes
1265 4088 1354 4139 latum

809 4172 868 4207 esse
887 4159 980 4206 narrat
997 4155 1117 4206 canalem
1135 4161 1161 4206 et
1179 4158 1353 4222 quadruplata

809 4227 978 4291 protundum.
1023 4225 1109 4287 Quam
1134 4225 1270 4277 diversam
1289 4227 1353 4276 lati-

808 4295 927 4348 tudinem
947 4311 961 4345 e
981 4294 1090 4345 diversa
1108 4294 1228 4347 locorum
1247 4295 1350 4360 indole,
