3058 4928
209 285 271 350 affl

639 290 905 354 HERODO'PI

210 459 365 550 ποτάμιοι
390 468 482 559 νομῷ
501 465 564 553 μὲν
582 471 628 559 τῷ
641 474 845 556 Παπρημίτῃ
866 472 936 554 [poi
951 473 1032 553 είοι,
1052 481 1138 537 τοῖσι
1160 465 1197 536 δὲ
1215 463 1345 538 ἄλλοισι

211 571 427 653 Αἰγυπτίοισι
455 563 518 638 οὐκ
545 575 621 660 ίροί.
660 569 766 659 φύσιν
791 569 827 640 δὲ
854 573 1053 660 παρέχονται
1078 572 1170 660 ἰδίης
1193 571 1344 661 τοιήνδε·

387 771 454 822 Osa.
472 771 573 824 Lxxs.

247 868 285 924 Oi
298 867 424 924 diruant
442 889 470 924 οι
486 871 620 940 ποτάμιοι
637 893 662 926 ιι.
676 893 699 926 τ.
716 875 751 942 1.]

210 947 252 996 De
271 945 393 1010 Papremi
408 945 481 995 coni.
500 951 571 998 nott.
593 946 635 997 ad·
646 947 688 1010 ΙΙ,
708 947 751 1000 63.

210 1015 252 1066 Ad
264 1019 451 1080 argumentum
462 1014 516 1066 loci
528 1017 600 1068 coni.
614 1015 753 1070 Plutarch.

212 1085 300 1136 dela.
321 1089 347 1136 et
368 1085 441 1136 Osir.
461 1101 521 1150 cap.
540 1085 584 1138 32.
607 1103 635 1152 p.
655 1086 752 1152 asts,

212 1155 258 1221 qui
277 1171 334 1204 eam
349 1155 383 1205 ob
400 1169 510 1205 causam
527 1155 578 1207 hoc
597 1157 699 1207 animal
711 1173 753 1207 sa-

211 1241 286 1276 crum
304 1224 397 1276 baberi
412 1230 519 1288 narrat,
544 1227 616 1291 quod
633 1227 753 1291 pervim

212 1311 272 1346 cum
290 1299 377 1346 matre
399 1295 473 1346 coire
497 1296 573 1346 velit.
609 1297 754 1348 Caeterum

212 1371 239 1416 et
260 1365 340 1416 huius
363 1365 463 1430 cepitis
486 1370 513 1416 et
536 1382 597 1432 cap.
617 1365 650 1417 73
671 1383 753 1434 argu-

211 1439 331 1486 mentum
349 1436 489 1486 Hecataeo
504 1436 610 1487 Milesio
622 1437 752 1487 Nostrum

212 1505 310 1556 debers
327 1505 399 1570 quod
416 1505 502 1554 tradit
513 1505 645 1571 Porphyr.
659 1507 687 1556 in
700 1509 754 1558 Eu-

210 1575 279 1625 sebii
291 1575 388 1638 Praep.
408 1589 505 1640 evang.
520 1577 554 1626 X.
566 1593 592 1642 p.
605 1576 657 1626 466
675 1575 818 1642 (collo

211 1645 481 1709 Crenaer.Fragmm.
495 1646 600 1710 antiqq.
611 1645 675 1696 hist.
689 1663 752 1712 pag.

212 1714 244 1766 lu
268 1713 357 1781 seqq.)
385 1714 533 1765 accedente
557 1715 688 1767 Kleusen.
717 1717 753 1767 ad

210 1785 346 1836 Hecataei
362 1785 500 1848 Fragmm.
519 1801 582 1850 pag.
600 1785 658 1847 128,
677 1786 705 1836 id
723 1792 754 1837 nt

211 1855 335 1912 credam,
358 1853 431 1904 haud
449 1855 515 1904 mihi
533 1855 690 1920 persuaderi
707 1873 754 1921 pa-

210 1926 277 1976 tiar:
292 1923 348 1976 vid.
360 1924 539 1976 commentat.
549 1925 680 1975 Herodot.
692 1925 716 1986 ᾗ.
727 1929 754 1978 8.

210 1997 251 2046 De
275 1995 334 2058 lpso
356 1995 529 2058 hippopotamo
549 1995 622 2046 coni.
638 1995 754 2046 Wilkin-

211 2065 406 2114 sou.Manners
420 2068 473 2114 etc.
483 2080 538 2115 sec.
550 2080 604 2116 ser.
616 2065 653 2116 11.
665 2082 692 2130 p.
705 2068 753 2117 177

211 2150 287 2198 seqq.
310 2133 406 2183 Adhuc
421 2148 467 2197 per
480 2135 634 2200 Aegyptum
645 2151 699 2185 uon
714 2137 753 2186 in-

210 2204 319 2254 venitur
329 2202 396 2252 haee
406 2203 505 2266 bestia,
522 2219 592 2269 quae
605 2205 634 2254 in
645 2205 754 2256 Aethio-

212 2275 272 2338 piae
298 2272 455 2338 regionibus
485 2275 669 2338 superioribus
695 2281 754 2326 tan-

211 2349 268 2393 tum
284 2346 422 2407 comparet
440 2343 556 2409 indeque
568 2359 630 2393 raro
645 2345 754 2395 descen·

211 2414 252 2463 dit
268 2427 354 2477 nsque
371 2412 407 2463 ad
425 2413 481 2463 Nili
500 2419 683 2464 catarractas:
707 2430 754 2464 au-

210 2483 324 2548 tiquitus
336 2498 400 2533 vero
419 2483 499 2533 aliter
511 2483 563 2534 boc
577 2499 607 2533 se
624 2483 755 2534 habuisse

210 2559 317 2619 praeter
341 2553 503 2617 scriptorum
529 2556 649 2602 veterum
678 2554 754 2603 testi

210 2623 301 2676 monia
322 2621 462 2672 declarant
487 2627 662 2672 monumenta
684 2623 754 2674 The-

210 2695 295 2755 bana,
321 2693 348 2741 in
367 2691 465 2756 quibua
480 2693 591 2743 venatio
609 2691 689 2742 huius
708 2693 753 2743 be-

210 2764 280 2814 stiae
299 2761 441 2812 exhibetur
459 2761 552 2811 eodem
571 2763 655 2812 ierrne
672 2761 752 2813 modo

209 2834 351 2893 instituta,
375 2847 428 2896 quo
451 2847 522 2881 nuuc
544 2832 572 2881 in
596 2838 669 2882 terra
687 2833 753 2884 Sen-

209 2919 276 2953 uaar
284 2901 343 2952 fieri
351 2901 432 2962 solet3
443 2901 499 2952 vid.
507 2900 753 2954 Wilkinson.ldan-

209 2989 271 3023 nera
289 2977 342 3023 eto.
355 2972 409 3022 111.
423 2988 449 3036 p.
465 2970 500 3022 ss
517 2987 592 3037 seqq.
611 2972 752 3037 ipsamque

208 3043 354 3108 imaginem
366 3058 380 3091 e
391 3041 529 3092 Thebanis
546 3041 694 3106 sculpturis
707 3043 754 3093 du-

209 3117 280 3162 ctam
296 3111 330 3160 ad
344 3127 371 3174 p.
384 3113 427 3162 71.
457 3111 496 3161 Ae
515 3112 630 3162 mumius
647 3127 758 3178 qnoque

208 3181 393 3246 hippopotami
416 3180 517 3230 Thebis
542 3181 667 3232 inventas
693 3197 752 3232 asse

209 3265 345 3314 unamque
371 3265 404 3299 ex
430 3249 471 3298 his
495 3250 565 3301 adeo
600 3251 752 3302 Loudinum

208 3318 370 3370 translatam
388 3319 416 3369 in
428 3320 552 3370 Museum
565 3321 752 3371 Britannicum

209 3390 278 3440 idem
290 3392 408 3439 testatur
421 3390 491 3455 (sec.
503 3405 555 3440 ser.
574 3391 611 3440 11.
624 3407 651 3455 p.
667 3388 750 3452 iss).

210 3459 289 3522 Quod
309 3474 374 3509 vero
392 3459 420 3508 in
438 3475 509 3524 pago
525 3461 750 3523 Papremitarum‚

209 3530 256 3595 qul
271 3530 388 3580 Martem
410 3529 612 3580 venerabantur
634 3529 683 3590 (ei.
708 3545 751 3580 su·

209 3615 258 3660 pra
275 3599 315 3660 Il,
335 3598 369 3652 63
385 3597 455 3661 seq.)
478 3598 688 3662 hippopotamus
708 3613 751 3648 co-

208 3669 325 3730 labatur,
344 3667 405 3718 inde
418 3667 500 3717 Marti
513 3683 619 3732 quoque
630 3667 682 3718 hoc
695 3669 752 3719 aui·

208 3737 262 3788 nral
280 3741 468 3789 consecratum
493 3737 578 3786 fuisse
601 3738 751 3799 existimes,

208 3808 279 3873 quod
302 3807 428 3871 Typhonis
451 3807 558 3872 signum
583 3823 643 3857 esse
667 3808 753 3858 tradit

208 3877 349 3928 Plutarch.
361 3877 436 3927 dela.
449 3876 585 3927 etOsirid.
600 3893 660 3942 cap.
667 3879 709 3928 56.
723 3893 750 3942 p.

153 3945 155 3950 ’
209 3947 258 3998 371
272 3947 334 3998 οο11.
352 3947 394 3998 32.
409 3963 434 4012 p
448 3946 509 3999 364.
529 3946 677 4012 Seyfferth.
692 3948 753 3998 Bei-

208 4020 287 4082 triige
306 4021 359 4067 ete.
376 4016 414 4066 11.
432 4033 458 4080 p.
480 4017 539 4066 147.
581 4016 633 4067 Sed
652 4021 753 4066 utrum·

209 4102 262 4152 qne
285 4085 364 4136 deum
388 4083 491 4135 nonum
512 4085 593 4136 alium
617 4101 677 4136 esse
698 4085 752 4135 nisi

210 4171 284 4216 curn,
303 4153 349 4218 qui
367 4153 394 4202 iu
408 4154 474 4218 ipsis
489 4155 684 4220 Aegyptiorum
698 4171 752 4204 nro·

209 4223 345 4275 numantia
369 4227 482 4272 vocatur
506 4223 689 4274 Omts-Sen-
702 4225 762 4288 Tg·-

207 4295 288 4357 phon,
317 4292 457 4342 contendit
478 4291 576 4344 Boeth.
601 4293 699 4344 Gesch.
724 4293 750 4342 d.

209 4359 311 4413 Philus.
330 4360 352 4411 1.
372 4365 441 4411 nott.
460 4377 487 4425 p.
508 4361 557 4412 164
576 4377 633 4426 seq.
665 4364 752 4413 Hora·

801 739 874 806 pollo
891 739 1070 806 Hieroglyph.
1087 739 1129 805 11,
1147 741 1182 793 20
1203 757 1282 806 opero
1300 741 1345 793 de·

803 810 901 862 clarari
931 809 1124 874 hippopotamo
1155 812 1279 878 scripsit.
1315 817 1346 862 tu

803 881 875 932 coni.
873 881 1070 960 Leemansp.
1088 881 1149 932 317.

838 942 927 1016 φάσιν
938 944 1027 1000 -ies
1015 947 1062 1013 ίης
1073 943 1202 1019 τοιήνδε]
1219 945 1297 1001 ίδεά
1311 952 1347 1002 ad

803 1021 920 1087 speciem
941 1025 968 1070 et
990 1021 1103 1070 sormam
1125 1022 1246 1086 corporis
1265 1023 1347 1086 perti-

803 1097 860 1142 net.
897 1090 959 1140 Vid.
979 1094 1050 1141 nott.
1075 1089 1110 1139 ad
1127 1091 1266 1142 Plutarch.
1284 1091 1347 1142 Pla

804 1159 1165 1292 11113171111ιη
1184 1161 1345 1291 111111

1039 1245 1073 1279 ou
1137 1245 1182 1281 aro

839 1291 929 1366 φάτιν
941 1293 973 1348 δὲ
982 1296 1154 1364 παρέχονται
1166 1317 1192 1349 α,
1204 1317 1227 1349 s.
1239 1299 1275 1368 1.]
1295 1302 1347 1352 Re·

805 1371 895 1438 spexit
912 1371 979 1422 haec
996 1369 1206 1421 AristotelesH.
1225 1371 1257 1420 A.
1272 1371 1311 1434 11,
1330 1372 1346 1420 7

805 1441 853 1504 (ΙΙ,
872 1439 950 1491 ted.
969 1439 1126 1506 Schneid.)‚
1150 1441 1221 1491 unde
1240 1409 1348 1520 potibrs

805 1511 972 1562 adscribam.
992 1502 1007 1560 δ
1025 1503 1057 1560 δὲ
1070 1501 1187 1596 ἴπηος
1175 1525 1190 1560 o
1207 1502 1282 1560 ποτά
1303 1524 1348 1567 τος

809 1571 883 1630 ἐν
907 1572 1040 1668 Αίηάιττηι
1068 1577 1170 1644 χαίτην
1203 1573 1254 1662 μὲν
1281 1526 1347 1644 ἔχει,

803 1639 898 1729 οἷσπερ
920 1646 1023 1712 ἵππος,
1054 1641 1232 1730 δίχηλονδ’
1261 1643 1346 1727 ἐστίν,
1444 1681 1448 1686 -

804 1733 898 1776 ωσπερ
922 1716 1010 1802 βοάς,
1030 1734 1083 1796 την
1106 1709 1135 1767 δ’
1156 1708 1228 1799 ὄψιν
1252 1710 1346 1796 σιμός·

804 1785 859 1853 ἔχει
878 1781 910 1837 δὲ
927 1784 974 1838 sul
993 1779 1181 1852 ἀστράγαλον,
1200 1803 1295 1869 ωσπερ
1313 1779 1347 1837 τά

804 1857 907 1924 δίχηλα
926 1855 973 1908 καὶ
995 1827 1235 1940 χμνλιόδοντάς
1222 1873 1348 1938 oropus·
1362 1853 1370 1870 “

806 1927 959 1993 νομὲνοος,
984 1925 1087 1992 κίρκον
1104 1917 1185 1976 61“
1154 1943 1219 1990 νος,
1245 1919 1347 2012 ηιοινήν

804 1993 836 2048 δὲ
853 1996 959 2048 incon·
978 1986 1141 2062 cipedocd'
1156 1966 1233 2048 ἐστίν
1246 1989 1348 2076 ἡλίκον

803 2059 886 2124 ὄνος·
909 2065 961 2116 τοῦ
984 2061 1015 2116 δὲ
1034 2063 1172 2130 δέρματος
1196 2058 1228 2116 τὸ
1246 2058 1346 2147 πάχος,

803 2127 874 2187 ὥστε
896 2129 1003 2196 δόρατα
1022 2135 1171 2186 ποιεῖσθαι
1193 2127 1221 2197 ἐξ
1246 2125 1346 2185 αὐτοῦ.

805 2208 838 2258 Ῑιι
856 2206 1044 2272 magnitudine
1061 2205 1185 2256 animalis
1200 2205 1348 2257 indicanda

804 2277 895 2328 differs
921 2276 1118 2340 quodammodo
1139 2276 1173 2326 ab
1194 2276 1346 2356 Herodoto,

805 2347 864 2408 qui,
891 2347 938 2396 ubi
962 2345 1058 2397 scribit
1080 2335 1244 2410 tripodes
1225 2359 1296 2396 οσον
1318 2359 1346 2393 rs

804 2405 904 2478 fiori‘e
891 2431 906 2465 ο
923 2413 1066 2480 μέγιστος,
1094 2417 1181 2481 magis
1199 2417 1234 2466 nd
1252 2431 1346 2465 verum

803 2486 953 2536 accessisse
974 2485 1061 2534 videri
1079 2490 1184 2550 potest.
1207 2485 1236 2535 in
1257 2501 1288 2536 eo
1306 2489 1346 2534 ta·

803 2571 864 2604 men
889 2555 996 2618 lapsus,
1022 2555 1093 2619 quod
1116 2554 1230 2605 caudam
1252 2554 1346 2620 bippo-

802 2625 984 2690 potamicum
1007 2625 1107 2689 equina
1124 2629 1264 2689 comparat
1284 2639 1346 2674 carr-

803 2695 851 2754 da;
876 2693 904 2743 id
922 2693 1026 2759 quoda
1043 2709 1107 2744 vero
1125 2693 1281 2759 longissime
1301 2693 1346 2743 ab·

804 2768 855 2815 est.
884 2765 916 2814 In
933 2763 993 2813 aliis
1014 2763 1176 2828 quibusdam
1189 2763 1346 2814 accuratius

803 2833 897 2886 retulit
914 2833 1050 2882 Diodorus
1073 2833 1100 2896 Ι,
1120 2833 1166 2896 34,
1191 2833 1238 2898 qui
1259 2837 1344 2882 totam

803 2903 924 2969 corporis
943 2901 1039 2953 molem
1054 2919 1108 2952 non
1121 2901 1279 2952 dissimilem
1294 2901 1346 2952 ele-

802 2974 904 3040 phanto
931 2988 992 3022 esse
1018 2971 1121 3036 prodit:
1148 2971 1253 3022 Plinius
1280 2987 1345 3022 vero

804 3043 891 3104 (Hist.
909 3043 974 3093 Nat.
994 3041 1077 3102 VIII,
1096 3042 1139 3093 25.
1159 3041 1209 3104 IX,
1227 3042 1260 3092 12
1279 3045 1345 3102 etc.)

803 3119 830 3164 et
854 3113 900 3178 qui
919 3127 979 3162 eum
1003 3111 1090 3162 secuti
1115 3116 1191 3172 eunt,
1216 3116 1248 3161 ut
1265 3109 1346 3176 pluri-

803 3199 874 3234 mum
883 3181 1075 3232 Aristoteleam
1088 3179 1295 3247 descriptionem
1306 3196 1347 3230 re-

802 3256 900 3318 petunt
919 3261 1032 3317 eamque
1048 3250 1227 3315 amplificant,
1247 3251 1348 3300 otiare

802 3322 908 3372 mireris
931 3321 1016 3371 multo
1035 3321 1192 3371 accuratius
1215 3320 1267 3371 boc
1290 3320 1346 3370 ani·

803 3391 857 3443 mal
876 3391 910 3442 ab
934 3390 1084 3441 artificibus
1108 3405 1264 3455 expressum
1283 3405 1346 3440 con-

801 3462 869 3527 spici
896 3465 953 3510 tum
980 3460 1009 3510 in
1031 3459 1120 3510 nuruis
1149 3464 1206 3510 tum
1231 3459 1259 3508 in
1283 3459 1345 3510 aliis

801 3530 977 3596 antiquitatis
990 3530 1181 3580 monumentis.
1210 3530 1262 3579 Est
1277 3544 1346 3578 unus

802 3599 920 3652 Achilles
940 3601 1037 3650 Tatius
1056 3599 1103 3659 IV,
1123 3600 1152 3660 2,
1171 3599 1216 3664 qui
1235 3611 1348 3648 accura-

801 3671 873 3720 tiora
888 3669 996 3719 dedisse
1012 3667 1149 3734 putandus
1168 3673 1220 3718 est.
1257 3669 1297 3718 Ac
1313 3684 1348 3717 ne

800 3755 873 3790 nune
891 3738 1000 3803 quidem
1013 3738 1079 3786 satis
1095 3739 1207 3802 cognita
1219 3737 1288 3787 haec
1302 3737 1348 3787 be·
1365 3741 1367 3750 '

801 3810 862 3872 lua,
882 3823 964 3874 quae,
983 3808 1025 3858 uti
1042 3806 1110 3867 dixi,
1134 3807 1163 3856 in
1180 3808 1242 3872 ipsa
1261 3807 1348 3872 Aegy·

803 3884 849 3944 pto
867 3893 921 3928 non
941 3877 1057 3942 amplius
1070 3877 1217 3940 reperitur,
1237 3877 1285 3926 sed
1304 3893 1349 3926 su·

803 3965 853 4014 pra
864 3951 1034 3998 catarractas
1048 3949 1153 3996 tantum
1169 3947 1197 3996 in
1211 3947 1348 3996 interioris

803 4017 913 4068 Africae
940 4016 1107 4080 regionibus.
1152 4017 1238 4076 Quam
1263 4015 1348 4080 vulgo

802 4086 917 4136 laudant
932 4085 1090 4136 Schneideri
1108 4084 1142 4134 ad
1159 4086 1235 4135 Petri
1252 4085 1348 4135 Artedi

803 4171 946 4220 synonym.
976 4156 1060 4218 piscc.
1094 4154 1210 4220 append.
1241 4170 1266 4218 p.
1296 4155 1348 4204 247

803 4241 879 4290 seqq.
894 4222 1015 4288 (Lipsiae
1030 4221 1124 4286 1783),
1137 4223 1216 4274 δο1οο
1230 4223 1302 4274 bunc
1315 4221 1348 4272 li-

802 4295 879 4346 brum
895 4293 959 4344 mibi
972 4310 1027 4345 non
1039 4298 1149 4357 praesto
1162 4293 1260 4350 inisse:
1284 4295 1349 4356 post

803 4362 995 4414 Schneidernm
1015 4363 1049 4414 de
1066 4361 1108 4413 his
1126 4361 1219 4412 retulit
1238 4361 1346 4412 Crivier.
