3058 4928
252 265 315 329 572
682 267 951 330 ΗΕΙΙΟΙΙΟΤΙ

255 446 438 512 σύνθεσίν
456 444 512 512 καὶ
537 447 574 513 έν
590 457 676 512 τοῖσι
697 444 858 532 τεμένεσι.
902 448 934 514 εί
957 433 1006 514 ὦν
1028 443 1115 514 είνοιι
1135 449 1182 536 τῷ
1202 450 1276 539 θεῷ
1293 451 1400 517 τοῦτο

255 543 300 636 μὴ
320 551 439 634 φίλου,
471 544 533 617 οὐκ
558 540 601 615 ἂν
626 543 705 616 οὐδὲ
733 545 773 615 τὰ
798 546 921 636 κτήνεσι
945 550 1084 619 ποιέειν.
1130 540 1223 619 οὗτοι
1241 553 1305 639 μέν
1327 577 1400 620 νυν

255 655 392 720 τοιαῦτα
411 653 620 737 ἐπιλέγοντες
643 657 774 722 ποιεῦσι
793 654 869 740 έμοί
884 678 922 738 γε
947 649 1009 722 ούιι
1026 649 1158 741 ἀρεστά.
1209 655 1398 741 Αἰγύπτιοι

221 849 231 866 .
257 755 293 825 δὲ
313 753 542 844 θρησκεύουσι
560 760 725 844 περισσῶς
742 754 783 824 τύ
800 782 835 824 τε
853 752 939 826 ἄλλα
955 758 1032 846 περὶ
1051 754 1092 826 sol
1116 754 1172 846 ίρὰ
1189 759 1246 826 καὶ
1269 755 1312 847 δὴ
1336 761 1397 828 καί

256 858 347 930 τάδε.

209 967 249 1028 66
328 960 446 1032 ’Euticu
471 961 508 1031 δέ
530 971 701 1049 Αἴγυπτος
721 935 863 1052 ὅμουρος
882 967 922 1055 τῇ
945 961 1056 1054 Λιβύῃ
1082 960 1123 1032 ού
1143 961 1232 1052 μύλα
1259 964 1393 1054 θηριού-

257 1134 354 1184 militum
371 1134 479 1183 cutersn's
493 1132 574 1183 unice
586 1147 686 1196 sermo,
705 1135 736 1181 ut
753 1145 800 1182 no·
850 1131 1064 1198 quesnimelium
1075 1131 1397 1182 vitemuccurutiuscon-

257 1203 375 1254 lavimus
394 1202 429 1252 sd
447 1203 469 1264 Ι,
490 1202 550 1254 163.
850 1203 1012 1269 εἰᾱεινοείλ
1025 1203 1054 1252 in
1064 1202 1215 1267 bestiisque
1226 1203 1313 1269 magis
1325 1203 1397 1253 sdeo

292 1268 319 1322 εί
336 1259 377 1320 ὦν
396 1265 470 1321 εἶναι
487 1301 523 1330 -,
541 1269 637 1337 φίλον]
656 1255 707 1334 ἦν,
727 1269 801 1336 quod
850 1288 932 1342 quum
949 1272 978 1322 in
999 1271 1152 1324 homiuibus
1165 1287 1333 1324 communem
1345 1288 1398 1324 ue-

258 1343 378 1408 glossem
391 1342 477 1406 sepit,
496 1357 567 1392 nune
580 1345 653 1392 recto
667 1345 799 1390 mutatum
850 1345 929 1393 toruo
946 1343 1000 1392 vim
1021 1358 1052 1392 uc
1075 1341 1186 1392 vitalem
1210 1343 1287 1408 qussi
1310 1343 1397 1393 retio-

259 1415 287 1464 in
306 1405 390 1461 είναι.
415 1410 555 1475 Adultus
567 1411 640 1462 conf.
652 1410 676 1472 1,
688 1409 721 1460 87
733 1410 800 1475 ibiq.
850 1429 912 1462 nem
931 1411 1060 1476 cognosci
1077 1427 1158 1476 posse
1170 1427 1328 1477 persuasum
1347 1412 1397 1462 be-

260 1487 318 1533 not.
344 1481 386 1532 Ad
401 1486 591 1547 argumentum
599 1479 654 1531 loci
671 1481 802 1545 iuterpre·
851 1483 950 1534 buerit.
974 1481 1106 1548 Oculerss
1118 1483 1218 1533 Bauer.
1231 1482 1352 1548 Symbol.
1367 1488 1398 1533 et

258 1559 303 1604 tes
318 1552 434 1602 efferunt
452 1551 590 1602 Plutarch.
609 1551 678 1601 Mor.
697 1547 753 1615 (ΙΙ)
771 1565 797 1614 p.
851 1551 1000 1616 mytholog.
1022 1551 1046 1602 1.
1065 1567 1092 1615 p.
1121 1552 1168 1601 174
1191 1567 1250 1617 seq.
1274 1553 1396 1604 Hecreu.

260 1623 327 1674 1041
340 1623 371 1684 F,
390 1623 461 1672 unde
478 1620 663 1686 intelligimus,
683 1615 799 1685 Cjuicos
851 1623 934 1673 ideen
961 1625 1014 1672 etc.
1040 1621 1077 1683 11,
1103 1622 1129 1672 2.
1154 1637 1218 1687 μορ.
1245 1620 1293 1674 164
1316 1637 1395 1688 seqq.

258 1691 433 1761 philosophos
462 1691 577 1756 posthac
604 1691 697 1740 eedem
721 1704 800 1740 excu-
852 1694 942 1756 Qusrs
959 1690 1031 1742 hsud
1049 1691 1120 1741 mele
1144 1692 1267 1756 posuisse
1284 1692 1397 1742 ridetur

259 1763 366 1814 satione
384 1776 446 1813 esee
468 1777 533 1812 usos
556 1762 675 1826 itemque
693 1759 800 1826 Stoicos
851 1761 985 1825 Iomsrd.‚
1008 1761 1058 1811 sub
1085 1760 1161 1812 cultu
1183 1763 1333 1814 bestiarum
1355 1761 1396 1812 ls-

258 1833 399 1900 quosdum.
851 1833 937 1884 tuisse
950 1845 1048 1883 cousus
1064 1831 1217 1894 naturales,
1237 1831 1336 1897 quibus
1352 1832 1397 1882 iu-

294 1894 443 1967 Αἰμιλιιιιοι
457 1895 488 1950 di
499 1890 693 1964 θρησκεύουσι
707 1912 801 1962 usuro·
851 1901 1022 1968 vestigandis
1032 1901 1115 1966 prisci
1121 1902 1250 1966 Aegyptii
1263 1900 1343 1952 uelde
1355 1903 1397 1951 in-

259 1972 316 2030 οιός
339 1988 366 2022 ιι.
389 1987 413 2021 τ.
430 1970 464 2037 1.]
489 1972 531 2044 De
554 1969 704 2020 bestiarum
725 1969 800 2020 cultu
851 1973 920 2024 tenti
932 1973 1033 2022 fuerint
1049 1970 1190 2036 multaque
1201 1987 1248 2022 sos
1260 1971 1352 2022 bacin
1365 1987 1398 2022 re

259 2044 332 2110 opud
349 2041 498 2106 Aegyptios
514 2039 673 2091 consuletur
686 2039 799 2090 Diodcr.
851 2043 962 2102 vidisse,
975 2056 1045 2107 quae
1055 2057 1105 2091 nos
1117 2040 1230 2092 letesut.
1250 2042 1308 2092 Neo
1318 2057 1397 2106 prse-

259 2115 283 2176 1,
301 2113 343 2175 63,
363 2111 503 2162 Plutarch.
514 2110 548 2160 de
561 2111 598 2160 le.
612 2114 640 2159 et
655 2108 728 2160 Osir.
741 2124 800 2173 cup.
852 2111 983 2164 tereunds
996 2112 1180 2162 astronomica
1194 2111 1342 2162 boetiorum
1352 2127 1398 2162 rs·

260 2185 302 2234 71.
323 2199 350 2246 p.
365 2181 494 2246 etuseq„
513 2179 610 2246 quibus
624 2178 688 2230 edd.
701 2179 799 2229 Rhoer.
852 2183 891 2232 tio
909 2183 937 2232 in
955 2181 1087 2242 Zodieco,
1105 2180 1139 2232 de
1157 2197 1211 2246 qus
1228 2181 1346 2232 diximus
1360 2181 1398 2232 sd

259 2253 295 2302 ud
314 2251 447 2315 Porphyr.
467 2250 501 2300 de
519 2249 618 2299 obstin.
639 2249 692 2310 111,
713 2248 756 2300 16.
774 2263 801 2312 p.
853 2253 893 2314 11,
907 2252 951 2313 67,
973 2251 1119 2301 coniuncte
1136 2250 1184 2301 ills
1207 2251 1315 2316 quidem
1334 2267 1397 2302 curn

261 2319 595 2384 250.1v,9.psg.322.
627 2319 669 2368 De
688 2316 802 2382 singulis
853 2321 1049 2387 Aegyptiorum
1076 2320 1261 2386 religionibus.
1310 2321 1398 2372 Plura

260 2391 357 2441 bestiis
383 2405 440 2454 pen
455 2390 608 2453 Aegyptum
636 2388 802 2437 consecretis
854 2391 980 2442 Creuusr.
1002 2391 1030 2440 in
1049 2390 1169 2454 Symbol.
1194 2391 1232 2442 11.
1256 2407 1321 2458 psg.
1343 2391 1395 2442 197

263 2465 391 2510 occursio
414 2457 537 2522 disputet
554 2456 708 2506 Willrineon
726 2458 803 2507 Men·
854 2476 927 2526 seqq.
947 2459 1107 2511 Reinberdt.
1131 2461 1158 2510 in
1183 2461 1249 2512 diss.
1274 2461 1308 2512 ed
1333 2477 1396 2526 esp.

262 2545 334 2580 nere.
354 2533 406 2579 etc.
424 2543 479 2578 sec.
499 2543 551 2577 ser.
570 2527 609 2576 11.
628 2543 654 2590 μ.
673 2525 708 2576 60
726 2542 802 2591 seqq.
853 2530 886 2581 61
904 2529 1042 2580 laudande
1058 2546 1085 2594 p.
1105 2531 1121 2581 6
1139 2546 1214 2597 seqq.
1248 2531 1397 2582 Prichsrd:

262 2614 408 2664 earumque
419 2611 559 2648 recensum
573 2596 689 2658 exhibet,
701 2597 802 2646 additis
852 2600 970 2665 Aegypt.
989 2599 1139 2665 mytholog,
1157 2617 1184 2650 r.
1204 2603 1350 2665 Heymsuu
1369 2618 1396 2666 p.

261 2673 382 2720 veterum
395 2669 557 2732 scriptorum
566 2666 729 2716 testimoniis
738 2668 803 2716 Pur·
854 2671 902 2720 251
922 2685 997 2734 seqq.
1016 2671 1068 2720 274
1086 2685 1160 2734 seqq.
1197 2669 1313 2721 Bohlen:
1339 2672 1398 2720 Des

261 2740 328 2804 they
342 2737 377 2788 ud
389 2735 528 2788 Plutarch.
551 2736 675 2787 DeIsid.
697 2741 725 2786 et
742 2735 802 2786 Osi·
854 2739 901 2790 ult.
922 2739 982 2790 Ind.
1008 2739 1031 2788 Ι.
1058 2755 1084 2804 p.
1111 2739 1161 2790 166
1184 2755 1260 2805 seqq.
1281 2739 1339 2806 (qui

261 2809 313 2860 rid.
334 2825 361 2874 p.
380 2807 429 2859 261
448 2823 505 2871 seq.
542 2806 736 2870 Ipssresism
747 2823 803 2856 ms·
853 2808 933 2860 India
951 2809 1022 2858 hunc
1041 2824 1145 2858 omnem
1168 2810 1315 2861 bestiarum
1341 2755 1404 2860 cri}

262 2885 322 2930 ture
340 2879 413 2928 viros
432 2877 527 2928 doctos
548 2875 667 2926 advertit
689 2877 716 2926 in
741 2891 804 2926 esu·
854 2884 911 2929 tum
944 2879 972 2928 iu
998 2877 1054 2928 Nili
1083 2878 1181 2930 vellem
1210 2880 1398 2930 introductum

262 2965 306 3000 ses
325 2953 408 3013 atque
427 2947 545 3011 origines
563 2946 642 2996 huius
661 2945 750 2996 cultus
764 2945 804 2994 in·
854 2947 926 2998 vult:
942 2948 1148 3012 quodequidem
1157 2950 1266 3000 minime
1277 2949 1399 3000 credide-

262 3020 413 3084 quirentos,
445 3015 660 3074 Blnucherdum‚
694 3016 803 3078 Benier,
854 3017 925 3082 rim),
944 3017 1099 3068 Willriuson
1111 3017 1160 3080 1,.1.
1177 3034 1240 3083 pag.
1255 3019 1305 3072 103
1318 3035 1397 3085 seqq.

261 3089 337 3139 Frid.
351 3089 424 3139 Sem.
437 3086 544 3137 Ziclrlcr
557 3084 693 3150 (Distribe
707 3085 741 3136 de
753 3086 804 3136 Ae·
854 3086 954 3138 Rooth:
974 3087 1135 3138 Geschicbte
1153 3088 1180 3139 d.
1192 3088 1351 3152 Philosopb.
1371 3089 1397 3141 1.

262 3158 364 3222 gyptiis
388 3157 536 3207 bestiarum
558 3155 719 3207 cultoribus.
744 3155 803 3205 Ien.
855 3173 881 3221 p.
903 3156 962 3217 189,
989 3157 1036 3221 qui
1055 3157 1211 3208 snimslium
1229 3158 1330 3210 cultum
1349 3174 1399 3222 per

263 3228 340 3278 1756.
359 3225 397 3291 8),
416 3227 548 3288 Meiners,
567 3225 650 3287 elios,
669 3225 803 3276 excitatos
854 3227 1006 3290 Aegyptum
1032 3242 1064 3275 ex
1087 3228 1253 3293 imaginibus
1275 3228 1398 3292 deorum,

262 3312 280 3346 e
296 3298 368 3347 Dan.
387 3296 472 3347 Beck.
488 3296 529 3345 in:
552 3295 667 3357 Aligem.
686 3294 804 3359 Weltge-
854 3295 900 3360 qui
918 3296 1014 3345 horum
1033 3297 1190 3348 animalium
1216 3297 1339 3363 pertibus
1356 3298 1399 3348 iu-

262 3365 383 3417 schichte
401 3366 423 3416 1.
442 3381 468 3430 p.
488 3367 548 3416 757.
586 3367 643 3416 Nec
660 3364 804 3414 defuerunt
853 3365 951 3416 structi
969 3365 1083 3428 luerint,
1105 3368 1213 3432 repelli.
1250 3367 1400 3432 Inquieivit

262 3435 405 3488 recentiori
425 3439 532 3497 estete,
566 3436 613 3499 qui
639 3434 690 3484 buc
719 3433 752 3484 ds
773 3449 803 3483 re
854 3451 960 3501 quoque
977 3435 1005 3484 in
1025 3436 1207 3487 condemnem
1224 3437 1247 3486 Ι.
1265 3437 1399 3488 G.ltluel-

262 3506 384 3572 pluribus
404 3509 573 3570 quaererent.
609 3504 732 3568 Namque
744 3502 803 3553 sols
852 3505 905 3556 ier:
924 3504 1123 3558 Geschichied,
1137 3507 1257 3558 Amerik.
1275 3505 1398 3574 Urrelig.

262 3577 383 3628 utilitato
401 3590 416 3625 e
433 3575 529 3626 bestiis
544 3573 689 3639 cupiendo,
711 3577 758 3623 out
771 3573 804 3622 ti·
852 3591 914 3642 pag.
935 3575 969 3626 66
989 3589 1064 3640 seqq.

262 3661 350 3708 more,
375 3661 428 3709 quo
450 3644 587 3694 homiuum
613 3643 718 3693 animos
744 3640 802 3692 sifi-

263 3718 353 3778 ciunt,
370 3715 520 3780 Aegyptios
536 3713 571 3764 sd
584 3713 732 3764 bestisrum
747 3711 802 3763 cul·
1042 3745 1097 3796 cst
1126 3745 1202 3796 LXV

263 3791 320 3836 tum
344 3800 404 3835 esse
429 3785 525 3834 ductos
548 3799 609 3834 cum
632 3782 741 3832 minime
765 3783 802 3831 sit
1101 3783 1107 3796 ¹
1203 3781 1211 3796 ’

262 3854 400 3916 credibile,
420 3853 476 3904 slis
489 3854 621 3904 sectanda
638 3857 702 3902 sunt
714 3852 801 3916 magis
882 3840 985 3898 Ἐούσα
1007 3841 1039 3898 δὲ
1057 3845 1200 3912 Αἴγυπτος
1224 3836 1350 3910 ὅμουρος
1370 3863 1398 3897 ιι.

262 3925 404 3976 recondite
426 3939 441 3975 e
465 3923 602 3975 subtiliori
631 3920 801 3973 secerdotum
853 3934 875 3967 r.
897 3917 933 3982 1.]
957 3918 1081 3969 Beklrero
1104 3922 1215 3968 auctore
1238 3916 1399 3968 Diudorlius

263 3995 390 4046 doctrine
407 4009 492 4059 esque
508 4007 630 4056 congrus
646 3991 724 4042 simul
742 4007 802 4042 cum
853 3988 943 4040 omisit
966 3982 1006 4050 di,
1029 3987 1110 4052 idque
1132 3987 1259 4051 probavit
1282 3987 1398 4038 Herold.

263 4063 369 4114 rudium
378 4061 622 4120 hominumindole,
634 4077 701 4126 quos
712 4061 805 4110 etism·
854 4057 1011 4108 Emeudstt.
1031 4056 1151 4108 Horodd.
1170 4058 1201 4107 P.
1227 4057 1250 4108 1.
1270 4072 1333 4122 pag.
1353 4057 1398 4107 16.

263 4130 804 4266 lii„0i⁶i0liiiiiiziii⁰iliii⁸
855 4120 1401 4259 ii¹¹liliiltu⁶il{latuistis

264 4273 322 4323 Nec
336 4271 591 4322 mirumhocvideri
607 4271 688 4322 debet
706 4270 739 4331 ei,
760 4268 806 4334 qui
855 4267 948 4318 butem
971 4271 999 4316 et
1023 4265 1188 4330 explicatius
1210 4266 1239 4316 vi
1263 4264 1398 4330 (nimium,
1508 4314 1513 4335 Ι

264 4342 351 4408 ipesm
370 4341 515 4392 humsusm
531 4345 658 4392 naturum
677 4339 806 4390 omnium·
857 4335 953 4402 etenim>
978 4335 1130 4402 praeditum
1153 4335 1291 4398 Dietsoh.‚
1317 4349 1400 4401 quem
