3088 4944
227 273 289 336 350
654 281 924 346 HERODOTI

160 453 313 541 179τρισὶ
330 452 534 526 δακτύλοισι.
571 467 640 526 Δεῖ
652 455 695 547 δή
714 485 755 546 με
770 455 852 548 πρὸς
866 458 1018 528 τούτοισι
1034 459 1234 552 ἐπιφράσαι,
1256 449 1313 528 ἵνα
1326 487 1362 528 τε

226 557 263 624 ἐκ
277 562 334 646 τῆς
347 558 479 648 τάφρου
493 555 513 649 ἡ
527 565 570 650 γῆ
590 558 822 650 ἀναισιμώθη,
845 563 900 634 καὶ
918 560 955 632 τὸ
977 579 1083 652 τεῖχος
1103 561 1219 635 ὅντινα
1237 563 1362 653 τρόπον

226 665 378 750 ἔργαστο.
419 660 618 753 ὀρύσσοντες
638 662 704 755 ἅμα
733 663 794 755 τὴν
821 666 952 756 τάφρον
980 670 1186 738 ἐπλίνθευον
1213 664 1276 755 τὴν
1297 672 1362 756 γῆν

225 761 286 853 τὴν
310 769 346 834 ἐκ
367 773 427 836 τοῦ
442 765 628 858 ὀρύγματος
648 773 894 858 ἐκφερομένην·
925 770 1125 854 ἑλκύσαντες
1142 773 1179 842 di
1195 778 1361 851 πλίνθους
1444 853 1447 860 ¹

818 943 889 992 rant.
925 939 979 990 Sed
993 939 1056 992 huic
1073 941 1243 992 incommodo
1261 939 1305 989 rel
1322 938 1361 988 in·

819 1009 898 1074 opiae
916 1011 1025 1075 egregie
1048 1011 1109 1076 ipsa
1131 1015 1231 1060 natura
1252 1023 1361 1074 prospe-

819 1079 872 1140 xitr
897 1079 1016 1144 lapidum
1035 1082 1106 1130 enim
1129 1081 1190 1132 loco
1214 1079 1269 1129 illic
1288 1079 1361 1128 inve-

818 1149 892 1198 nitur
914 1151 1017 1214 optima
1047 1157 1121 1202 terra
1143 1149 1281 1212 latericia,
1307 1164 1361 1213 qua

817 1218 861 1269 rel
885 1224 959 1270 tosta
982 1220 1032 1270 sub
1055 1221 1127 1284 sole,
1157 1219 1201 1269 vel
1227 1223 1306 1270 cocta
1333 1219 1359 1268 iu

818 1289 932 1339 caminis
949 1289 1050 1340 luteres
1068 1297 1123 1340 tam
1143 1289 1223 1340 solidi
1237 1289 1360 1353 firmique

818 1358 1012 1422 conficiuntur,
1047 1365 1078 1410 ut
1104 1359 1238 1424 hodieque
1268 1373 1359 1409 eorum

817 1429 915 1478 rudera
951 1431 1102 1495 supersint,
1136 1428 1358 1494 inscriptionibus

817 1499 930 1563 integris
949 1499 1017 1550 adeo
1031 1499 1145 1566 repleta.
1181 1499 1213 1549 Id
1232 1498 1304 1564 quod
1320 1513 1360 1546 rs-

817 1569 951 1619 centiores
974 1571 1191 1635 peregrinaturos
1215 1569 1283 1618 satis
1299 1583 1359 1632 pro·

225 931 279 981 vid.
289 933 411 997 inprimis
422 937 532 988 Boeclrh
542 955 548 988 r
559 939 705 1005 Metrolog.
712 939 768 990 Un-

226 1003 345 1053 tersuch.
359 1019 386 1068 p.
399 1005 450 1056 213
464 1023 550 1073 seqq,
570 1011 617 1074 qui
628 1015 703 1060 recte
713 1025 768 1060 mo-

225 1073 298 1134 nuit,
326 1067 376 1122 τὸν
402 1074 517 1140 μέτριον
547 1075 642 1144 πῆχυν
668 1079 712 1129 hic
734 1079 778 1130 de.

225 1145 359 1193 communi
379 1147 542 1198 Graecorum
568 1150 660 1200 cubito
684 1166 767 1200 unum

225 1211 397 1277 Olympicum
414 1217 508 1280 pedem
528 1223 555 1268 ct
573 1219 714 1270 dimidium
730 1219 767 1269 al·

224 1282 308 1332 terius
327 1285 523 1350 complectente
538 1305 597 1340 esse
613 1290 767 1357 intelligen-

224 1351 299 1402 dum:
320 1369 372 1419 quo
388 1356 447 1420 ipso
464 1359 551 1409 tribus
565 1359 681 1426 dactylis
695 1360 767 1427 quod

224 1424 310 1472 maior
331 1425 432 1476 dioItur
455 1429 563 1480 cubitus
587 1432 691 1496 regius,
721 1431 767 1495 qui

223 1492 294 1542 idem
313 1501 354 1544 est
379 1503 460 1561 atque
478 1499 660 1564 Babylonius,
687 1501 715 1550 id
733 1501 766 1550 de

223 1563 289 1627 ipsis
307 1565 389 1630 regiis
409 1583 515 1632 quoque
534 1569 650 1634 dactylis
669 1572 766 1636 proba-

222 1632 313 1682 hiliter
331 1635 383 1684 erit
404 1637 624 1704 intelligendum,
649 1641 765 1692 uthans

223 1702 293 1751 vidit
310 1705 421 1756 Boeclrh
441 1712 523 1774 atque
539 1710 689 1762 Bertheau:
711 1713 765 1762 Zur

223 1772 501 1829 Gesch.d.1sraelit.
521 1797 548 1844 p.
568 1780 601 1831 78
621 1796 693 1846 seq,
719 1781 765 1846 qui

222 1843 342 1894 cubitum
375 1845 515 1913 vulgarem
548 1849 648 1900 habere
678 1851 764 1902 lineas

222 1913 310 1964 Paris.
330 1916 382 1966 ‘204
406 1917 445 1980 (et
463 1920 534 1984 quod
553 1921 697 1986 excurrit),
723 1938 764 1972 re·

223 1983 297 2048 gium
314 2001 337 2036 s.
349 1986 527 2052 Babylonium
546 1991 597 2042 233
616 1989 702 2041 lineas
714 1993 765 2042 Pa·

223 2054 270 2103 ris.
299 2059 326 2104 et
354 2057 425 2120 quod
454 2061 585 2122 excurrit,
616 2062 764 2112 arbitratus

223 2129 277 2184 est,
298 2140 456 2192 omnemque
469 2130 647 2181 differentiam
663 2134 766 2181 utrius-

223 2209 275 2258 que
299 2195 385 2244 cubiti
408 2197 442 2246 ad
464 2215 589 2252 numeros
608 2201 673 2250 VII:
696 2201 764 2252 VIII

223 2265 405 2315 revocandam
433 2283 502 2321 esse.
549 2269 619 2320 hdd.
651 2272 764 2322 eundem

223 2333 343 2384 Boeclrh.
353 2335 393 2385 in:
407 2337 633 2392 Monatsbericlrt.
645 2341 763 2392 d.Acad.

224 2402 250 2454 d.
265 2404 432 2457 Wissensoh.
452 2426 485 2459 zu
497 2411 570 2461 Barl.
588 2407 664 2462 1854.
682 2412 763 2464 Febr.

224 2487 250 2537 p.
264 2475 297 2523 77
310 2490 384 2540 seqq.
405 2476 439 2527 89
452 2495 527 2545 seqq.
547 2485 574 2530 et
588 2481 660 2530 conl.
681 2482 763 2531 etiem

223 2542 353 2664 fflewel:
388 2546 484 2600 Kleine
510 2550 621 2601 Schrilt.
648 2567 675 2615 p.
704 2552 761 2602 lut).

378 2791 445 2841 Cur.
465 2791 610 2843 CLXXIX.

258 2889 316 2943 ivo
343 2909 372 2944 τε
406 2884 435 2943 ἐκ
463 2894 513 2960 τῆς
543 2887 653 2960 τάφρον
681 2889 699 2963 ἡ
729 2894 764 2962 γῆ

222 2953 467 3032 ἀναισιμώθη]
499 2963 548 3014 ἵνα
575 2967 618 3018 hio
644 2961 765 3017 τοπικόν

223 3049 282 3085 esse
299 3051 377 3086 nemo
394 3037 496 3099 nescit,
515 3038 573 3087 sire
587 3038 705 3102 accipias
725 3038 767 3087 ubi

223 3105 282 3155 aive
299 3121 412 3170 φυοκαια,
433 3113 451 3155 1.
461 3121 484 3158 s.
500 3123 569 3171 quem
586 3110 611 3156 in
629 3124 711 3168 αινικς
731 3108 764 3158 de

224 3189 277 3238 quo
292 3173 415 3240 dIsputat
426 3175 644 3242 Schweighaeus.
658 3179 686 3228 in
696 3178 762 3230 Lex.

222 3244 325 3294 Herod.
349 3261 371 3294 s.
391 3261 417 3294 v.
455 3247 498 3295 'l'u
522 3247 576 3297 vid.
600 3247 701 3298 Herod.
726 3249 763 3310 ΙΙ,

225 3314 283 3364 150.
305 3314 357 3378 ΠΙ,
374 3315 390 3366 8
408 3315 499 3380 ibique
517 3321 586 3367 nott.
605 3349 639 3358 -
656 3307 765 3366 ἀναισι-

222 3381 299 3448 μούν
316 3383 407 3434 eodem
424 3387 562 3437 insumendi
573 3385 728 3452 significatu
741 3387 764 3449 1,

224 3453 283 3507 179.
302 3453 350 3516 IV,
370 3454 411 3506 35.
432 3455 493 3506 coll.
505 3457 527 3518 1,
541 3457 583 3510 7⁶2.
604 3457 640 3518 11,
662 3457 703 3508 11.
719 3457 762 3508 31.

224 3523 275 3574 1²5
292 3529 345 3575 etc.
386 3525 485 3576 Confer
508 3531 650 3590 praeterea
665 3528 763 3577 Zonar.

221 3595 762 3784 {igi—'nmaideincloiilllllelsiodllt'lllerggg.

257 3792 431 3852 ἐπλίνθευον
450 3793 503 3868 τὴν
540 3799 574 3868 ἦν
591 3795 645 3868 τὴν
664 3792 693 3852 la
712 3801 764 3853 rori

220 3860 381 3936 ὀρύγματος
393 3819 597 3938 ἐκφερομύνην]
611 3873 762 3924 Articulum

815 1637 924 1690 barunt.
966 1640 1045 1690 Cous.
1066 1641 1182 1690 Heeren.
1201 1639 1228 1701 1,
1249 1641 1275 1688 ’1.
1294 1653 1357 1703 pag.

818 1708 866 1758 147
892 1709 954 1760 coll.
973 1711 1106 1760 Muenter.
1130 1709 1149 1759 l.
1175 1707 1194 1758 1.
1219 1723 1282 1774 pag.
1309 1709 1355 1758 1⁶21

814 1780 1167 1902 truttmunt?
1176 1783 1360 1899 instituta

815 1919 984 1982 aptissImam
1008 1925 1037 1969 et
1061 1925 1161 1970 natura
1189 1919 1250 1984 ipsa
1280 1919 1358 1983 quasi

816 1988 930 2050 editam
949 1989 1000 2040 hoc
1019 1990 1137 2040 tortasse
1157 1990 1243 2053 magis
1262 1989 1358 2037 mirum

815 2058 901 2108 videri
919 2063 1013 2124 queat,
1036 2059 1195 2124 Babyloniis
1215 2059 1356 2120 lateribus,

815 2129 862 2193 qui
889 2129 1091 2180 characteribus
1123 2129 1262 2178 literarum
1292 2128 1359 2176 iusi-

816 2214 883 2264 gues
901 2201 995 2250 crebro
1015 2199 1103 2250 adhuc
1114 2200 1302 2260 inveniuntur,
1323 2197 1358 2246 si-

816 2269 893 2318 miles
922 2270 1034 2334 repertri
1064 2270 1091 2318 in
1115 2269 1263 2334 hypogaeis
1289 2267 1357 2316 The-

815 2338 901 2388 baiois
915 2345 942 2388 et
957 2341 1030 2404 Ipsos
1043 2339 1129 2389 literis
1144 2339 1274 2404 insignes.
1299 2337 1356 2386 Mo·

814 2408 875 2457 nuit
894 2409 942 2462 Or.
968 2425 1002 2459 ex
1026 2408 1143 2460 Iomard.
1168 2409 1195 2458 in
1218 2407 1354 2470 Descript.

815 2477 848 2527 de
866 2477 986 2543 l'Egypt.
1004 2480 1108 2544 antiqq.
1126 2473 1354 2541 v01.11.p.3us.

814 2549 856 2597 De
888 2549 951 2598 aliis
987 2549 1116 2598 fictilibus
1145 2546 1355 2612 Babyloniorum

814 2619 940 2682 operibus
963 2618 1033 2668 idem
1057 2618 1153 2668 laudat
1175 2615 1305 2668 Paciaudi
1328 2617 1356 2664 iu

814 2687 961 2738 Monumm.
985 2687 1134 2754 Peloponn.
1153 2687 1197 2750 11,
1219 2688 1253 2739 39
1276 2693 1303 2736 et
1323 2685 1356 2735 de

814 2759 1038 2822 inscriptionibus
1070 2757 1187 2808 laterum
1221 2757 1355 2807 Muenter.

815 2828 958 2893 Antiquos.
983 2827 1128 2880 hbhsndll.
1153 2844 1180 2892 p.
1207 2829 1254 2877 127
1280 2843 1355 2892 seqq.

817 2897 874 2948 135.
912 2897 982 2948 ddd.
1003 2897 1071 2948 Rich
1089 2897 1107 2949 l.
1127 2913 1209 2962 supra
1227 2896 1246 2948 l.
1264 2913 1291 2962 p.
1308 2895 1355 2946 182

816 2982 891 3032 seqq.
937 2967 1098 3018 Grotescnd:
1128 2969 1204 3017 Neue
1229 2967 1356 3032 BcitriIgo

816 3051 863 3086 aur
871 3035 1006 3088 Erliiuter.
1020 3037 1045 3087 d.
1057 3037 1185 3102 babylon.
1197 3036 1356 3086 Keilschrist

816 3111 868 3157 stc.
894 3107 1050 3158 Hanuover.
1083 3106 1160 3158 1840.
1187 3122 1212 3172 p.
1238 3105 1255 3156 6
1279 3122 1354 3172 seqq.

815 3183 854 3228 et:
873 3177 1057 3242 Erlituterung
1073 3177 1121 3227 der
1134 3175 1356 3228 Keilinschriltcu

814 3247 943 3311 babylon.
955 3247 1128 3298 Backstsine.
1139 3247 1266 3296 Hannov.
1281 3245 1355 3296 1852.

814 3317 902 3381 Atque
918 3317 946 3366 iu
963 3317 1122 3384 universum,
1136 3317 1170 3366 de
1185 3316 1226 3364 his
1239 3314 1357 3365 conferri

815 3390 956 3450 poterunt,
986 3401 1056 3450 quas
1080 3386 1158 3436 effert
1180 3387 1269 3435 Ilittcr
1292 3383 1310 3434 l.
1336 3382 1355 3434 l.

814 3471 877 3520 pag.
896 3455 944 3508 881
959 3471 1033 3521 seqq.
1059 3455 1168 3521 Laysrd
1185 3453 1202 3502 Ι.
1221 3453 1239 3504 l.
1253 3468 1279 3516 p.
1293 3451 1353 3500 499.

815 3527 864 3576 507
876 3541 933 3590 seq.
947 3541 980 3576 se
991 3526 1134 3590 praecipue
1147 3541 1173 3588 p.
1185 3522 1244 3573 531.
1276 3519 1355 3568 Ches-

814 3611 878 3660 ney:
897 3595 1062 3659 Expedition
1078 3595 1120 3644 tor
1130 3593 1174 3642 the
1188 3604 1287 3654 surrey
1300 3594 1354 3638 eto·

813 3665 851 3716 11.
876 3681 902 3729 p.
926 3663 978 3716 604
1001 3679 1058 3727 seq.
1099 3659 1211 3712 Frssnel
1234 3657 1254 3709 l.
1283 3657 1300 3708 1.
1326 3674 1353 3724 p.

814 3738 829 3787 7
848 3750 905 3799 seq.
921 3732 979 3793 78,
998 3733 1044 3797 qni
1061 3729 1210 3794 Babylonis
1230 3743 1320 3778 muros
1340 3743 1354 3778 e

813 3804 924 3854 rudibus
936 3801 1066 3852 lateribus
1079 3799 1186 3865 quidem
1200 3803 1354 3848 exstructos

813 3874 903 3940 ponit,
928 3871 976 3920 sed
996 3868 1204 3934 superinductos
1222 3867 1354 3919 lateribus

221 3933 274 4002 τήν
291 3945 353 4004 post
371 3939 425 4004 γῆν
444 3957 459 3992 e
475 3943 552 3994 libris
572 3959 633 3994 cum
647 3947 761 3994 recentt.
813 3945 876 4008 igne
905 3939 990 3991 coctis
1020 3943 1104 4005 atque
1131 3939 1263 3990 bitumine
1292 3953 1354 3988 con-

221 4007 394 4059 adscivimns.
420 4041 455 4050 -
476 4011 509 4062 In
532 4012 648 4078 planitie
674 4018 761 4076 tanta,
813 4011 922 4062 iunotIs.

220 4076 308 4144 qualis
335 4083 378 4128 est
404 4081 586 4146 Babylonios,
619 4083 763 4134 defuerunt
847 4071 1012 4136 ἑλκύσαντες
1030 4071 1225 4144 ὃὲπλίνθονς]
1245 4069 1354 4128 Iturissa

220 4148 314 4211 utique
332 4146 452 4214 lapides,
480 4151 515 4200 ad
537 4152 701 4203 exstruenda
719 4169 763 4204 ae·
812 4147 955 4207 nitrosos
978 4154 1079 4216 aequat
1103 4150 1160 4200 fere
1177 4149 1352 4200 Lflliflffllm:

220 4214 311 4266 dificin
328 4219 398 4282 apti,
425 4219 471 4284 qui
493 4235 547 4270 non
571 4221 623 4272 uisi
643 4238 657 4271 e
676 4223 763 4288 regio-
813 4221 905 4271 ducere
931 4223 1040 4282 lateres,
1074 4220 1233 4271 Nostrates:
1269 4217 1355 4281 Ziepel

220 4283 298 4334 nibus
327 4286 584 4351 septentrionalibus
615 4291 760 4342 secundum
811 4289 944 4342 streichen.
977 4291 1034 4342 Nec
1053 4289 1180 4340 differunt
1199 4283 1353 4336 πλινθουλ·-

219 4351 385 4418 Euphratem
415 4355 526 4406 durium
557 4357 654 4410 advehi
687 4365 762 4424 pote·
812 4351 876 4425 κὸς,
897 4357 1116 4422 πλινθοολιιεῑν,
1136 4373 1206 4422 quae
1222 4355 1352 4406 ePolluc.
