<?xml version="1.0" encoding="UTF-8"?>
<!DOCTYPE html PUBLIC "-//W3C//DTD XHTML 1.0 Transitional//EN"
    "http://www.w3.org/TR/xhtml1/DTD/xhtml1-transitional.dtd">
<html xmlns="http://www.w3.org/1999/xhtml" xml:lang="en" lang="en">
 <head>
  <title>
</title>
<meta http-equiv="Content-Type" content="text/html;charset=utf-8" />
  <meta name='ocr-system' content='tesseract 3.04.00' />
  <meta name='ocr-capabilities' content='ocr_page ocr_carea ocr_par ocr_line ocrx_word'/>
</head>
<body>
  <div class='ocr_page' id='page_1' title='image "./herodotihalicar00bhgoog_0710.png"; bbox 0 0 3032 4916; ppageno 0'>
   <div class='ocr_carea' id='block_1_1' title="bbox 507 308 1277 374">
    <p class='ocr_par' dir='ltr' id='par_1_1' title="bbox 507 308 1277 374">
     <span class='ocr_line' id='line_1_1' title="bbox 507 308 1277 374; baseline 0.005 -6"><span class='ocrx_word' id='word_1_1' title='bbox 507 309 754 372; x_wconf 72' lang='lat' dir='ltr'><strong>EU&#39;PBRPE.</strong></span> <span class='ocrx_word' id='word_1_2' title='bbox 777 311 819 370; x_wconf 84' lang='grc' dir='ltr'><strong>ΙΙ.</strong></span> <span class='ocrx_word' id='word_1_3' title='bbox 847 318 906 374; x_wconf 79' lang='grc' dir='ltr'><strong><em>ιιι.</em></strong></span> <span class='ocrx_word' id='word_1_4' title='bbox 1217 308 1277 372; x_wconf 84' lang='grc'><strong>683</strong></span> 
     </span>
    </p>
   </div>
   <div class='ocr_carea' id='block_1_2' title="bbox 104 473 1346 1525">
    <p class='ocr_par' dir='ltr' id='par_1_2' title="bbox 248 473 1004 564">
     <span class='ocr_line' id='line_1_2' title="bbox 248 473 1004 564; baseline 0.007 -25"><span class='ocrx_word' id='word_1_5' title='bbox 248 477 416 559; x_wconf 75' lang='grc' dir='ltr'><strong><em>Αἰγυπτίη·</em></strong></span> <span class='ocrx_word' id='word_1_6' title='bbox 436 480 472 563; x_wconf 72' lang='grc' dir='ltr'><strong>τῇ</strong></span> <span class='ocrx_word' id='word_1_7' title='bbox 487 484 611 540; x_wconf 72' lang='grc' dir='ltr'><strong><em>πλεῖστα</em></strong></span> <span class='ocrx_word' id='word_1_8' title='bbox 628 477 712 560; x_wconf 89' lang='grc' dir='ltr'><strong><em>φέρει</em></strong></span> <span class='ocrx_word' id='word_1_9' title='bbox 731 477 868 562; x_wconf 79' lang='grc' dir='ltr'><strong><em>ζείδωρος</em></strong></span> <span class='ocrx_word' id='word_1_10' title='bbox 889 473 1004 564; x_wconf 69' lang='grc' dir='ltr'><strong><em>ἄρουρα</em></strong></span> 
     </span>
    </p>

    <p class='ocr_par' dir='ltr' id='par_1_3' title="bbox 144 572 1206 782">
     <span class='ocr_line' id='line_1_3' title="bbox 250 572 1206 664; baseline 0.001 -22"><span class='ocrx_word' id='word_1_11' title='bbox 250 575 410 664; x_wconf 77' lang='grc' dir='ltr'><strong><em>φάρμακα,</em></strong></span> <span class='ocrx_word' id='word_1_12' title='bbox 430 573 525 644; x_wconf 74' lang='grc' dir='ltr'><strong><em>πολλὰ</em></strong></span> <span class='ocrx_word' id='word_1_13' title='bbox 543 579 598 662; x_wconf 78' lang='grc' dir='ltr'><strong>μὲν</strong></span> <span class='ocrx_word' id='word_1_14' title='bbox 621 572 715 642; x_wconf 74' lang='lat' dir='ltr'><strong>ludici</strong></span> <span class='ocrx_word' id='word_1_15' title='bbox 732 582 911 663; x_wconf 72' lang='grc' dir='ltr'><em>μεμιγμένα,</em></span> <span class='ocrx_word' id='word_1_16' title='bbox 933 575 1029 646; x_wconf 74' lang='grc' dir='ltr'><strong><em>πολλὰ</em></strong></span> <span class='ocrx_word' id='word_1_17' title='bbox 1051 581 1083 645; x_wconf 78' lang='lat' dir='ltr'><strong>di</strong></span> <span class='ocrx_word' id='word_1_18' title='bbox 1104 577 1206 664; x_wconf 70' lang='grc' dir='ltr'><strong><em>λυγρά.</em></strong></span> 
     </span>
     <span class='ocr_line' id='line_1_4' title="bbox 144 688 1036 782; baseline 0 -22"><span class='ocrx_word' id='word_1_19' title='bbox 144 693 200 760; x_wconf 81' lang='grc' dir='ltr'><strong>καὶ</strong></span> <span class='ocrx_word' id='word_1_20' title='bbox 215 689 295 760; x_wconf 76' lang='lat' dir='ltr'><strong>mide</strong></span> <span class='ocrx_word' id='word_1_21' title='bbox 309 693 406 782; x_wconf 79' lang='grc' dir='ltr'><strong><em>ἕτερα</em></strong></span> <span class='ocrx_word' id='word_1_22' title='bbox 423 688 506 780; x_wconf 78' lang='grc' dir='ltr'><strong><em>πρὸς</em></strong></span> <span class='ocrx_word' id='word_1_23' title='bbox 524 693 718 782; x_wconf 80' lang='grc' dir='ltr'><strong><em>Τηλέμαχον</em></strong></span> <span class='ocrx_word' id='word_1_24' title='bbox 731 692 913 772; x_wconf 80' lang='grc' dir='ltr'><strong>Μενέλεως</strong></span> <span class='ocrx_word' id='word_1_25' title='bbox 928 694 1036 778; x_wconf 78' lang='grc' dir='ltr'><strong><em>λέγει·</em></strong></span> 
     </span>
    </p>

    <p class='ocr_par' dir='ltr' id='par_1_4' title="bbox 250 799 1024 890">
     <span class='ocr_line' id='line_1_5' title="bbox 250 799 1024 890; baseline 0.003 -24"><span class='ocrx_word' id='word_1_26' title='bbox 250 799 394 890; x_wconf 75' lang='grc' dir='ltr'><em>Αἰγύπτῳ</em></span> <span class='ocrx_word' id='word_1_27' title='bbox 414 799 445 885; x_wconf 84' lang='grc' dir='ltr'><strong>μ’</strong></span> <span class='ocrx_word' id='word_1_28' title='bbox 471 806 514 868; x_wconf 81' lang='grc' dir='ltr'><strong>ἔτι</strong></span> <span class='ocrx_word' id='word_1_29' title='bbox 539 808 627 890; x_wconf 79' lang='grc' dir='ltr'><strong><em>δεῦρο</em></strong></span> <span class='ocrx_word' id='word_1_30' title='bbox 649 806 718 869; x_wconf 80' lang='grc' dir='ltr'><strong><em>θεοί</em></strong></span> <span class='ocrx_word' id='word_1_31' title='bbox 740 807 880 887; x_wconf 82' lang='grc' dir='ltr'><em>μεμαῶτα</em></span> <span class='ocrx_word' id='word_1_32' title='bbox 901 805 1024 868; x_wconf 77' lang='grc' dir='ltr'><strong><em>νέεσθαι</em></strong></span> 
     </span>
    </p>

    <p class='ocr_par' dir='ltr' id='par_1_5' title="bbox 140 902 1276 1108">
     <span class='ocr_line' id='line_1_6' title="bbox 251 902 1071 993; baseline 0.001 -24"><span class='ocrx_word' id='word_1_33' title='bbox 251 907 354 987; x_wconf 73' lang='grc' dir='ltr'><strong><em>ἔσχον,</em></strong></span> <span class='ocrx_word' id='word_1_34' title='bbox 377 905 442 970; x_wconf 70' lang='lat' dir='ltr'><strong>dissi</strong></span> <span class='ocrx_word' id='word_1_35' title='bbox 464 902 502 972; x_wconf 72' lang='grc' dir='ltr'><strong>ου’</strong></span> <span class='ocrx_word' id='word_1_36' title='bbox 522 928 595 988; x_wconf 88' lang='grc' dir='ltr'><strong>σφιν</strong></span> <span class='ocrx_word' id='word_1_37' title='bbox 621 911 704 993; x_wconf 75' lang='grc' dir='ltr'><strong><em>ἔρεξα</em></strong></span> <span class='ocrx_word' id='word_1_38' title='bbox 727 909 881 988; x_wconf 75' lang='grc' dir='ltr'><strong><em>τεληέσσας</em></strong></span> <span class='ocrx_word' id='word_1_39' title='bbox 897 903 1071 990; x_wconf 73' lang='grc' dir='ltr'><strong><em>ἑκατόμβας.</em></strong></span> 
     </span>
     <span class='ocr_line' id='line_1_7' title="bbox 140 1014 1276 1108; baseline -0.004 -20"><span class='ocrx_word' id='word_1_40' title='bbox 140 1017 195 1088; x_wconf 86' lang='grc' dir='ltr'><strong>Ἐν</strong></span> <span class='ocrx_word' id='word_1_41' title='bbox 209 1017 355 1088; x_wconf 80' lang='grc' dir='ltr'><strong><em>τούτοισι</em></strong></span> <span class='ocrx_word' id='word_1_42' title='bbox 373 1033 459 1088; x_wconf 71' lang='grc' dir='ltr'><strong><em>τοῖσι</em></strong></span> <span class='ocrx_word' id='word_1_43' title='bbox 480 1025 574 1088; x_wconf 81' lang='grc' dir='ltr'><strong><em>ἔπεσι</em></strong></span> <span class='ocrx_word' id='word_1_44' title='bbox 590 1024 703 1108; x_wconf 76' lang='grc' dir='ltr'><strong><em>δηλοῖ,</em></strong></span> <span class='ocrx_word' id='word_1_45' title='bbox 723 1014 774 1087; x_wconf 80' lang='grc' dir='ltr'><strong>ὅτι</strong></span> <span class='ocrx_word' id='word_1_46' title='bbox 788 1015 950 1108; x_wconf 77' lang='grc' dir='ltr'><strong><em>ἠπίστατο</em></strong></span> <span class='ocrx_word' id='word_1_47' title='bbox 968 1015 1031 1107; x_wconf 76' lang='grc' dir='ltr'><strong>τὴν</strong></span> <span class='ocrx_word' id='word_1_48' title='bbox 1050 1018 1084 1096; x_wconf 84' lang='grc' dir='ltr'><strong>ές</strong></span> <span class='ocrx_word' id='word_1_49' title='bbox 1100 1027 1276 1103; x_wconf 74' lang='grc' dir='ltr'><strong>Αἴγυπτον</strong></span> 
     </span>
    </p>

    <p class='ocr_par' dir='ltr' id='par_1_6' title="bbox 104 1117 1277 1214">
     <span class='ocr_line' id='line_1_8' title="bbox 104 1117 1277 1214; baseline -0.005 -20"><span class='ocrx_word' id='word_1_50' title='bbox 104 1120 375 1212; x_wconf 66' lang='grc' dir='ltr'><strong><em>ιοῚἈλεξαύὃρου</em></strong></span> <span class='ocrx_word' id='word_1_51' title='bbox 393 1121 543 1212; x_wconf 75' lang='grc' dir='ltr'><em>πλάνην·</em></span> <span class='ocrx_word' id='word_1_52' title='bbox 566 1117 720 1211; x_wconf 81' lang='grc' dir='ltr'><strong>ὁμουρέει</strong></span> <span class='ocrx_word' id='word_1_53' title='bbox 736 1119 800 1211; x_wconf 74' lang='grc' dir='ltr'><strong>γὰρ</strong></span> <span class='ocrx_word' id='word_1_54' title='bbox 821 1117 968 1211; x_wconf 73' lang='grc' dir='ltr'><strong><em>ἡΣυρίη</em></strong></span> <span class='ocrx_word' id='word_1_55' title='bbox 984 1118 1163 1214; x_wconf 75' lang='grc' dir='ltr'><strong>Αἰγύπτῳ·</strong></span> <span class='ocrx_word' id='word_1_56' title='bbox 1187 1124 1221 1188; x_wconf 92' lang='grc' dir='ltr'><strong>οί</strong></span> <span class='ocrx_word' id='word_1_57' title='bbox 1240 1119 1277 1188; x_wconf 81' lang='grc' dir='ltr'><strong>δέ</strong></span> 
     </span>
    </p>

    <p class='ocr_par' dir='ltr' id='par_1_7' title="bbox 145 1220 1346 1525">
     <span class='ocr_line' id='line_1_9' title="bbox 145 1220 1346 1317; baseline -0.006 -21"><span class='ocrx_word' id='word_1_58' title='bbox 145 1232 317 1310; x_wconf 82' lang='grc' dir='ltr'><strong><em>Φοίνικες,</em></strong></span> <span class='ocrx_word' id='word_1_59' title='bbox 337 1230 406 1295; x_wconf 75' lang='grc' dir='ltr'><strong>τῶν</strong></span> <span class='ocrx_word' id='word_1_60' title='bbox 427 1227 495 1296; x_wconf 79' lang='grc' dir='ltr'><strong><em>ἐστὶ</em></strong></span> <span class='ocrx_word' id='word_1_61' title='bbox 516 1222 537 1317; x_wconf 82' lang='grc' dir='ltr'><em>ἡ</em></span> <span class='ocrx_word' id='word_1_62' title='bbox 559 1223 695 1310; x_wconf 74' lang='grc' dir='ltr'><strong>Σιδών,</strong></span> <span class='ocrx_word' id='word_1_63' title='bbox 726 1229 763 1295; x_wconf 90' lang='grc' dir='ltr'><strong>εὐ</strong></span> <span class='ocrx_word' id='word_1_64' title='bbox 786 1231 827 1315; x_wconf 79' lang='grc' dir='ltr'><strong>τῇ</strong></span> <span class='ocrx_word' id='word_1_65' title='bbox 847 1233 958 1314; x_wconf 79' lang='grc' dir='ltr'><strong><em>Συρίῃ</em></strong></span> <span class='ocrx_word' id='word_1_66' title='bbox 983 1228 1141 1294; x_wconf 79' lang='grc' dir='ltr'><strong><em>οἰκέουσι.</em></strong></span> <span class='ocrx_word' id='word_1_67' title='bbox 1181 1220 1346 1292; x_wconf 78' lang='grc' dir='ltr'><strong>ΚατὰῙΙἹ</strong></span> 
     </span>
     <span class='ocr_line' id='line_1_10' title="bbox 146 1325 1278 1419; baseline -0.003 -21"><span class='ocrx_word' id='word_1_68' title='bbox 146 1334 251 1399; x_wconf 84' lang='grc' dir='ltr'><strong><em>ταῦτα</em></strong></span> <span class='ocrx_word' id='word_1_69' title='bbox 266 1328 303 1398; x_wconf 78' lang='grc' dir='ltr'><strong>δέ</strong></span> <span class='ocrx_word' id='word_1_70' title='bbox 316 1325 356 1398; x_wconf 78' lang='grc' dir='ltr'><strong>τὰ</strong></span> <span class='ocrx_word' id='word_1_71' title='bbox 372 1333 463 1416; x_wconf 82' lang='grc' dir='ltr'><strong><em>ἔπεα,</em></strong></span> <span class='ocrx_word' id='word_1_72' title='bbox 480 1333 536 1400; x_wconf 82' lang='grc' dir='ltr'><strong>καὶ</strong></span> <span class='ocrx_word' id='word_1_73' title='bbox 551 1327 675 1402; x_wconf 78' lang='grc' dir='ltr'><strong><em>τόδετὸ</em></strong></span> <span class='ocrx_word' id='word_1_74' title='bbox 688 1337 812 1419; x_wconf 83' lang='grc' dir='ltr'><strong><em>χωρίου</em></strong></span> <span class='ocrx_word' id='word_1_75' title='bbox 828 1325 891 1398; x_wconf 85' lang='grc' dir='ltr'><strong>οὐκ</strong></span> <span class='ocrx_word' id='word_1_76' title='bbox 904 1325 1023 1418; x_wconf 75' lang='grc' dir='ltr'><strong><em>ἥκιστα</em></strong></span> <span class='ocrx_word' id='word_1_77' title='bbox 1038 1325 1123 1398; x_wconf 75' lang='lat' dir='ltr'><strong>ittet</strong></span> <span class='ocrx_word' id='word_1_78' title='bbox 1135 1326 1278 1417; x_wconf 78' lang='grc' dir='ltr'><strong><em>μάλιστα</em></strong></span> 
     </span>
     <span class='ocr_line' id='line_1_11' title="bbox 145 1429 1276 1525; baseline -0.004 -21"><span class='ocrx_word' id='word_1_79' title='bbox 145 1441 258 1523; x_wconf 76' lang='grc' dir='ltr'><strong><em>δηλοῖ,</em></strong></span> <span class='ocrx_word' id='word_1_80' title='bbox 282 1429 409 1502; x_wconf 83' lang='grc' dir='ltr'><strong><em>ὅτιούκ</em></strong></span> <span class='ocrx_word' id='word_1_81' title='bbox 425 1429 571 1525; x_wconf 83' lang='grc' dir='ltr'><strong><em>Ὁμήρου</em></strong></span> <span class='ocrx_word' id='word_1_82' title='bbox 589 1433 629 1524; x_wconf 77' lang='lat' dir='ltr'><strong>roi</strong></span> <span class='ocrx_word' id='word_1_83' title='bbox 647 1434 785 1521; x_wconf 80' lang='grc' dir='ltr'><strong><em>Κύπρια</em></strong></span> <span class='ocrx_word' id='word_1_84' title='bbox 804 1432 885 1502; x_wconf 80' lang='grc' dir='ltr'><strong><em>ἔπεα</em></strong></span> <span class='ocrx_word' id='word_1_85' title='bbox 899 1435 988 1519; x_wconf 80' lang='grc' dir='ltr'><strong><em>ἐστι,</em></strong></span> <span class='ocrx_word' id='word_1_86' title='bbox 1008 1430 1082 1502; x_wconf 79' lang='grc' dir='ltr'><em>ἀλλ’</em></span> <span class='ocrx_word' id='word_1_87' title='bbox 1100 1429 1205 1502; x_wconf 78' lang='grc' dir='ltr'><strong><em>ἄλλου</em></strong></span> <span class='ocrx_word' id='word_1_88' title='bbox 1227 1458 1276 1500; x_wconf 82' lang='grc' dir='ltr'><strong>τι·</strong></span> 
     </span>
    </p>
   </div>
   <div class='ocr_carea' id='block_1_3' title="bbox 39 1645 1352 4442">
    <p class='ocr_par' dir='ltr' id='par_1_8' title="bbox 39 1645 1352 4442">
     <span class='ocr_line' id='line_1_12' title="bbox 178 1645 1280 1720; baseline -0.003 -16"><span class='ocrx_word' id='word_1_89' title='bbox 178 1645 309 1719; x_wconf 79' lang='grc' dir='ltr'><strong><em>ὁμουρέει</em></strong></span> <span class='ocrx_word' id='word_1_90' title='bbox 327 1645 379 1718; x_wconf 78' lang='grc' dir='ltr'><strong>γὰρ</strong></span> <span class='ocrx_word' id='word_1_91' title='bbox 398 1648 416 1718; x_wconf 81' lang='grc' dir='ltr'><strong><em>ἡ</em></strong></span> <span class='ocrx_word' id='word_1_92' title='bbox 433 1652 526 1720; x_wconf 81' lang='grc' dir='ltr'><strong><em>Συρίη</em></strong></span> <span class='ocrx_word' id='word_1_93' title='bbox 543 1646 685 1720; x_wconf 77' lang='grc' dir='ltr'><strong>Αἰγύπτῳ]</strong></span> <span class='ocrx_word' id='word_1_94' title='bbox 736 1655 764 1702; x_wconf 88' lang='lat' dir='ltr'><strong>et</strong></span> <span class='ocrx_word' id='word_1_95' title='bbox 778 1650 882 1718; x_wconf 88' lang='lat' dir='ltr'><strong>reliqua</strong></span> <span class='ocrx_word' id='word_1_96' title='bbox 892 1651 972 1702; x_wconf 83' lang='lat' dir='ltr'><strong>huius</strong></span> <span class='ocrx_word' id='word_1_97' title='bbox 984 1651 1083 1717; x_wconf 87' lang='lat' dir='ltr'><strong>capitia</strong></span> <span class='ocrx_word' id='word_1_98' title='bbox 1096 1650 1185 1702; x_wconf 91' lang='lat' dir='ltr'><strong>omnia</strong></span> <span class='ocrx_word' id='word_1_99' title='bbox 1197 1666 1280 1716; x_wconf 81' lang='lat' dir='ltr'><strong>agno·</strong></span> 
     </span>
     <span class='ocr_line' id='line_1_13' title="bbox 144 1720 1278 1790; baseline -0.002 -16"><span class='ocrx_word' id='word_1_100' title='bbox 144 1725 236 1790; x_wconf 78' lang='lat' dir='ltr'><strong>Syriae</strong></span> <span class='ocrx_word' id='word_1_101' title='bbox 253 1739 351 1773; x_wconf 88' lang='lat' dir='ltr'><strong>nemen</strong></span> <span class='ocrx_word' id='word_1_102' title='bbox 373 1725 445 1788; x_wconf 87' lang='lat' dir='ltr'><strong>apud</strong></span> <span class='ocrx_word' id='word_1_103' title='bbox 462 1725 630 1776; x_wconf 87' lang='lat' dir='ltr'><strong>Herodotum</strong></span> <span class='ocrx_word' id='word_1_104' title='bbox 647 1722 686 1773; x_wconf 82' lang='lat' dir='ltr'><strong>la·</strong></span> <span class='ocrx_word' id='word_1_105' title='bbox 736 1725 827 1785; x_wconf 84' lang='lat' dir='ltr'><strong>scunt,</strong></span> <span class='ocrx_word' id='word_1_106' title='bbox 856 1726 887 1772; x_wconf 92' lang='lat' dir='ltr'><strong>ut</strong></span> <span class='ocrx_word' id='word_1_107' title='bbox 912 1721 1045 1773; x_wconf 85' lang='lat' dir='ltr'><strong>hactenus</strong></span> <span class='ocrx_word' id='word_1_108' title='bbox 1072 1720 1172 1772; x_wconf 89' lang='lat' dir='ltr'><strong>nullam</strong></span> <span class='ocrx_word' id='word_1_109' title='bbox 1198 1720 1278 1772; x_wconf 86' lang='lat' dir='ltr'><strong>fidem</strong></span> 
     </span>
     <span class='ocr_line' id='line_1_14' title="bbox 145 1788 1278 1860; baseline -0.004 -16"><span class='ocrx_word' id='word_1_110' title='bbox 145 1795 199 1844; x_wconf 84' lang='lat' dir='ltr'><strong>tius</strong></span> <span class='ocrx_word' id='word_1_111' title='bbox 217 1797 323 1859; x_wconf 83' lang='lat' dir='ltr'><strong>patere,</strong></span> <span class='ocrx_word' id='word_1_112' title='bbox 348 1794 402 1843; x_wconf 84' lang='lat' dir='ltr'><strong>iam</strong></span> <span class='ocrx_word' id='word_1_113' title='bbox 420 1788 502 1860; x_wconf 79' lang='lat' dir='ltr'><strong>s&#39;upra</strong></span> <span class='ocrx_word' id='word_1_114' title='bbox 520 1795 554 1844; x_wconf 88' lang='lat' dir='ltr'><strong>ad</strong></span> <span class='ocrx_word' id='word_1_115' title='bbox 572 1796 596 1857; x_wconf 90' lang='lat'><strong>1,</strong></span> <span class='ocrx_word' id='word_1_116' title='bbox 613 1795 638 1845; x_wconf 81' lang='lat'><strong>6.</strong></span> <span class='ocrx_word' id='word_1_117' title='bbox 652 1795 685 1844; x_wconf 82' lang='lat'><strong>72</strong></span> <span class='ocrx_word' id='word_1_118' title='bbox 735 1797 837 1842; x_wconf 84' lang='lat' dir='ltr'><strong>mereat</strong></span> <span class='ocrx_word' id='word_1_119' title='bbox 861 1791 1006 1842; x_wconf 86' lang='lat' dir='ltr'><strong>Borheokii</strong></span> <span class='ocrx_word' id='word_1_120' title='bbox 1029 1791 1164 1856; x_wconf 87' lang='lat' dir='ltr'><strong>suspicio,</strong></span> <span class='ocrx_word' id='word_1_121' title='bbox 1191 1795 1278 1840; x_wconf 88' lang='lat' dir='ltr'><strong>totum</strong></span> 
     </span>
     <span class='ocr_line' id='line_1_15' title="bbox 144 1861 1278 1927; baseline -0.002 -13"><span class='ocrx_word' id='word_1_122' title='bbox 144 1865 309 1914; x_wconf 86' lang='lat' dir='ltr'><strong>notavimus.</strong></span> <span class='ocrx_word' id='word_1_123' title='bbox 346 1864 415 1914; x_wconf 87' lang='lat' dir='ltr'><strong>Nam</strong></span> <span class='ocrx_word' id='word_1_124' title='bbox 433 1863 484 1913; x_wconf 90' lang='lat' dir='ltr'><strong>hoc</strong></span> <span class='ocrx_word' id='word_1_125' title='bbox 502 1866 609 1915; x_wconf 87' lang='lat' dir='ltr'><strong>nomine</strong></span> <span class='ocrx_word' id='word_1_126' title='bbox 631 1879 687 1912; x_wconf 91' lang='lat' dir='ltr'><strong>om·</strong></span> <span class='ocrx_word' id='word_1_127' title='bbox 736 1867 819 1926; x_wconf 84' lang='lat' dir='ltr'><strong>caput</strong></span> <span class='ocrx_word' id='word_1_128' title='bbox 837 1861 940 1912; x_wconf 84' lang='lat' dir='ltr'>CXVII</span> <span class='ocrx_word' id='word_1_129' title='bbox 959 1862 1079 1927; x_wconf 87' lang='lat' dir='ltr'><strong>spurium</strong></span> <span class='ocrx_word' id='word_1_130' title='bbox 1097 1861 1194 1912; x_wconf 85' lang='lat' dir='ltr'><strong>videri.</strong></span> <span class='ocrx_word' id='word_1_131' title='bbox 1220 1861 1278 1912; x_wconf 85' lang='lat' dir='ltr'><strong>Nec</strong></span> 
     </span>
     <span class='ocr_line' id='line_1_16' title="bbox 145 1930 1278 1999; baseline -0.004 -14"><span class='ocrx_word' id='word_1_132' title='bbox 145 1950 204 1986; x_wconf 84' lang='lat' dir='ltr'><strong>nem</strong></span> <span class='ocrx_word' id='word_1_133' title='bbox 223 1949 329 1999; x_wconf 89' lang='lat' dir='ltr'><strong>quoque</strong></span> <span class='ocrx_word' id='word_1_134' title='bbox 353 1949 426 1984; x_wconf 82' lang='lat' dir='ltr'><strong>oram</strong></span> <span class='ocrx_word' id='word_1_135' title='bbox 452 1935 615 1985; x_wconf 84' lang='lat' dir='ltr'><strong>maritimam</strong></span> <span class='ocrx_word' id='word_1_136' title='bbox 632 1937 686 1984; x_wconf 90' lang='lat' dir='ltr'><strong>tra·</strong></span> <span class='ocrx_word' id='word_1_137' title='bbox 735 1933 883 1998; x_wconf 76' lang='lat' dir='ltr'><strong>quidquam</strong></span> <span class='ocrx_word' id='word_1_138' title='bbox 899 1932 996 1983; x_wconf 86' lang='lat' dir='ltr'><strong>eiicere</strong></span> <span class='ocrx_word' id='word_1_139' title='bbox 1011 1932 1135 1998; x_wconf 80' lang='lat' dir='ltr'>equidem</span> <span class='ocrx_word' id='word_1_140' title='bbox 1153 1930 1278 1994; x_wconf 86' lang='lat' dir='ltr'><strong>audeam,</strong></span> 
     </span>
     <span class='ocr_line' id='line_1_17' title="bbox 145 1999 1277 2070; baseline -0.004 -15"><span class='ocrx_word' id='word_1_141' title='bbox 145 2009 272 2070; x_wconf 87' lang='lat' dir='ltr'><strong>ctumque</strong></span> <span class='ocrx_word' id='word_1_142' title='bbox 290 2003 460 2054; x_wconf 87' lang='lat' dir='ltr'><strong>adiacentem</strong></span> <span class='ocrx_word' id='word_1_143' title='bbox 484 2005 547 2055; x_wconf 91' lang='lat' dir='ltr'><strong>inde</strong></span> <span class='ocrx_word' id='word_1_144' title='bbox 566 2005 600 2055; x_wconf 89' lang='lat' dir='ltr'><strong>ab</strong></span> <span class='ocrx_word' id='word_1_145' title='bbox 619 2003 686 2054; x_wconf 79' lang='lat' dir='ltr'><strong>Asia</strong></span> <span class='ocrx_word' id='word_1_146' title='bbox 735 2017 897 2068; x_wconf 87' lang='lat' dir='ltr'><strong>quamquam</strong></span> <span class='ocrx_word' id='word_1_147' title='bbox 921 2001 986 2052; x_wconf 88' lang='lat' dir='ltr'><strong>mihi</strong></span> <span class='ocrx_word' id='word_1_148' title='bbox 1004 2017 1111 2068; x_wconf 91' lang='lat' dir='ltr'><strong>quoque</strong></span> <span class='ocrx_word' id='word_1_149' title='bbox 1129 2015 1227 2066; x_wconf 80' lang='lat' dir='ltr'><strong>magna</strong></span> <span class='ocrx_word' id='word_1_150' title='bbox 1247 1999 1277 2050; x_wconf 90' lang='lat' dir='ltr'><strong>lit</strong></span> 
     </span>
     <span class='ocr_line' id='line_1_18' title="bbox 39 2061 1289 2140; baseline -0.006 -15"><span class='ocrx_word' id='word_1_151' title='bbox 39 2117 41 2120; x_wconf 96' lang='lat'><strong>.</strong></span> <span class='ocrx_word' id='word_1_152' title='bbox 144 2075 246 2125; x_wconf 86' lang='lat' dir='ltr'><strong>minore</strong></span> <span class='ocrx_word' id='word_1_153' title='bbox 264 2089 348 2140; x_wconf 85' lang='lat' dir='ltr'><strong>usque</strong></span> <span class='ocrx_word' id='word_1_154' title='bbox 366 2073 401 2124; x_wconf 89' lang='lat' dir='ltr'><strong>ad</strong></span> <span class='ocrx_word' id='word_1_155' title='bbox 416 2073 569 2140; x_wconf 73' lang='lat' dir='ltr'><strong>Aegyptum</strong></span> <span class='ocrx_word' id='word_1_156' title='bbox 587 2076 685 2126; x_wconf 84' lang='lat' dir='ltr'><strong>Noster</strong></span> <span class='ocrx_word' id='word_1_157' title='bbox 736 2072 869 2137; x_wconf 89' lang='lat' dir='ltr'><strong>suspicio,</strong></span> <span class='ocrx_word' id='word_1_158' title='bbox 899 2073 983 2122; x_wconf 81' lang='lat' dir='ltr'><strong>rerba</strong></span> <span class='ocrx_word' id='word_1_159' title='bbox 1010 2067 1058 2121; x_wconf 77' lang='grc' dir='ltr'><strong>καὶ</strong></span> <span class='ocrx_word' id='word_1_160' title='bbox 1081 2062 1146 2120; x_wconf 80' lang='grc' dir='ltr'><strong><em>τόδε</em></strong></span> <span class='ocrx_word' id='word_1_161' title='bbox 1169 2061 1201 2119; x_wconf 86' lang='grc' dir='ltr'><strong>τὸ</strong></span> <span class='ocrx_word' id='word_1_162' title='bbox 1224 2086 1289 2136; x_wconf 15' lang='grc' dir='ltr'><strong><em>χοι-γ</em></strong></span> 
     </span>
     <span class='ocr_line' id='line_1_19' title="bbox 144 2140 1278 2209; baseline -0.002 -15"><span class='ocrx_word' id='word_1_163' title='bbox 144 2143 339 2209; x_wconf 68' lang='lat' dir='ltr'><strong>complectitur.</strong></span> <span class='ocrx_word' id='word_1_164' title='bbox 368 2143 447 2195; x_wconf 79' lang='lat' dir='ltr'><strong>Gaui.</strong></span> <span class='ocrx_word' id='word_1_165' title='bbox 461 2145 499 2207; x_wconf 89' lang='lat'><strong>11,</strong></span> <span class='ocrx_word' id='word_1_166' title='bbox 516 2144 559 2197; x_wconf 78' lang='lat'><strong>58.</strong></span> <span class='ocrx_word' id='word_1_167' title='bbox 572 2146 637 2208; x_wconf 86' lang='lat' dir='ltr'><strong>Vll,</strong></span> <span class='ocrx_word' id='word_1_168' title='bbox 649 2145 684 2196; x_wconf 75' lang='grc'><strong>89</strong></span> <span class='ocrx_word' id='word_1_169' title='bbox 736 2140 857 2206; x_wconf 60' lang='lat' dir='ltr'><strong>mamad</strong></span> <span class='ocrx_word' id='word_1_170' title='bbox 875 2144 1023 2208; x_wconf 75' lang='lat' dir='ltr'><strong>marginem</strong></span> <span class='ocrx_word' id='word_1_171' title='bbox 1047 2141 1111 2192; x_wconf 92' lang='lat' dir='ltr'><strong>olim</strong></span> <span class='ocrx_word' id='word_1_172' title='bbox 1129 2141 1214 2190; x_wconf 87' lang='lat' dir='ltr'><strong>inisse</strong></span> <span class='ocrx_word' id='word_1_173' title='bbox 1231 2140 1278 2192; x_wconf 90' lang='lat' dir='ltr'><strong>ad·</strong></span> 
     </span>
     <span class='ocr_line' id='line_1_20' title="bbox 144 2209 1277 2279; baseline -0.003 -14"><span class='ocrx_word' id='word_1_174' title='bbox 144 2219 171 2265; x_wconf 91' lang='lat' dir='ltr'><strong>et</strong></span> <span class='ocrx_word' id='word_1_175' title='bbox 188 2213 302 2266; x_wconf 87' lang='lat' dir='ltr'><strong>Rennel.</strong></span> <span class='ocrx_word' id='word_1_176' title='bbox 322 2213 340 2265; x_wconf 94' lang='lat' dir='ltr'><strong>l.</strong></span> <span class='ocrx_word' id='word_1_177' title='bbox 359 2213 378 2265; x_wconf 93' lang='lat' dir='ltr'><strong>l.</strong></span> <span class='ocrx_word' id='word_1_178' title='bbox 397 2229 424 2279; x_wconf 87' lang='lat' dir='ltr'><strong>p.</strong></span> <span class='ocrx_word' id='word_1_179' title='bbox 444 2214 505 2266; x_wconf 82' lang='grc'><strong>486.</strong></span> <span class='ocrx_word' id='word_1_180' title='bbox 735 2213 838 2276; x_wconf 87' lang='lat' dir='ltr'><strong>scripta</strong></span> <span class='ocrx_word' id='word_1_181' title='bbox 847 2228 880 2263; x_wconf 88' lang='lat' dir='ltr'><strong>ac</strong></span> <span class='ocrx_word' id='word_1_182' title='bbox 890 2212 1001 2276; x_wconf 86' lang='lat' dir='ltr'><strong>deinde,</strong></span> <span class='ocrx_word' id='word_1_183' title='bbox 1013 2216 1043 2263; x_wconf 90' lang='lat' dir='ltr'><strong>nt</strong></span> <span class='ocrx_word' id='word_1_184' title='bbox 1057 2211 1116 2262; x_wconf 87' lang='lat' dir='ltr'><strong>fleri</strong></span> <span class='ocrx_word' id='word_1_185' title='bbox 1129 2209 1208 2272; x_wconf 89' lang='lat' dir='ltr'><strong>solet,</strong></span> <span class='ocrx_word' id='word_1_186' title='bbox 1221 2216 1277 2262; x_wconf 88' lang='lat' dir='ltr'><strong>tox-</strong></span> 
     </span>
     <span class='ocr_line' id='line_1_21' title="bbox 735 2280 1352 2362; baseline 0 -30"><span class='ocrx_word' id='word_1_187' title='bbox 735 2283 775 2332; x_wconf 91' lang='lat' dir='ltr'><strong>tui</strong></span> <span class='ocrx_word' id='word_1_188' title='bbox 792 2283 905 2334; x_wconf 91' lang='lat' dir='ltr'><strong>inserta.</strong></span> <span class='ocrx_word' id='word_1_189' title='bbox 917 2282 999 2362; x_wconf 56' lang='lat' dir='ltr'><strong>,Inde</strong></span> <span class='ocrx_word' id='word_1_190' title='bbox 1017 2287 1045 2332; x_wconf 90' lang='lat' dir='ltr'><strong>et</strong></span> <span class='ocrx_word' id='word_1_191' title='bbox 1062 2280 1233 2362; x_wconf 29' lang='lat' dir='ltr'><strong>haecqver&#39;ba</strong></span> <span class='ocrx_word' id='word_1_192' title='bbox 1250 2286 1277 2332; x_wconf 87' lang='lat' dir='ltr'><strong>ct</strong></span> <span class='ocrx_word' id='word_1_193' title='bbox 1341 2284 1352 2306; x_wconf 82' lang='lat'>&#39;</span> 
     </span>
     <span class='ocr_line' id='line_1_22' title="bbox 315 2348 1277 2486; baseline 0 -12"><span class='ocrx_word' id='word_1_194' title='bbox 315 2388 380 2440; x_wconf 60' lang='grc' dir='ltr'><strong>ὒν·</strong></span> <span class='ocrx_word' id='word_1_195' title='bbox 402 2387 510 2440; x_wconf 62' lang='grc' dir='ltr'><strong>ΟΜ·</strong></span> <span class='ocrx_word' id='word_1_196' title='bbox 567 2437 572 2444; x_wconf 92' lang='grc'>-</span> <span class='ocrx_word' id='word_1_197' title='bbox 733 2353 947 2474; x_wconf 59' lang='grc' dir='ltr'><strong>Ξίἶῗῗῗζῖιῖἒῑῖ</strong></span> <span class='ocrx_word' id='word_1_198' title='bbox 960 2348 1277 2486; x_wconf 62' lang='lat' dir='ltr'><strong>tttttltlltt&#39;l</strong></span> 
     </span>
     <span class='ocr_line' id='line_1_23' title="bbox 177 2483 1276 2559; baseline 0 -17"><span class='ocrx_word' id='word_1_199' title='bbox 177 2485 258 2542; x_wconf 80' lang='grc' dir='ltr'><strong><em>Κατὰ</em></strong></span> <span class='ocrx_word' id='word_1_200' title='bbox 271 2490 359 2542; x_wconf 80' lang='grc' dir='ltr'><strong><em>ταῦτα</em></strong></span> <span class='ocrx_word' id='word_1_201' title='bbox 375 2485 406 2542; x_wconf 74' lang='grc' dir='ltr'><strong>δέ</strong></span> <span class='ocrx_word' id='word_1_202' title='bbox 424 2483 458 2542; x_wconf 78' lang='grc' dir='ltr'><strong>τὰ</strong></span> <span class='ocrx_word' id='word_1_203' title='bbox 476 2487 544 2542; x_wconf 74' lang='grc' dir='ltr'><strong><em>ἔπεα</em></strong></span> <span class='ocrx_word' id='word_1_204' title='bbox 565 2509 590 2544; x_wconf 83' lang='grc' dir='ltr'><strong>κ,</strong></span> <span class='ocrx_word' id='word_1_205' title='bbox 606 2509 629 2543; x_wconf 84' lang='lat' dir='ltr'><strong>s.</strong></span> <span class='ocrx_word' id='word_1_206' title='bbox 646 2493 682 2559; x_wconf 68' lang='lat' dir='ltr'><strong>t]</strong></span> <span class='ocrx_word' id='word_1_207' title='bbox 734 2494 835 2559; x_wconf 84' lang='lat' dir='ltr'><strong>spuria.</strong></span> <span class='ocrx_word' id='word_1_208' title='bbox 851 2493 966 2544; x_wconf 89' lang='lat' dir='ltr'><strong>Locutio</strong></span> <span class='ocrx_word' id='word_1_209' title='bbox 978 2487 1030 2542; x_wconf 79' lang='lat' dir='ltr'><strong>cria</strong></span> <span class='ocrx_word' id='word_1_210' title='bbox 1042 2484 1142 2558; x_wconf 79' lang='grc' dir='ltr'><strong><em>ἥκιστα</em></strong></span> <span class='ocrx_word' id='word_1_211' title='bbox 1150 2483 1276 2556; x_wconf 75' lang='grc' dir='ltr'><strong><em>ἇίλάμοὶ-</em></strong></span> 
     </span>
     <span class='ocr_line' id='line_1_24' title="bbox 142 2559 1277 2630; baseline -0.001 -16"><span class='ocrx_word' id='word_1_212' title='bbox 142 2563 221 2627; x_wconf 81' lang='lat' dir='ltr'><strong>Quod</strong></span> <span class='ocrx_word' id='word_1_213' title='bbox 243 2564 271 2614; x_wconf 90' lang='lat' dir='ltr'><strong>in</strong></span> <span class='ocrx_word' id='word_1_214' title='bbox 289 2579 366 2630; x_wconf 88' lang='lat' dir='ltr'><strong>seqq.</strong></span> <span class='ocrx_word' id='word_1_215' title='bbox 390 2579 440 2628; x_wconf 89' lang='lat' dir='ltr'><strong>pro</strong></span> <span class='ocrx_word' id='word_1_216' title='bbox 465 2559 552 2627; x_wconf 71' lang='grc' dir='ltr'><strong><em>δηλοῖ</em></strong></span> <span class='ocrx_word' id='word_1_217' title='bbox 567 2563 684 2615; x_wconf 84' lang='lat' dir='ltr'><strong>Valcke-</strong></span> <span class='ocrx_word' id='word_1_218' title='bbox 733 2563 813 2614; x_wconf 76' lang='grc' dir='ltr'><strong><em>λιστα</em></strong></span> <span class='ocrx_word' id='word_1_219' title='bbox 830 2563 967 2613; x_wconf 85' lang='lat' dir='ltr'><strong>iuvenitur</strong></span> <span class='ocrx_word' id='word_1_220' title='bbox 985 2579 1093 2630; x_wconf 88' lang='lat' dir='ltr'><strong>quoque</strong></span> <span class='ocrx_word' id='word_1_221' title='bbox 1113 2562 1150 2624; x_wconf 93' lang='lat' dir='ltr'><strong>II,</strong></span> <span class='ocrx_word' id='word_1_222' title='bbox 1164 2563 1208 2624; x_wconf 86' lang='lat'><strong>43,</strong></span> <span class='ocrx_word' id='word_1_223' title='bbox 1226 2579 1277 2613; x_wconf 89' lang='lat' dir='ltr'><strong>nec</strong></span> 
     </span>
     <span class='ocr_line' id='line_1_25' title="bbox 141 2630 1275 2699; baseline -0.003 -15"><span class='ocrx_word' id='word_1_224' title='bbox 141 2635 233 2684; x_wconf 82' lang='lat' dir='ltr'><strong>uarius</strong></span> <span class='ocrx_word' id='word_1_225' title='bbox 263 2635 380 2684; x_wconf 89' lang='lat' dir='ltr'><strong>coniecit</strong></span> <span class='ocrx_word' id='word_1_226' title='bbox 408 2630 510 2698; x_wconf 77' lang='grc' dir='ltr'><strong>δῆλον,</strong></span> <span class='ocrx_word' id='word_1_227' title='bbox 545 2639 683 2699; x_wconf 86' lang='lat' dir='ltr'><strong>receptum</strong></span> <span class='ocrx_word' id='word_1_228' title='bbox 734 2635 792 2683; x_wconf 87' lang='lat' dir='ltr'><strong>eine</strong></span> <span class='ocrx_word' id='word_1_229' title='bbox 811 2633 927 2698; x_wconf 88' lang='lat' dir='ltr'><strong>quadam</strong></span> <span class='ocrx_word' id='word_1_230' title='bbox 947 2633 974 2682; x_wconf 87' lang='lat' dir='ltr'><strong>ri</strong></span> <span class='ocrx_word' id='word_1_231' title='bbox 992 2633 1020 2684; x_wconf 90' lang='lat' dir='ltr'><strong>h.</strong></span> <span class='ocrx_word' id='word_1_232' title='bbox 1039 2633 1057 2684; x_wconf 95' lang='lat' dir='ltr'><strong>l.</strong></span> <span class='ocrx_word' id='word_1_233' title='bbox 1078 2632 1141 2698; x_wconf 92' lang='lat' dir='ltr'><strong>poni</strong></span> <span class='ocrx_word' id='word_1_234' title='bbox 1159 2633 1275 2684; x_wconf 85' lang='lat' dir='ltr'><strong>videtur.</strong></span> 
     </span>
     <span class='ocr_line' id='line_1_26' title="bbox 141 2701 1278 2764; baseline -0.004 -10"><span class='ocrx_word' id='word_1_235' title='bbox 141 2704 204 2754; x_wconf 88' lang='lat' dir='ltr'><strong>dein</strong></span> <span class='ocrx_word' id='word_1_236' title='bbox 227 2719 244 2753; x_wconf 89' lang='lat' dir='ltr'><strong>a</strong></span> <span class='ocrx_word' id='word_1_237' title='bbox 267 2703 433 2764; x_wconf 84' lang='lat' dir='ltr'><strong>Borheckio‚</strong></span> <span class='ocrx_word' id='word_1_238' title='bbox 457 2703 551 2754; x_wconf 83' lang='lat' dir='ltr'><strong>Reinio</strong></span> <span class='ocrx_word' id='word_1_239' title='bbox 573 2709 601 2755; x_wconf 90' lang='lat' dir='ltr'><strong>ct</strong></span> <span class='ocrx_word' id='word_1_240' title='bbox 618 2705 683 2754; x_wconf 91' lang='lat' dir='ltr'><strong>Diu·</strong></span> <span class='ocrx_word' id='word_1_241' title='bbox 733 2704 816 2754; x_wconf 88' lang='lat' dir='ltr'><strong>Redit</strong></span> <span class='ocrx_word' id='word_1_242' title='bbox 838 2709 927 2753; x_wconf 90' lang='lat' dir='ltr'><strong>autem</strong></span> <span class='ocrx_word' id='word_1_243' title='bbox 950 2719 981 2753; x_wconf 90' lang='lat' dir='ltr'><strong>eo</strong></span> <span class='ocrx_word' id='word_1_244' title='bbox 1004 2704 1061 2754; x_wconf 83' lang='lat' dir='ltr'><strong>lere</strong></span> <span class='ocrx_word' id='word_1_245' title='bbox 1079 2701 1212 2753; x_wconf 80' lang='lat' dir='ltr'><strong>Herodoti</strong></span> <span class='ocrx_word' id='word_1_246' title='bbox 1236 2718 1278 2751; x_wconf 90' lang='lat' dir='ltr'><strong>ar-</strong></span> 
     </span>
     <span class='ocr_line' id='line_1_27' title="bbox 141 2771 1276 2838; baseline -0.001 -14"><span class='ocrx_word' id='word_1_247' title='bbox 141 2773 240 2834; x_wconf 87' lang='lat' dir='ltr'><strong>dorfio,</strong></span> <span class='ocrx_word' id='word_1_248' title='bbox 261 2788 293 2823; x_wconf 91' lang='lat' dir='ltr'><strong>eo</strong></span> <span class='ocrx_word' id='word_1_249' title='bbox 311 2774 419 2823; x_wconf 88' lang='lat' dir='ltr'><strong>minime</strong></span> <span class='ocrx_word' id='word_1_250' title='bbox 433 2788 510 2836; x_wconf 90' lang='lat' dir='ltr'><strong>opus,</strong></span> <span class='ocrx_word' id='word_1_251' title='bbox 528 2773 605 2823; x_wconf 89' lang='lat' dir='ltr'><strong>libris</strong></span> <span class='ocrx_word' id='word_1_252' title='bbox 619 2774 684 2824; x_wconf 89' lang='lat' dir='ltr'><strong>scri·</strong></span> <span class='ocrx_word' id='word_1_253' title='bbox 734 2778 904 2838; x_wconf 78' lang='lat' dir='ltr'><strong>gumentum:</strong></span> <span class='ocrx_word' id='word_1_254' title='bbox 936 2773 1008 2838; x_wconf 89' lang='lat' dir='ltr'><strong>quod</strong></span> <span class='ocrx_word' id='word_1_255' title='bbox 1031 2773 1104 2836; x_wconf 89' lang='lat' dir='ltr'><strong>apud</strong></span> <span class='ocrx_word' id='word_1_256' title='bbox 1129 2771 1276 2823; x_wconf 84' lang='lat' dir='ltr'><strong>Homerum</strong></span> 
     </span>
     <span class='ocr_line' id='line_1_28' title="bbox 142 2841 1276 2908; baseline -0.003 -14"><span class='ocrx_word' id='word_1_257' title='bbox 142 2845 196 2908; x_wconf 91' lang='lat' dir='ltr'><strong>ptis</strong></span> <span class='ocrx_word' id='word_1_258' title='bbox 214 2844 373 2908; x_wconf 84' lang='lat' dir='ltr'><strong>praesertim</strong></span> <span class='ocrx_word' id='word_1_259' title='bbox 392 2842 603 2906; x_wconf 80' lang='lat' dir='ltr'><strong>refragantibus,</strong></span> <span class='ocrx_word' id='word_1_260' title='bbox 622 2858 683 2892; x_wconf 91' lang='lat' dir='ltr'><strong>cum</strong></span> <span class='ocrx_word' id='word_1_261' title='bbox 734 2843 852 2907; x_wconf 82' lang='lat' dir='ltr'><strong>vestigia</strong></span> <span class='ocrx_word' id='word_1_262' title='bbox 870 2857 988 2892; x_wconf 89' lang='lat' dir='ltr'><strong>errorum</strong></span> <span class='ocrx_word' id='word_1_263' title='bbox 1003 2841 1111 2891; x_wconf 88' lang='lat' dir='ltr'><strong>Paridis</strong></span> <span class='ocrx_word' id='word_1_264' title='bbox 1135 2841 1276 2891; x_wconf 83' lang='lat' dir='ltr'><strong>inveniun-</strong></span> 
     </span>
     <span class='ocr_line' id='line_1_29' title="bbox 141 2909 1275 2977; baseline 0.002 -19"><span class='ocrx_word' id='word_1_265' title='bbox 141 2910 228 2975; x_wconf 66' lang='grc' dir='ltr'><strong><em>δηλοῖ</em></strong></span> <span class='ocrx_word' id='word_1_266' title='bbox 238 2912 411 2962; x_wconf 72' lang='lat' dir='ltr'><strong>intransitive</strong></span> <span class='ocrx_word' id='word_1_267' title='bbox 427 2911 684 2976; x_wconf 86' lang='lat' dir='ltr'><strong>et·impersonaliter</strong></span> <span class='ocrx_word' id='word_1_268' title='bbox 735 2916 779 2961; x_wconf 87' lang='lat' dir='ltr'><strong>tur</strong></span> <span class='ocrx_word' id='word_1_269' title='bbox 791 2911 871 2976; x_wconf 87' lang='lat' dir='ltr'><strong>(quae</strong></span> <span class='ocrx_word' id='word_1_270' title='bbox 886 2913 946 2977; x_wconf 86' lang='lat' dir='ltr'><strong>ipsa</strong></span> <span class='ocrx_word' id='word_1_271' title='bbox 959 2911 1026 2961; x_wconf 88' lang='lat' dir='ltr'><strong>satis</strong></span> <span class='ocrx_word' id='word_1_272' title='bbox 1039 2909 1196 2972; x_wconf 72' lang='lat' dir='ltr'><strong>declarent,</strong></span> <span class='ocrx_word' id='word_1_273' title='bbox 1213 2926 1275 2975; x_wconf 89' lang='lat' dir='ltr'><strong>poe·</strong></span> 
     </span>
     <span class='ocr_line' id='line_1_30' title="bbox 140 2979 1275 3046; baseline -0.002 -15"><span class='ocrx_word' id='word_1_274' title='bbox 140 2982 223 3032; x_wconf 85' lang='lat' dir='ltr'><strong>liceat</strong></span> <span class='ocrx_word' id='word_1_275' title='bbox 233 2981 370 3046; x_wconf 87' lang='lat' dir='ltr'><strong>accipere:</strong></span> <span class='ocrx_word' id='word_1_276' title='bbox 393 2988 512 3045; x_wconf 80' lang='lat' dir='ltr'><strong>apparet,</strong></span> <span class='ocrx_word' id='word_1_277' title='bbox 526 2983 684 3046; x_wconf 78' lang='lat' dir='ltr'><strong>perspiciens</strong></span> <span class='ocrx_word' id='word_1_278' title='bbox 734 2985 790 3030; x_wconf 91' lang='lat' dir='ltr'><strong>tam</strong></span> <span class='ocrx_word' id='word_1_279' title='bbox 806 2981 884 3046; x_wconf 86' lang='lat' dir='ltr'><strong>plura</strong></span> <span class='ocrx_word' id='word_1_280' title='bbox 902 2981 935 3032; x_wconf 86' lang='lat' dir='ltr'><strong>do</strong></span> <span class='ocrx_word' id='word_1_281' title='bbox 947 2981 989 3030; x_wconf 87' lang='lat' dir='ltr'><strong>hie</strong></span> <span class='ocrx_word' id='word_1_282' title='bbox 1005 2979 1175 3045; x_wconf 82' lang='lat' dir='ltr'><strong>cognovisse,</strong></span> <span class='ocrx_word' id='word_1_283' title='bbox 1195 2995 1275 3044; x_wconf 86' lang='lat' dir='ltr'><strong>quarn</strong></span> 
     </span>
     <span class='ocr_line' id='line_1_31' title="bbox 142 3047 1274 3116; baseline -0.002 -15"><span class='ocrx_word' id='word_1_284' title='bbox 142 3058 192 3114; x_wconf 82' lang='lat' dir='ltr'><strong>eet,</strong></span> <span class='ocrx_word' id='word_1_285' title='bbox 212 3055 243 3100; x_wconf 91' lang='lat' dir='ltr'><strong>ut</strong></span> <span class='ocrx_word' id='word_1_286' title='bbox 261 3051 314 3112; x_wconf 85' lang='lat' dir='ltr'><strong>IX,</strong></span> <span class='ocrx_word' id='word_1_287' title='bbox 338 3050 372 3101; x_wconf 85' lang='grc'><strong>68</strong></span> <span class='ocrx_word' id='word_1_288' title='bbox 391 3055 418 3100; x_wconf 88' lang='lat' dir='ltr'><strong>et</strong></span> <span class='ocrx_word' id='word_1_289' title='bbox 436 3049 515 3112; x_wconf 86' lang='lat' dir='ltr'><strong>alibi,</strong></span> <span class='ocrx_word' id='word_1_290' title='bbox 538 3057 611 3101; x_wconf 85' lang='lat' dir='ltr'><strong>recte</strong></span> <span class='ocrx_word' id='word_1_291' title='bbox 629 3067 684 3102; x_wconf 88' lang='lat' dir='ltr'><strong>mo·</strong></span> <span class='ocrx_word' id='word_1_292' title='bbox 734 3065 803 3115; x_wconf 84' lang='lat' dir='ltr'><strong>quae</strong></span> <span class='ocrx_word' id='word_1_293' title='bbox 825 3051 932 3116; x_wconf 89' lang='lat' dir='ltr'><strong>inipso</strong></span> <span class='ocrx_word' id='word_1_294' title='bbox 953 3051 1071 3100; x_wconf 75' lang='lat' dir='ltr'><strong>carmine</strong></span> <span class='ocrx_word' id='word_1_295' title='bbox 1091 3047 1274 3113; x_wconf 83' lang='lat' dir='ltr'><strong>indicaverit),</strong></span> 
     </span>
     <span class='ocr_line' id='line_1_32' title="bbox 141 3119 1275 3187; baseline 0 -17"><span class='ocrx_word' id='word_1_296' title='bbox 141 3124 222 3171; x_wconf 91' lang='lat' dir='ltr'><strong>nente</strong></span> <span class='ocrx_word' id='word_1_297' title='bbox 251 3119 516 3184; x_wconf 80' lang='lat' dir='ltr'><strong>Schweighaeusero.</strong></span> <span class='ocrx_word' id='word_1_298' title='bbox 565 3121 682 3172; x_wconf 79' lang='lat' dir='ltr'><strong>Gravius</strong></span> <span class='ocrx_word' id='word_1_299' title='bbox 734 3119 797 3170; x_wconf 83' lang='lat' dir='ltr'><strong>inde</strong></span> <span class='ocrx_word' id='word_1_300' title='bbox 817 3119 910 3186; x_wconf 81' lang='lat' dir='ltr'><strong>colligi</strong></span> <span class='ocrx_word' id='word_1_301' title='bbox 928 3121 1040 3187; x_wconf 87' lang='lat' dir='ltr'><strong>poterit,</strong></span> <span class='ocrx_word' id='word_1_302' title='bbox 1063 3121 1209 3170; x_wconf 86' lang='lat' dir='ltr'><strong>Homerum</strong></span> <span class='ocrx_word' id='word_1_303' title='bbox 1228 3134 1275 3170; x_wconf 85' lang='lat' dir='ltr'><strong>au-</strong></span> 
     </span>
     <span class='ocr_line' id='line_1_33' title="bbox 141 3186 1275 3256; baseline 0 -16"><span class='ocrx_word' id='word_1_304' title='bbox 141 3189 208 3240; x_wconf 93' lang='lat' dir='ltr'><strong>illud</strong></span> <span class='ocrx_word' id='word_1_305' title='bbox 234 3195 289 3254; x_wconf 87' lang='lat' dir='ltr'><strong>est,</strong></span> <span class='ocrx_word' id='word_1_306' title='bbox 315 3189 387 3256; x_wconf 89' lang='lat' dir='ltr'><strong>quod</strong></span> <span class='ocrx_word' id='word_1_307' title='bbox 410 3186 517 3253; x_wconf 79' lang='grc' dir='ltr'><strong><em>χωρίον</em></strong></span> <span class='ocrx_word' id='word_1_308' title='bbox 541 3205 571 3240; x_wconf 88' lang='lat' dir='ltr'><strong>co</strong></span> <span class='ocrx_word' id='word_1_309' title='bbox 591 3205 681 3254; x_wconf 88' lang='lat' dir='ltr'><strong>sensu,</strong></span> <span class='ocrx_word' id='word_1_310' title='bbox 734 3194 835 3242; x_wconf 87' lang='lat' dir='ltr'><strong>ctorem</strong></span> <span class='ocrx_word' id='word_1_311' title='bbox 853 3206 908 3240; x_wconf 92' lang='lat' dir='ltr'><strong>non</strong></span> <span class='ocrx_word' id='word_1_312' title='bbox 926 3206 984 3241; x_wconf 86' lang='lat' dir='ltr'><strong>esse</strong></span> <span class='ocrx_word' id='word_1_313' title='bbox 1004 3190 1150 3240; x_wconf 75' lang='lat' dir='ltr'><strong>carminum</strong></span> <span class='ocrx_word' id='word_1_314' title='bbox 1163 3189 1275 3255; x_wconf 83' lang='lat' dir='ltr'><strong>Cyprio-</strong></span> 
     </span>
     <span class='ocr_line' id='line_1_34' title="bbox 141 3259 1274 3327; baseline -0.001 -16"><span class='ocrx_word' id='word_1_315' title='bbox 141 3277 195 3327; x_wconf 88' lang='lat' dir='ltr'><strong>quo</strong></span> <span class='ocrx_word' id='word_1_316' title='bbox 212 3259 257 3310; x_wconf 88' lang='lat' dir='ltr'><strong>hic</strong></span> <span class='ocrx_word' id='word_1_317' title='bbox 282 3261 314 3310; x_wconf 85' lang='lat' dir='ltr'><strong>de</strong></span> <span class='ocrx_word' id='word_1_318' title='bbox 336 3261 390 3309; x_wconf 85' lang='lat' dir='ltr'><strong>loco</strong></span> <span class='ocrx_word' id='word_1_319' title='bbox 411 3261 544 3321; x_wconf 73' lang='lat' dir='ltr'><strong>scriptoris</strong></span> <span class='ocrx_word' id='word_1_320' title='bbox 566 3259 681 3324; x_wconf 85' lang='lat' dir='ltr'><strong>dicatur,</strong></span> <span class='ocrx_word' id='word_1_321' title='bbox 734 3275 806 3324; x_wconf 87' lang='lat' dir='ltr'><strong>rum,</strong></span> <span class='ocrx_word' id='word_1_322' title='bbox 833 3261 929 3326; x_wconf 85' lang='lat' dir='ltr'><strong>quibua</strong></span> <span class='ocrx_word' id='word_1_323' title='bbox 953 3260 1031 3310; x_wconf 86' lang='lat' dir='ltr'><strong>Paris</strong></span> <span class='ocrx_word' id='word_1_324' title='bbox 1058 3261 1149 3310; x_wconf 84' lang='lat' dir='ltr'><strong>lausto</strong></span> <span class='ocrx_word' id='word_1_325' title='bbox 1177 3261 1274 3310; x_wconf 87' lang='lat' dir='ltr'><strong>itinere</strong></span> 
     </span>
     <span class='ocr_line' id='line_1_35' title="bbox 141 3328 1274 3396; baseline 0.001 -16"><span class='ocrx_word' id='word_1_326' title='bbox 141 3331 187 3380; x_wconf 89' lang='lat' dir='ltr'><strong>vix</strong></span> <span class='ocrx_word' id='word_1_327' title='bbox 205 3330 278 3395; x_wconf 88' lang='lat' dir='ltr'><strong>apud</strong></span> <span class='ocrx_word' id='word_1_328' title='bbox 296 3328 379 3379; x_wconf 87' lang='lat' dir='ltr'><strong>ullum</strong></span> <span class='ocrx_word' id='word_1_329' title='bbox 393 3329 490 3394; x_wconf 83' lang='lat' dir='ltr'><strong>prioris</strong></span> <span class='ocrx_word' id='word_1_330' title='bbox 503 3331 603 3380; x_wconf 85' lang='lat' dir='ltr'><strong>aetatis</strong></span> <span class='ocrx_word' id='word_1_331' title='bbox 616 3332 682 3381; x_wconf 90' lang='lat' dir='ltr'><strong>scri-</strong></span> <span class='ocrx_word' id='word_1_332' title='bbox 733 3330 789 3380; x_wconf 88' lang='lat' dir='ltr'><strong>iam</strong></span> <span class='ocrx_word' id='word_1_333' title='bbox 801 3331 882 3381; x_wconf 91' lang='lat' dir='ltr'><strong>tertio</strong></span> <span class='ocrx_word' id='word_1_334' title='bbox 899 3331 943 3381; x_wconf 92' lang='lat' dir='ltr'><strong>die</strong></span> <span class='ocrx_word' id='word_1_335' title='bbox 954 3331 982 3380; x_wconf 91' lang='lat' dir='ltr'><strong>iu</strong></span> <span class='ocrx_word' id='word_1_336' title='bbox 999 3330 1114 3396; x_wconf 85' lang='lat' dir='ltr'><strong>patriam</strong></span> <span class='ocrx_word' id='word_1_337' title='bbox 1129 3331 1274 3382; x_wconf 74' lang='lat' dir='ltr'><strong>revertisse</strong></span> 
     </span>
     <span class='ocr_line' id='line_1_36' title="bbox 141 3397 1274 3467; baseline -0.001 -15"><span class='ocrx_word' id='word_1_338' title='bbox 141 3397 245 3467; x_wconf 87' lang='lat' dir='ltr'><strong>ptorem</strong></span> <span class='ocrx_word' id='word_1_339' title='bbox 263 3399 378 3450; x_wconf 83' lang='lat' dir='ltr'><strong>inveniri</strong></span> <span class='ocrx_word' id='word_1_340' title='bbox 396 3398 466 3449; x_wconf 90' lang='lat' dir='ltr'><strong>idem</strong></span> <span class='ocrx_word' id='word_1_341' title='bbox 483 3398 681 3453; x_wconf 83' lang='lat' dir='ltr'><strong>Valckenarius</strong></span> <span class='ocrx_word' id='word_1_342' title='bbox 733 3401 901 3452; x_wconf 74' lang='lat' dir='ltr'><strong>tradebatur.</strong></span> <span class='ocrx_word' id='word_1_343' title='bbox 916 3401 992 3463; x_wconf 78' lang='lat' dir='ltr'><strong>Quae</strong></span> <span class='ocrx_word' id='word_1_344' title='bbox 1004 3401 1203 3466; x_wconf 79' lang='lat' dir='ltr'><strong>argumentatio</strong></span> <span class='ocrx_word' id='word_1_345' title='bbox 1216 3417 1274 3465; x_wconf 88' lang='lat' dir='ltr'><strong>ape·</strong></span> 
     </span>
     <span class='ocr_line' id='line_1_37' title="bbox 141 3469 1275 3536; baseline -0.002 -14"><span class='ocrx_word' id='word_1_346' title='bbox 141 3475 240 3522; x_wconf 89' lang='lat' dir='ltr'><strong>monet.</strong></span> <span class='ocrx_word' id='word_1_347' title='bbox 278 3469 331 3531; x_wconf 81' lang='lat' dir='ltr'><strong>Qui</strong></span> <span class='ocrx_word' id='word_1_348' title='bbox 348 3473 438 3518; x_wconf 88' lang='lat' dir='ltr'><strong>autem</strong></span> <span class='ocrx_word' id='word_1_349' title='bbox 457 3473 551 3520; x_wconf 90' lang='lat' dir='ltr'><strong>contra</strong></span> <span class='ocrx_word' id='word_1_350' title='bbox 569 3469 682 3521; x_wconf 80' lang='lat' dir='ltr'><strong>afferun-</strong></span> <span class='ocrx_word' id='word_1_351' title='bbox 732 3471 833 3522; x_wconf 89' lang='lat' dir='ltr'><strong>ciosior</strong></span> <span class='ocrx_word' id='word_1_352' title='bbox 856 3486 937 3536; x_wconf 85' lang='lat' dir='ltr'><strong>quam</strong></span> <span class='ocrx_word' id='word_1_353' title='bbox 960 3472 1051 3521; x_wconf 85' lang='lat' dir='ltr'><strong>verior</strong></span> <span class='ocrx_word' id='word_1_354' title='bbox 1073 3469 1180 3520; x_wconf 87' lang='lat' dir='ltr'><strong>ridetur</strong></span> <span class='ocrx_word' id='word_1_355' title='bbox 1201 3471 1275 3520; x_wconf 87' lang='lat' dir='ltr'><strong>Hen-</strong></span> 
     </span>
     <span class='ocr_line' id='line_1_38' title="bbox 140 3539 1274 3603; baseline -0.002 -11"><span class='ocrx_word' id='word_1_356' title='bbox 140 3547 185 3591; x_wconf 87' lang='lat' dir='ltr'><strong>tor</strong></span> <span class='ocrx_word' id='word_1_357' title='bbox 207 3539 274 3600; x_wconf 87' lang='lat' dir='ltr'><strong>loci,</strong></span> <span class='ocrx_word' id='word_1_358' title='bbox 301 3539 420 3603; x_wconf 82' lang='lat' dir='ltr'><strong>Lycurgi</strong></span> <span class='ocrx_word' id='word_1_359' title='bbox 442 3543 528 3588; x_wconf 89' lang='lat' dir='ltr'><strong>contr.</strong></span> <span class='ocrx_word' id='word_1_360' title='bbox 555 3541 681 3592; x_wconf 86' lang='lat' dir='ltr'><strong>Leocrat.</strong></span> <span class='ocrx_word' id='word_1_361' title='bbox 731 3540 876 3603; x_wconf 86' lang='lat' dir='ltr'><strong>richsenio,</strong></span> <span class='ocrx_word' id='word_1_362' title='bbox 895 3541 953 3591; x_wconf 85' lang='lat' dir='ltr'><strong>viro</strong></span> <span class='ocrx_word' id='word_1_363' title='bbox 973 3541 1063 3601; x_wconf 87' lang='lat' dir='ltr'><strong>docto,</strong></span> <span class='ocrx_word' id='word_1_364' title='bbox 1082 3539 1220 3592; x_wconf 85' lang='lat' dir='ltr'><strong>inComm.</strong></span> <span class='ocrx_word' id='word_1_365' title='bbox 1240 3540 1274 3590; x_wconf 90' lang='lat' dir='ltr'><strong>de</strong></span> 
     </span>
     <span class='ocr_line' id='line_1_39' title="bbox 140 3607 1272 3676; baseline -0.002 -15"><span class='ocrx_word' id='word_1_366' title='bbox 140 3611 165 3674; x_wconf 59' lang='grc' dir='ltr'><strong>ᾖ.</strong></span> <span class='ocrx_word' id='word_1_367' title='bbox 187 3609 228 3661; x_wconf 91' lang='grc'><strong>31.</strong></span> <span class='ocrx_word' id='word_1_368' title='bbox 247 3625 274 3674; x_wconf 87' lang='lat' dir='ltr'><strong>p.</strong></span> <span class='ocrx_word' id='word_1_369' title='bbox 294 3609 343 3659; x_wconf 77' lang='lat'><strong>152</strong></span> <span class='ocrx_word' id='word_1_370' title='bbox 363 3613 391 3658; x_wconf 92' lang='lat' dir='ltr'><strong>et</strong></span> <span class='ocrx_word' id='word_1_371' title='bbox 407 3607 517 3658; x_wconf 81' lang='lat' dir='ltr'><strong>Arriani</strong></span> <span class='ocrx_word' id='word_1_372' title='bbox 530 3609 559 3658; x_wconf 90' lang='lat' dir='ltr'><strong>iu</strong></span> <span class='ocrx_word' id='word_1_373' title='bbox 576 3611 680 3676; x_wconf 82' lang='lat' dir='ltr'><strong>Exped.</strong></span> <span class='ocrx_word' id='word_1_374' title='bbox 732 3609 1202 3676; x_wconf 75' lang='lat' dir='ltr'><strong>cermm.prr.Haru.1828pag.7</strong></span> <span class='ocrx_word' id='word_1_375' title='bbox 1215 3625 1272 3674; x_wconf 89' lang='lat' dir='ltr'><strong>seq.</strong></span> 
     </span>
     <span class='ocr_line' id='line_1_40' title="bbox 141 3677 1274 3746; baseline -0.003 -14"><span class='ocrx_word' id='word_1_376' title='bbox 141 3681 184 3732; x_wconf 80' lang='lat' dir='ltr'><strong>al.</strong></span> <span class='ocrx_word' id='word_1_377' title='bbox 202 3681 225 3742; x_wconf 92' lang='lat' dir='ltr'><strong>I,</strong></span> <span class='ocrx_word' id='word_1_378' title='bbox 245 3679 287 3741; x_wconf 74' lang='lat'><strong>1⁶2,</strong></span> <span class='ocrx_word' id='word_1_379' title='bbox 305 3681 335 3732; x_wconf 85' lang='lat'><strong>2.</strong></span> <span class='ocrx_word' id='word_1_380' title='bbox 353 3693 443 3729; x_wconf 89' lang='lat' dir='ltr'><strong>eorum</strong></span> <span class='ocrx_word' id='word_1_381' title='bbox 462 3677 544 3729; x_wconf 84' lang='lat' dir='ltr'><strong>aliam</strong></span> <span class='ocrx_word' id='word_1_382' title='bbox 561 3695 621 3732; x_wconf 86' lang='lat' dir='ltr'><strong>esse</strong></span> <span class='ocrx_word' id='word_1_383' title='bbox 639 3697 681 3732; x_wconf 89' lang='lat' dir='ltr'><strong>ra-</strong></span> <span class='ocrx_word' id='word_1_384' title='bbox 731 3681 864 3746; x_wconf 83' lang='lat' dir='ltr'><strong>Equidem</strong></span> <span class='ocrx_word' id='word_1_385' title='bbox 880 3682 919 3731; x_wconf 92' lang='lat' dir='ltr'><strong>nil</strong></span> <span class='ocrx_word' id='word_1_386' title='bbox 937 3682 1100 3740; x_wconf 69' lang='lat' dir='ltr'><strong>discernam</strong></span> <span class='ocrx_word' id='word_1_387' title='bbox 1125 3679 1176 3730; x_wconf 89' lang='lat' dir='ltr'><strong>hoc</strong></span> <span class='ocrx_word' id='word_1_388' title='bbox 1195 3679 1274 3730; x_wconf 88' lang='lat' dir='ltr'><strong>modo</strong></span> 
     </span>
     <span class='ocr_line' id='line_1_41' title="bbox 140 3748 1274 3815; baseline -0.004 -13"><span class='ocrx_word' id='word_1_389' title='bbox 140 3753 241 3802; x_wconf 87' lang='lat' dir='ltr'><strong>tionem</strong></span> <span class='ocrx_word' id='word_1_390' title='bbox 254 3748 388 3800; x_wconf 86' lang='lat' dir='ltr'><strong>existimo.</strong></span> <span class='ocrx_word' id='word_1_391' title='bbox 403 3749 462 3812; x_wconf 84' lang='lat' dir='ltr'><strong>Quo</strong></span> <span class='ocrx_word' id='word_1_392' title='bbox 473 3749 580 3799; x_wconf 87' lang='lat' dir='ltr'><strong>accedit</strong></span> <span class='ocrx_word' id='word_1_393' title='bbox 591 3751 682 3814; x_wconf 84' lang='lat' dir='ltr'><strong>etism,</strong></span> <span class='ocrx_word' id='word_1_394' title='bbox 734 3753 821 3801; x_wconf 82' lang='lat' dir='ltr'><strong>teneri</strong></span> <span class='ocrx_word' id='word_1_395' title='bbox 832 3751 922 3814; x_wconf 84' lang='lat' dir='ltr'><strong>velim,</strong></span> <span class='ocrx_word' id='word_1_396' title='bbox 934 3751 1109 3802; x_wconf 76' lang='lat' dir='ltr'><strong>Aristotelem</strong></span> <span class='ocrx_word' id='word_1_397' title='bbox 1121 3765 1228 3815; x_wconf 91' lang='lat' dir='ltr'><strong>quoque</strong></span> <span class='ocrx_word' id='word_1_398' title='bbox 1241 3765 1274 3799; x_wconf 83' lang='lat' dir='ltr'><strong>ex</strong></span> 
     </span>
     <span class='ocr_line' id='line_1_42' title="bbox 141 3810 1274 3887; baseline -0.003 -15"><span class='ocrx_word' id='word_1_399' title='bbox 141 3820 212 3887; x_wconf 89' lang='lat' dir='ltr'><strong>quod</strong></span> <span class='ocrx_word' id='word_1_400' title='bbox 234 3819 317 3870; x_wconf 85' lang='lat' dir='ltr'><strong>verba</strong></span> <span class='ocrx_word' id='word_1_401' title='bbox 337 3820 406 3870; x_wconf 84' lang='lat' dir='ltr'><strong>ista:</strong></span> <span class='ocrx_word' id='word_1_402' title='bbox 428 3813 476 3868; x_wconf 76' lang='grc' dir='ltr'><strong>καὶ</strong></span> <span class='ocrx_word' id='word_1_403' title='bbox 493 3810 559 3869; x_wconf 79' lang='grc' dir='ltr'><strong><em>τόδε</em></strong></span> <span class='ocrx_word' id='word_1_404' title='bbox 581 3812 613 3869; x_wconf 80' lang='grc' dir='ltr'><strong>τὸ</strong></span> <span class='ocrx_word' id='word_1_405' title='bbox 630 3835 683 3884; x_wconf 78' lang='grc' dir='ltr'><strong>χω-</strong></span> <span class='ocrx_word' id='word_1_406' title='bbox 733 3819 842 3872; x_wconf 81' lang='lat' dir='ltr'><strong>diversa</strong></span> <span class='ocrx_word' id='word_1_407' title='bbox 853 3822 1058 3872; x_wconf 84' lang='lat' dir='ltr'><strong>Homericomm</strong></span> <span class='ocrx_word' id='word_1_408' title='bbox 1075 3825 1104 3871; x_wconf 85' lang='lat' dir='ltr'><strong>et</strong></span> <span class='ocrx_word' id='word_1_409' title='bbox 1115 3819 1274 3885; x_wconf 80' lang='lat' dir='ltr'><strong>Cypriorum</strong></span> 
     </span>
     <span class='ocr_line' id='line_1_43' title="bbox 142 3888 1275 3954; baseline 0.003 -16"><span class='ocrx_word' id='word_1_410' title='bbox 142 3889 206 3952; x_wconf 81' lang='grc' dir='ltr'><strong><em>ρίου</em></strong></span> <span class='ocrx_word' id='word_1_411' title='bbox 224 3889 259 3939; x_wconf 90' lang='lat' dir='ltr'><strong>ad</strong></span> <span class='ocrx_word' id='word_1_412' title='bbox 280 3889 369 3940; x_wconf 89' lang='lat' dir='ltr'><strong>locum</strong></span> <span class='ocrx_word' id='word_1_413' title='bbox 393 3888 517 3954; x_wconf 88' lang='lat' dir='ltr'><strong>superius</strong></span> <span class='ocrx_word' id='word_1_414' title='bbox 540 3889 681 3941; x_wconf 83' lang='lat' dir='ltr'><strong>laudatum</strong></span> <span class='ocrx_word' id='word_1_415' title='bbox 733 3891 880 3940; x_wconf 85' lang='lat' dir='ltr'><strong>carminum</strong></span> <span class='ocrx_word' id='word_1_416' title='bbox 897 3891 990 3942; x_wconf 89' lang='lat' dir='ltr'><strong>indole</strong></span> <span class='ocrx_word' id='word_1_417' title='bbox 1000 3891 1137 3941; x_wconf 82' lang='lat' dir='ltr'><strong>diversum</strong></span> <span class='ocrx_word' id='word_1_418' title='bbox 1154 3895 1275 3941; x_wconf 85' lang='lat' dir='ltr'><strong>statuere</strong></span> 
     </span>
     <span class='ocr_line' id='line_1_44' title="bbox 141 3958 1274 4027; baseline 0.001 -17"><span class='ocrx_word' id='word_1_419' title='bbox 141 3975 174 4010; x_wconf 84' lang='lat' dir='ltr'><strong>ex</strong></span> <span class='ocrx_word' id='word_1_420' title='bbox 191 3958 292 4021; x_wconf 87' lang='lat' dir='ltr'><strong>Iliade,</strong></span> <span class='ocrx_word' id='word_1_421' title='bbox 310 3975 363 4024; x_wconf 85' lang='lat' dir='ltr'><strong>quo</strong></span> <span class='ocrx_word' id='word_1_422' title='bbox 377 3963 549 4021; x_wconf 83' lang='lat' dir='ltr'><strong>memoratur,</strong></span> <span class='ocrx_word' id='word_1_423' title='bbox 567 3959 682 4011; x_wconf 76' lang='lat' dir='ltr'><strong>Alexan·</strong></span> <span class='ocrx_word' id='word_1_424' title='bbox 733 3965 871 4010; x_wconf 86' lang='lat' dir='ltr'><strong>auctorem</strong></span> <span class='ocrx_word' id='word_1_425' title='bbox 898 3960 933 4010; x_wconf 91' lang='lat' dir='ltr'><strong>de</strong></span> <span class='ocrx_word' id='word_1_426' title='bbox 961 3965 1013 4011; x_wconf 86' lang='lat' dir='ltr'><strong>art.</strong></span> <span class='ocrx_word' id='word_1_427' title='bbox 1041 3964 1113 4026; x_wconf 89' lang='lat' dir='ltr'><strong>poet.</strong></span> <span class='ocrx_word' id='word_1_428' title='bbox 1145 3975 1205 4027; x_wconf 85' lang='lat' dir='ltr'><strong>cap.</strong></span> <span class='ocrx_word' id='word_1_429' title='bbox 1229 3959 1274 4012; x_wconf 76' lang='grc'><strong>23.</strong></span> 
     </span>
     <span class='ocr_line' id='line_1_45' title="bbox 140 4028 1275 4097; baseline 0.001 -19"><span class='ocrx_word' id='word_1_430' title='bbox 140 4028 216 4080; x_wconf 86' lang='lat' dir='ltr'><strong>dmm</strong></span> <span class='ocrx_word' id='word_1_431' title='bbox 229 4043 290 4079; x_wconf 91' lang='lat' dir='ltr'><strong>cum</strong></span> <span class='ocrx_word' id='word_1_432' title='bbox 301 4028 408 4079; x_wconf 87' lang='lat' dir='ltr'><strong>Helena</strong></span> <span class='ocrx_word' id='word_1_433' title='bbox 425 4043 473 4092; x_wconf 91' lang='lat' dir='ltr'><strong>per</strong></span> <span class='ocrx_word' id='word_1_434' title='bbox 487 4033 596 4078; x_wconf 84' lang='lat' dir='ltr'><strong>vastum</strong></span> <span class='ocrx_word' id='word_1_435' title='bbox 609 4046 681 4080; x_wconf 89' lang='lat' dir='ltr'><strong>mare</strong></span> <span class='ocrx_word' id='word_1_436' title='bbox 733 4029 781 4080; x_wconf 81' lang='lat' dir='ltr'><strong>Cr.</strong></span> <span class='ocrx_word' id='word_1_437' title='bbox 801 4030 836 4080; x_wconf 92' lang='lat' dir='ltr'><strong>ad</strong></span> <span class='ocrx_word' id='word_1_438' title='bbox 858 4035 1045 4095; x_wconf 85' lang='lat' dir='ltr'><strong>argumentum</strong></span> <span class='ocrx_word' id='word_1_439' title='bbox 1071 4030 1151 4080; x_wconf 88' lang='lat' dir='ltr'><strong>huius</strong></span> <span class='ocrx_word' id='word_1_440' title='bbox 1176 4031 1275 4097; x_wconf 83' lang='lat' dir='ltr'><strong>capitis</strong></span> 
     </span>
     <span class='ocr_line' id='line_1_46' title="bbox 139 4097 1273 4166; baseline 0.002 -18"><span class='ocrx_word' id='word_1_441' title='bbox 139 4103 286 4163; x_wconf 78' lang='lat' dir='ltr'><strong>vagantem</strong></span> <span class='ocrx_word' id='word_1_442' title='bbox 316 4099 351 4149; x_wconf 87' lang='lat' dir='ltr'><strong>ad</strong></span> <span class='ocrx_word' id='word_1_443' title='bbox 379 4097 506 4150; x_wconf 84' lang='lat' dir='ltr'><strong>Sidonem</strong></span> <span class='ocrx_word' id='word_1_444' title='bbox 535 4099 681 4163; x_wconf 85' lang='lat' dir='ltr'><strong>appulisse,</strong></span> <span class='ocrx_word' id='word_1_445' title='bbox 735 4099 852 4150; x_wconf 77' lang='lat' dir='ltr'><strong>conferri</strong></span> <span class='ocrx_word' id='word_1_446' title='bbox 864 4098 923 4150; x_wconf 76' lang='lat' dir='ltr'><strong>vult</strong></span> <span class='ocrx_word' id='word_1_447' title='bbox 936 4099 1089 4152; x_wconf 81' lang='lat' dir='ltr'><strong>Groddeclr.</strong></span> <span class='ocrx_word' id='word_1_448' title='bbox 1103 4101 1136 4151; x_wconf 86' lang='lat' dir='ltr'><strong>de</strong></span> <span class='ocrx_word' id='word_1_449' title='bbox 1150 4100 1273 4166; x_wconf 86' lang='lat' dir='ltr'><strong>hymnor.</strong></span> 
     </span>
     <span class='ocr_line' id='line_1_47' title="bbox 140 4166 1274 4235; baseline 0.003 -19"><span class='ocrx_word' id='word_1_450' title='bbox 140 4168 289 4232; x_wconf 61' lang='lat' dir='ltr'><strong>pertineam</strong></span> <span class='ocrx_word' id='word_1_451' title='bbox 309 4168 337 4218; x_wconf 87' lang='lat' dir='ltr'><strong>id</strong></span> <span class='ocrx_word' id='word_1_452' title='bbox 356 4167 427 4233; x_wconf 90' lang='lat' dir='ltr'><strong>quod</strong></span> <span class='ocrx_word' id='word_1_453' title='bbox 445 4166 537 4218; x_wconf 89' lang='lat' dir='ltr'><strong>durius</strong></span> <span class='ocrx_word' id='word_1_454' title='bbox 554 4173 627 4220; x_wconf 86' lang='lat' dir='ltr'><strong>certe</strong></span> <span class='ocrx_word' id='word_1_455' title='bbox 643 4170 682 4218; x_wconf 84' lang='lat' dir='ltr'><strong>vi·</strong></span> <span class='ocrx_word' id='word_1_456' title='bbox 734 4169 858 4220; x_wconf 87' lang='lat' dir='ltr'><strong>Homerr.</strong></span> <span class='ocrx_word' id='word_1_457' title='bbox 872 4167 994 4235; x_wconf 85' lang='lat' dir='ltr'><strong>reliquiis</strong></span> <span class='ocrx_word' id='word_1_458' title='bbox 1006 4185 1032 4234; x_wconf 89' lang='lat' dir='ltr'><strong>p.</strong></span> <span class='ocrx_word' id='word_1_459' title='bbox 1046 4171 1077 4221; x_wconf 75' lang='lat'><strong>41</strong></span> <span class='ocrx_word' id='word_1_460' title='bbox 1092 4175 1119 4220; x_wconf 87' lang='lat' dir='ltr'><strong>et</strong></span> <span class='ocrx_word' id='word_1_461' title='bbox 1131 4173 1179 4230; x_wconf 82' lang='lat'><strong>42,</strong></span> <span class='ocrx_word' id='word_1_462' title='bbox 1204 4171 1274 4219; x_wconf 84' lang='lat' dir='ltr'><strong>Hat-</strong></span> 
     </span>
     <span class='ocr_line' id='line_1_48' title="bbox 141 4236 1273 4304; baseline 0.003 -18"><span class='ocrx_word' id='word_1_463' title='bbox 141 4237 233 4296; x_wconf 85' lang='lat' dir='ltr'><strong>dstur,</strong></span> <span class='ocrx_word' id='word_1_464' title='bbox 267 4237 384 4302; x_wconf 84' lang='lat' dir='ltr'><strong>itemque</strong></span> <span class='ocrx_word' id='word_1_465' title='bbox 414 4252 469 4287; x_wconf 91' lang='lat' dir='ltr'><strong>uon</strong></span> <span class='ocrx_word' id='word_1_466' title='bbox 498 4239 681 4300; x_wconf 81' lang='lat' dir='ltr'><strong>necessarium</strong></span> <span class='ocrx_word' id='word_1_467' title='bbox 733 4236 1273 4304; x_wconf 74' lang='lat' dir='ltr'><strong>thiaeAnimadversaadhymmHomer.</strong></span> 
     </span>
     <span class='ocr_line' id='line_1_49' title="bbox 140 4299 926 4372; baseline 0.003 -18"><span class='ocrx_word' id='word_1_468' title='bbox 140 4309 202 4369; x_wconf 87' lang='lat' dir='ltr'><strong>pest</strong></span> <span class='ocrx_word' id='word_1_469' title='bbox 218 4305 302 4354; x_wconf 86' lang='lat' dir='ltr'><strong>verba</strong></span> <span class='ocrx_word' id='word_1_470' title='bbox 314 4305 504 4356; x_wconf 87' lang='lat' dir='ltr'><strong>antecedentia</strong></span> <span class='ocrx_word' id='word_1_471' title='bbox 513 4299 584 4355; x_wconf 78' lang='grc' dir='ltr'><strong><em>κατὰ</em></strong></span> <span class='ocrx_word' id='word_1_472' title='bbox 595 4306 682 4356; x_wconf 78' lang='grc' dir='ltr'><strong><em>ταῦτα</em></strong></span> <span class='ocrx_word' id='word_1_473' title='bbox 732 4321 796 4372; x_wconf 79' lang='lat' dir='ltr'><strong>pag.</strong></span> <span class='ocrx_word' id='word_1_474' title='bbox 816 4308 850 4358; x_wconf 83' lang='grc'><strong>68</strong></span> <span class='ocrx_word' id='word_1_475' title='bbox 869 4323 926 4372; x_wconf 87' lang='lat' dir='ltr'><strong>seq.</strong></span> 
     </span>
     <span class='ocr_line' id='line_1_50' title="bbox 140 4364 1275 4442; baseline 0.002 -17"><span class='ocrx_word' id='word_1_476' title='bbox 140 4366 173 4425; x_wconf 78' lang='grc' dir='ltr'><strong>δέ</strong></span> <span class='ocrx_word' id='word_1_477' title='bbox 184 4364 217 4422; x_wconf 77' lang='grc' dir='ltr'><strong>τὰ</strong></span> <span class='ocrx_word' id='word_1_478' title='bbox 231 4365 307 4432; x_wconf 66' lang='lat' dir='ltr'><strong>insa.</strong></span> <span class='ocrx_word' id='word_1_479' title='bbox 332 4375 447 4428; x_wconf 78' lang='lat' dir='ltr'><strong>codices</strong></span> <span class='ocrx_word' id='word_1_480' title='bbox 464 4380 492 4430; x_wconf 87' lang='lat' dir='ltr'><strong>et</strong></span> <span class='ocrx_word' id='word_1_481' title='bbox 509 4375 578 4428; x_wconf 86' lang='lat' dir='ltr'><strong>haec</strong></span> <span class='ocrx_word' id='word_1_482' title='bbox 596 4377 680 4429; x_wconf 82' lang='lat' dir='ltr'><strong>rerba</strong></span> <span class='ocrx_word' id='word_1_483' title='bbox 779 4366 1016 4442; x_wconf 76' lang='lat' dir='ltr'><strong>dstoda‘Opp&#39;pee</strong></span> <span class='ocrx_word' id='word_1_484' title='bbox 1034 4367 1069 4426; x_wconf 79' lang='grc' dir='ltr'><strong>τὰ</strong></span> <span class='ocrx_word' id='word_1_485' title='bbox 1079 4367 1195 4440; x_wconf 75' lang='grc' dir='ltr'><strong><em>Κύπρια</em></strong></span> <span class='ocrx_word' id='word_1_486' title='bbox 1206 4366 1275 4427; x_wconf 75' lang='grc' dir='ltr'><strong><em>ἔπεα</em></strong></span> 
     </span>
    </p>
   </div>
   <div class='ocr_carea' id='block_1_4' title="bbox 0 0 1520 4916">
    <p class='ocr_par' dir='ltr' id='par_1_9' title="bbox 0 0 1520 4916">
     <span class='ocr_line' id='line_1_51' title="bbox 0 0 1520 4916; baseline 0 1"><span class='ocrx_word' id='word_1_487' title='bbox 0 0 1520 4916; x_wconf 95' lang='lat' dir='ltr'><strong> </strong></span> 
     </span>
    </p>
   </div>
  </div>
 </body>
</html>
