3064 4940
634 277 761 342 CLIO.
783 281 809 342 Ι.
832 287 877 343 65.
1264 279 1323 342 139

190 461 238 526 ἔτι
253 452 418 543 πρότερον
435 451 636 524 τούτωνκαὶ
655 454 922 543 κακονομώτατοι
943 443 1030 544 ἦσαν
1049 451 1171 543 σχιιιόν
1188 455 1327 526 πάντων

186 555 372 647 Ἑλλήνων,
405 557 489 628 κατά
509 587 545 628 τε
570 560 675 646 σφέας
699 553 822 640 αὐτοὺς
849 559 905 627 και
931 561 1068 641 ξείνοισι
1094 555 1324 650 ἀπρόσμικτοι.

191 665 375 753 μετέβαλον
390 661 427 731 ιιι
441 651 507 732 ὦδε
524 666 557 744 ἐς
572 659 744 752 εὐνομίην.
771 661 989 753 Λυκούργου,
1004 666 1072 731 τοῖν
1085 667 1326 754 Σπαρτιητέων

192 773 334 856 δοκίμου
354 762 493 854 ἀνδρὸς,
515 765 673 848 ἐλθόντος
693 770 726 848 ἐς
739 765 898 855 Δελφοὺς
917 767 971 836 tul
992 763 1030 836 sd
1043 766 1259 858 χρηστήριον,
1282 762 1326 848 τις

193 871 282 962 ἐσήιε
303 873 336 952 ἐς
356 868 393 940 τὸ
413 872 578 960 μέγαρον,
601 867 706 951 εὐθὺς
727 865 748 960 ἡ
770 877 888 960 Πυθίη
908 872 997 958 λέγει
1015 869 1110 942 τάδε·

267 995 391 1080 Ἥκεις,
413 986 436 1065 ὦ
453 996 628 1084 Λυκόοργε,
650 994 721 1084 ἐμὸν
741 1001 810 1066 merl
828 1004 918 1064 πίονα
938 995 1028 1082 νηὸν,

277 1103 354 1186 Ζηνί
376 1108 462 1185 φίλος
481 1103 534 1167 καὶ
554 1108 647 1168 πᾶσιν
662 1099 812 1187 Ὀλύμπια
832 1098 944 1186 δώματ’
970 1105 1077 1186 ἔχουσι.

191 1279 264 1332 lares
282 1293 346 1328 suos
363 1279 405 1328 uti
421 1278 565 1342 voluerint,
584 1279 669 1332 donec
687 1285 735 1332 aut
786 1280 914 1330 mercium
924 1277 1066 1344 Spartanis
1077 1279 1251 1332 interdictum
1264 1279 1329 1331 fuis·

192 1351 221 1400 vi
240 1352 288 1400 aut
304 1353 378 1399 metu
392 1349 500 1416 incepto
519 1349 650 1401 desistere
664 1367 735 1403 eam·
786 1366 815 1401 se
834 1349 955 1412 credam,
980 1365 1040 1400 oum
1059 1350 1131 1401 haud
1149 1365 1237 1415 pauca
1254 1365 1329 1418 repe7

193 1435 246 1486 que
278 1419 369 1485 potius
401 1421 445 1470 rei·
467 1419 591 1504 publicae
619 1423 734 1474 formam
785 1422 890 1472 riantur
908 1420 1026 1486 vestigia
1048 1419 1163 1486 hospitii
1182 1420 1330 1485 Spartano-

193 1505 355 1572 agnoscere
367 1493 542 1556 cogerentur,
564 1492 592 1541 in
614 1509 668 1558 qua
690 1509 734 1544 es·
785 1508 843 1542 rum
864 1506 924 1541 cum
948 1491 1047 1541 exteris
1069 1492 1144 1552 initi,
1168 1506 1236 1555 quos
1254 1491 1329 1556 ipsos

193 1560 269 1628 put
261 1560 366 1656 ‘imperii
390 1575 473 1626 penes
492 1561 638 1614 Dorienses
661 1567 734 1614 esset
786 1562 866 1613 iestis
884 1561 999 1626 Spartae
1018 1530 1162 1614 celebratis
1180 1559 1253 1612 baud
1264 1577 1328 1612 raro

194 1631 267 1682 etc.“
288 1627 326 1696 (p.
348 1631 383 1681 24
406 1630 486 1697 seq..)
523 1631 575 1681 Ηιι
599 1633 684 1699 igitur
701 1633 734 1684 de
786 1629 1073 1696 interfuisselegimus.
1092 1632 1329 1698 Peregrinaestir-

194 1701 286 1752 causis
303 1699 384 1751 valde
401 1701 539 1752 turbatam
557 1704 736 1768 pessimisque
786 1702 828 1767 pis
846 1699 950 1751 incolas
973 1702 1064 1764 potius
1088 1703 1189 1767 Sparta
1211 1705 1329 1752 remotos

193 1771 301 1837 legibus
320 1775 441 1822 utentem
460 1772 599 1822 civitatem
617 1775 737 1838 Lycurgi
787 1770 908 1822 voluisse
931 1770 1101 1834 videntur,
1100 1774 1146 1838 qui
1175 1788 1235 1822 cum
1261 1771 1330 1821 alius

127 1842 132 1850 ’
163 1835 169 1846 ’
194 1841 330 1906 sapientia
356 1841 487 1892 refectam
517 1845 545 1891 et
567 1841 602 1892 ad
626 1843 737 1893 meliora
788 1844 880 1892 esseut
903 1841 1009 1905 generis
1032 1841 1175 1907 ipsumque
1194 1841 1269 1890 vitae
1287 1857 1332 1905 ge-

194 1911 353 1978 perductam
376 1928 436 1962 esse
458 1911 592 1962 Herodoti
614 1917 657 1962 est
678 1928 738 1963 seu·
788 1927 839 1961 nus
857 1914 1026 1960 sectarentur
1043 1909 1164 1973 mollius,
1183 1911 1331 1976 periculum

194 1982 290 2034 tentia.
308 1983 350 2032 De
367 1983 487 2048 Lycurgi
502 1983 624 2033 consiliis
635 1983 670 2033 ad
686 1983 738 2034 hoc
772 1987 849 2032 ¹erat
871 1995 905 2030 ne
929 1980 1029 2031 civium
1057 1981 1253 2047 Spartanorum
1277 1997 1333 2030 nro-

194 2052 392 2117 assequendum
410 2052 590 2118 remediisque
608 2053 738 2104 adhibitis
789 2066 832 2102 res
851 2050 986 2116 frequenti
1011 2067 1070 2102 cum
1094 2051 1149 2103 illis
1172 2051 1332 2102 commercio

194 2123 279 2174 idem
288 2123 331 2173 vir
356 2123 452 2174 doctus
476 2123 606 2174 dissensit
628 2124 646 2174 ι.
671 2123 690 2174 1.
710 2141 738 2190 p.
789 2121 1011 2205 depravarentur.
1029 2122 1069 2173 Ac
1087 2124 1178 2188 prisca
1195 2122 1331 2184 institute,

193 2195 230 2247 aa
248 2208 305 2272 seq.
789 2193 894 2262 priscos
918 2205 1005 2242 mores
1030 2199 1197 2260 quantopere
1225 2208 1333 2244 conser-

231 2255 303 2312 ιιατά
324 2276 357 2311 τε
376 2261 465 2326 σφέας
486 2277 524 2312 αι
526 2278 594 2322 τους
611 2281 636 2314 ιι.
657 2280 680 2313 τ.
700 2262 738 2330 ι]
788 2278 854 2313 vare
873 2257 1026 2312 studuerint
1035 2265 1131 2326 Dares
1145 2279 1224 2315 nemo
1234 2265 1331 2315 nescrt

193 2333 262 2385 Vult
275 2332 445 2384 Herodotus·
463 2333 676 2400 Lacedaemopios
689 2350 738 2384 om-
789 2332 1141 2396 DehaoSpartenorumfir
1144 2331 1264 2400 νηιασία
1275 2334 1331 2385 vid.

193 2408 261 2456 ιιίιινι
279 2404 338 2468 fere
362 2404 516 2455 Graecos-mu
541 2407 656 2468 pessumis
679 2407 739 2469 lepi·
791 2404 821 2455 (ι.
842 2403 876 2454 0.
895 2402 1009 2452 Mueller
1026 2405 1092 2456 Dor.
1115 2407 1154 2456 11.
1179 2421 1207 2469 p.
1225 2405 1251 2457 8.
1270 2405 1332 2456 411.

193 2476 242 2526 ιιιιι
256 2474 338 2537 faisse
352 2475 739 2539 usos,tum,qrmdadseipsos
790 2473 852 2525 coll.
877 2474 935 2524 157.
961 2473 1020 2524 aad.
1043 2480 1070 2524 et
1096 2491 1165 2540 quae
1186 2475 1281 2525 laudat
1300 2475 1331 2526 Ο.

193 2550 475 2610 ι’μιοιιαιιηαινιιιιιιιαι
494 2547 561 2596 inter
577 2561 606 2595 ee
624 2561 739 2596 commer-
789 2545 822 2596 Ii.
861 2545 1009 2594 Hermann.
1048 2545 1155 2598 (iriech.
1199 2545 1333 2596 Stsatsal-

194 2617 258 2666 ιιινιι
273 2617 370 2669 attinet.
389 2619 446 2664 tum
462 2631 527 2666 vero
545 2615 636 2678 etism,
655 2617 679 2664 iu
698 2630 740 2665 eo-
790 2613 873 2668 terth.
891 2617 918 2678 S.
937 2615 980 2664 27.
999 2619 1056 2666 not.
1078 2617 1119 2668 lt.
1139 2617 1230 2680 Atque
1247 2617 1334 2666 Herc-

196 2701 251 2736 rum
279 2699 332 2734 οιιιιι
357 2686 456 2736 esteris
486 2689 640 2748 mummolo,
667 2683 740 2750 quod
791 2686 871 2735 dotus
899 2699 980 2749 quum
1011 2685 1054 2735 sel
1084 2691 1148 2738 ante
1177 2688 1332 2751 Lycurgum

195 2753 303 2808 seilicet
317 2770 422 2805 omnem
440 2769 498 2805 eum
516 2755 558 2805 his
576 2756 741 2806 recusabant
791 2753 1023 2806 Lacedaemonios
1048 2751 1165 2813 ξείνοισι
1193 2751 1333 2819 ‹inposue-

195 2825 427 2877 consociationem
453 2841 586 2890 omaeque
613 2841 756 2876 commas..

196 2896 279 2948 oium.
307 2895 387 2946 Unde
416 2901 531 2960 apparet
555 2897 598 2946 vis
620 2897 741 2962 particu-

196 2967 285 3017 larum
303 2979 336 3014 τε
356 2995 390 3005 -
409 2963 475 3014 καί.

234 3031 352 3096 ξείνοισι
368 3024 571 3101 ἀπρόσμικτοι]
590 3034 636 3086 Sic
649 3034 741 3086 dicun·

197 3111 253 3166 tur,
272 3105 319 3169 qui
336 3103 436 3154 nullam
454 3120 514 3156 cnm
531 3106 630 3156 exteris
647 3105 742 3156 ineunt

198 3180 248 3227 ιιιιι
265 3175 425 3240 permittunt
445 3175 676 3236 cousuetudinem,
695 3176 742 3241 qui

198 3260 279 3298 omne
289 3260 349 3296 cam
359 3245 508 3310 peregrinis
520 3245 742 3297 excluduntcom-

197 3313 339 3368 mercium.
370 3315 432 3365 Vid.
459 3331 529 3380 quae
549 3315 722 3366 laudantur
715 3333 742 3366 ιιι

197 3389 270 3437 ιιοιι.
290 3384 464 3450 Wesselingii
484 3391 511 3436 et
530 3385 682 3450 Schweigb.
701 3387 743 3434 De

197 3457 261 3521 ipsa
278 3470 306 3504 re
323 3454 431 3520 longior
448 3455 525 3507 adh.
542 3456 561 3507 l.
582 3460 671 3506 exstat
684 3453 744 3505 Bel-

197 3527 305 3588 laugeri
323 3525 472 3589 disputatio
499 3526 527 3575 in
544 3525 674 3576 Laroheri
698 3539 744 3574 no-

198 3597 247 3648 tis.
284 3595 397 3658 Quaerit
425 3596 495 3645 enim
525 3594 592 3656 illes
610 3611 663 3660 quo
691 3592 745 3645 fine

198 3665 344 3731 Spartanis
366 3680 445 3716 omne
467 3665 549 3716 luerit
571 3664 744 3716 interdictum

199 3751 262 3788 cum
288 3735 437 3800 peregrinis
462 3735 589 3800 gentibus
617 3750 745 3786 commer-

199 3807 282 3866 cium,
308 3820 360 3868 quo
384 3803 450 3854 illud
474 3805 582 3855 omnino
604 3805 744 3868 spectarit,

200 3875 266 3942 quid
286 3873 349 3925 inde
366 3880 489 3925 secutum
507 3875 598 3925 isserit.
620 3873 672 3926 Sed
690 3875 745 3925 He-

200 3944 293 3996 rodoti
314 3944 366 3994 hoo
384 3959 418 3994 ex
437 3943 497 3994 loco
521 3945 630 3995 minime
653 3943 744 4010 colligi

200 4016 312 4082 poterit,
330 4019 362 4065 ut
377 4013 514 4064 nonnullis
533 4017 620 4064 visum
639 4019 690 4077 est,
704 4011 746 4074 ξι-

790 2839 877 2881 κιους
893 2824 978 2874 inisse
997 2825 1112 2889 scribat,
1132 2826 1205 2878 baud
1224 2827 1280 2876 scio
1300 2842 1335 2876 an

792 2897 879 2960 ipsam
914 2895 984 2944 hauc
1020 2890 1191 2958 ξενηλασίαν
1223 2899 1334 2960 μοιιιιο

791 2971 912 3030 tempore
930 2964 1096 3015 obtinentem
1120 2967 1160 3016 ita
1176 2966 1334 3031 respexerit,

791 3041 823 3087 ut
861 3033 905 3084 vel
947 3035 1041 3099 primis
1077 3035 1131 3086 illis
1168 3036 1335 3101 temporibus

792 3108 943 3172 Spartanos
960 3121 977 3155 s
992 3107 1193 3172 peregrinorum
1207 3123 1336 3158 commer-

793 3178 834 3228 cio
854 3175 1027 3226 abhorruisse
1041 3176 1234 3228 declaraverit:
1254 3177 1336 3242 idque

792 3249 880 3312 ipsum
898 3245 922 3294 si
939 3246 1122 3296 Hermannum
1143 3249 1265 3314 (dntiqq.
1284 3250 1336 3298 La-

793 3332 873 3367 conn.
893 3331 920 3378 p.
941 3314 983 3365 38.
1003 3315 1058 3378 38.)
1079 3317 1236 3378 audiamus,
1254 3319 1337 3382 perti·
1431 3356 1432 3360 ,

793 3385 877 3436 nebat
895 3383 929 3432 ed
948 3385 1116 3449 alienigenas
1133 3386 1206 3437 haud
1224 3401 1336 3451 paucos,

796 3455 842 3519 qui
862 3455 933 3502 inter
949 3454 1096 3536 primorum
1114 3447 1265 3519 temporum
1276 3471 1338 3504 cou-

795 3524 955 3574 iusioncm'
947 3539 975 3572 ιιι
991 3523 1129 3574 civitatem
1143 3525 1338 3587 Spartanorum

796 3593 900 3657 recepti
927 3608 987 3642 cum
1012 3593 1079 3656 ipsis
1102 3595 1244 3658 Spartanis
1270 3593 1339 3643 diiii-

797 3664 883 3715 culter
913 3661 1079 3720 coaluerint;
1105 3679 1155 3714 nec
1183 3663 1236 3714 alio
1263 3663 1340 3715 abire

796 3733 876 3784 video
895 3733 1058 3783 sententiam
1071 3735 1218 3784 Hermanni
1230 3735 1340 3785 Gabriel

797 3803 849 3864 (De
878 3803 1045 3868 magistr-att.
1074 3805 1194 3856 Lacedd.
1220 3805 1338 3859 Berolin.

797 3873 875 3926 1845.
893 3887 946 3956 p.
940 3870 990 3929 at

833 3934 907 3998 ἒς
879 3957 910 3992 το
936 3940 1071 4009 μέγαρον]
1096 3942 1219 4010 ιιέγαοον
1241 3949 1308 3997 eet'
1301 3963 1340 3997 m-

798 4013 883 4065 terius
901 4013 996 4077 templi
1013 4014 1155 4079 sacellum,
1174 4015 1220 4066 ubi
1239 4017 1320 4081 Pyth·
1323 4035 1339 4068 a

201 4083 339 4148 νηιασίας
362 4084 435 4150 qued
455 4089 569 4135 vocatur
592 4053 746 4134 iustitdtum
798 4083 1002 4136 sciscitantibus
1025 4086 1136 4138 oracula
1158 4085 1223 4138 edit.
1260 4089 1339 4140 Cous.

200 4154 486 4220 ramanteLycurgum
496 4153 652 4216 invaluisse
667 4169 746 4220 quem
798 4159 868 4206 ιιοιι.
889 4154 964 4210 adl
983 4155 1026 4204 47.

201 4223 286 4290 vulgo
303 4224 383 4274 istius
401 4223 521 4275 instituti
535 4229 673 4276 auctorem
687 4239 747 4287 per·
833 4213 855 4272 oi
884 4218 1040 4290 Λυκόοργε]
1072 4223 1161 4287 Vulgo
1190 4214 1340 4286 Λυκόιργι,

201 4293 307 4344 bibent.
331 4293 498 4358 Nequerero
514 4311 590 4344 omne
599 4295 746 4358 hospitium
799 4294 906 4360 quode
932 4293 1094 4346 Schellersh.
1118 4297 1145 4343 et
1163 4291 1287 4342 Mediceo
1308 4289 1341 4339 li·

202 4378 337 4428 omueque
346 4379 406 4414 cum
423 4365 522 4415 exteris
536 4365 663 4430 gentibus
677 4379 747 4416 com·
797 4365 848 4420 bre
861 4379 933 4417 nuuc
944 4369 1077 4416 mutatum
1091 4361 1153 4414 est'
1146 4375 1174 4410 ιιι
1185 4352 1342 4424 Λυκόοργε,
