2980 4932
575 306 701 368 CLIO.
725 309 750 368 Ι.
774 319 818 374 23.
1223 311 1263 372 47

127 489 206 547 θον.
235 482 282 573 τῷ
304 475 347 568 δὴ
368 481 503 567 λέγουσι
516 487 695 572 Κορίνθιοι
715 477 950 574 (ὁμολογέουσι
972 485 1013 554 δέ
1033 503 1094 574 σφι
1113 485 1265 574 Λέσβιοι)

128 676 321 728 necessitatem
338 679 391 732 sibi
405 682 601 748 imposuerunt.
619 687 673 738 No·
724 686 775 736 mis
786 689 1021 752 repraesentatur,
1034 689 1159 736 monente
1171 687 1266 736 eodem

127 747 170 799 bis
190 763 251 797 cum
265 749 360 799 eodem
378 753 437 803 viro
455 757 566 822 egregio
585 758 613 806 in
631 757 673 806 hia
724 757 857 808 Crenaero
880 758 955 809 Dias.
975 756 1048 807 land.
1067 773 1130 823 pag.
1157 759 1190 806 28
1208 763 1265 807 not.

128 817 224 880 rebus,
247 818 293 867 nbi
317 825 344 869 et
367 823 476 875 eredere
499 831 527 875 et
545 842 599 877 non
619 843 673 878 ore·
723 827 786 878 coll.
802 844 865 894 pag.
886 829 927 878 ll.
946 827 1093 893 inquisivit
1111 828 1266 892 quoque-in

128 887 192 937 dere
211 893 302 938 tutum
321 896 371 956 est,
396 894 461 944 licet
479 885 597 962 ἐπέχειν.
624 899 674 948 Re·
724 899 833 948 Arionis
851 897 973 948 sabulum
1000 897 1135 949 Wcleker.
1153 897 1263 962 (iiheiu.

126 959 199 1022 petit
217 959 289 1008 enirn
300 959 453 1013 Larohorus
471 967 499 1014 in
515 968 627 1032 copiosa
640 969 675 1018 ad
724 968 795 1019 Mus.
816 969 839 1031 1,
860 967 884 1019 3.
904 984 930 1034 p.
951 967 1095 1034 392'eeqq.
1120 985 1143 1019 s.
1168 965 1265 1016 Kleine

127 1033 154 1078 n.
175 1027 194 1077 1.
215 1031 393 1082 annotatione
414 1035 525 1084 tabulae
542 1037 674 1102 originem
725 1037 836 1087 Schriit.
861 1039 935 1102 1.·p.
960 1037 994 1088 89
1012 1041 1110 1103 seqq),
1133 1037 1265 1102 pluraque

127 1099 241 1148 enavis
259 1100 391 1165 cpiscmo,
416 1105 487 1170 quod
506 1105 613 1157 seilicet
630 1123 676 1158 na·
725 1107 839 1156 eandem
856 1108 884 1156 in
902 1123 957 1157 rem
975 1107 1068 1157 attulit
1081 1109 1155 1157 Bode
1166 1108 1265 1158 Geseh.

127 1167 179 1231 vis,
199 1183 254 1234 qua
271 1170 392 1223 'serente
416 1177 569 1226 Taenarum
588 1183 676 1228 trans·
727 1177 753 1226 d.
773 1175 837 1226 hell.
856 1177 936 1228 Poes.
956 1178 995 1240 11,
1020 1179 1045 1228 2.
1068 1193 1095 1241 p.
1121 1177 1171 1227 372
1189 1193 1264 1242 seqq.

127 1245 222 1288 rectus
252 1245 295 1289 est
322 1243 418 1306 Arion,
445 1245 566 1312 delphini
596 1248 676 1314 signo
726 1247 786 1298 213.
807 1245 1016 1314 AcWelclrerus
1035 1247 1144 1311 quidem
1161 1257 1267 1309 praeter

127 1323 175 1372 pro
194 1309 267 1358 illius
286 1313 386 1362 aetatis
405 1331 479 1366 more
503 1321 600 1367 ornata
618 1319 675 1369 iue-
724 1315 795 1380 elia,
815 1332 885 1383 quae
906 1319 935 1368 in
957 1317 1008 1367 hac
1031 1316 1187 1366 narratione
1210 1331 1268 1380 epe-

127 1381 174 1428 rit.
191 1380 317 1445 Heynius
334 1384 363 1432 iu
380 1385 453 1436 Dies.
479 1385 512 1437 de
533 1387 585 1438 fide
608 1388 673 1438 hist.
725 1388 827 1436 ctanda
845 1389 915 1452 sint,
933 1388 1047 1450 Arione,
1071 1385 1118 1451 qui
1142 1384 1268 1449 delphino

129 1453 213 1498 amat.
233 1451 318 1515 myth.
338 1453 544 1520 (commentatt.
571 1459 671 1509 Societ.
725 1461 819 1508 vectus
833 1459 914 1508 maria
933 1456 1054 1523 pericula
1073 1455 1198 1520 effugerit
1215 1455 1269 1504 sul-

130 1519 204 1568 (lost.
221 1521 297 1573 XIV.
315 1537 343 1588 p.
366 1525 426 1592 117)
447 1543 479 1576 ex
501 1529 578 1594 signo
602 1530 671 1594 ipso,
722 1543 825 1593 rusque
844 1529 872 1578 in
888 1529 1006 1594 patriam
1024 1525 1144 1589 redierit,
1161 1531 1267 1576 veteres

129 1589 202 1654 quod
219 1591 247 1639 in
259 1593 368 1644 Arionis
387 1595 513 1662 delphino
531 1600 604 1648 vecti
618 1615 672 1649 me·
723 1599 862 1649 declarare
878 1599 998 1659 voluisse
1011 1598 1151 1649 existimat
1164 1602 1265 1659 ruteni,

129 1661 241 1710 moriam
257 1669 377 1716 erectum
390 1668 606 1732 vulgotradunt‚
620 1671 672 1719 ori·
723 1670 770 1735 qui
797 1671 826 1718 in
854 1683 958 1719 summo
987 1666 1077 1720 rerum
1109 1667 1266 1718 discrimine

130 1731 220 1794 ginom
246 1734 353 1797 cepisse
382 1737 502 1788 fabulam
526 1745 672 1790 statuerat.
725 1739 817 1790 salvus
844 1743 926 1804 atque
955 1739 1101 1789 incolumis
1130 1737 1267 1786 exstiterit

131 1799 201 1848 Add.
222 1801 306 1853 Baurr
325 1806 491 1874 Naturrelig.
511 1809 537 1858 d.
557 1809 672 1859 Alterth.
726 1809 831 1874 diisque
849 1809 964 1858 menime
983 1808 1107 1872 propitiis
1127 1813 1267 1856 servatos:

133 1869 156 1917 Ῑ·
175 1885 203 1933 P·
223 1869 266 1921 30.
281 1874 316 1922 Et
334 1878 460 1927 convenit
477 1878 674 1944 quodammodo
725 1879 903 1942 additumque
919 1878 982 1927 inde
994 1878 1077 1926 etiam
1089 1891 1148 1924 esre
1167 1875 1268 1940 delphi-

132 1953 194 1987 cum
212 1937 414 1996 hisCreuaerus
433 1947 462 1997 in
475 1949 549 2000 Dias.
570 1949 605 2000 de
617 1966 673 2014 my·
724 1963 802 2012 num,
826 1946 929 1996 animal
950 1951 981 1995 ut
1004 1947 1057 1996 diis
1083 1950 1205 2010 gratum,
1229 1945 1269 1992 ita

130 2008 187 2058 this
213 2010 247 2059 ab
271 2015 366 2066 artium
390 2018 517 2083 operibus
542 2021 673 2086 proiectis
724 2018 880 2068 hominibus
904 2015 1075 2068 benevolum.
1111 2015 1196 2066 Plane
1214 2012 1268 2064 ulio

129 2085 197 2129 *θω-
216 2087 319 2146 Ρθῦῒθῐ.
339 2085 487 2155 (Marbnrg.
510 2089 576 2142 1803
595 2107 622 2156 p.
640 2089 674 2140 aa
725 2090 806 2139 modo
830 2085 941 2138 fabulae
970 2089 1025 2136 rim
1052 2085 1187 2152 explicare
1214 2088 1269 2134 atu-

128 2155 156 2199 et
179 2151 297 2216 Opusec.
322 2157 426 2212 selecti.
458 2175 521 2225 pag.
551 2162 593 2212 17.
618 2161 672 2227 18.)
725 2159 786 2210 duit
803 2158 876 2211 Guil.
894 2160 983 2210 Maur.
996 2157 1119 2208 Schmidt
1137 2155 1266 2220 (Diatrib.

129 2225 255 2272 statuens
273 2224 340 2275 illud
356 2228 471 2279 hominis
489 2229 615 2295 delphino
630 2247 674 2282 ve·
726 2231 758 2280 de
777 2231 877 2296 dithyr.
890 2244 965 2296 poes.
979 2229 1090 2294 eiusque
1108 2226 1205 2293 reliqq.
1217 2227 1267 2276 Be·

129 2292 168 2340 cti
185 2293 295 2358 signum
316 2312 377 2347 esse
400 2301 539 2365 antiquam
563 2303 675 2368 naviga·
725 2300 804 2351 rolin.
826 2303 902 2352 lues.
926 2317 952 2366 p.
979 2301 1027 2350 171
1047 2297 1149 2365 seqq.);
1167 2311 1267 2347 novum

128 2362 212 2412 tionis
228 2365 426 2430 significandae
437 2371 591 2436 imaginem,
605 2387 675 2438 quae
725 2372 861 2437 quoddam
880 2385 994 2437 poeseos
1014 2371 1135 2435 adeoque
1150 2368 1266 2417 musices

129 2431 226 2482 deinde
244 2451 324 2486 verso
340 2439 368 2488 in
387 2441 529 2491 historiam
551 2443 674 2508 symbolo
725 2457 809 2508 genus
835 2443 864 2491 ln
891 2441 1047 2504 Graeciam,
1071 2440 1099 2488 in
1125 2453 1179 2504 qua
1202 2442 1267 2486 ante

129 2503 164 2552 ad
189 2504 332 2570 Arionem,
365 2509 539 2561 celebriorem
568 2529 616 2578 per
641 2529 674 2563 ea
725 2512 807 2562 luerit
829 2512 1010 2576 incognitum,
1034 2509 1143 2560 Arionis
1165 2523 1230 2558 eure
1250 2521 1267 2556 u

129 2577 254 2637 tempora
271 2583 395 2642 poetam,
415 2585 505 2632 tracta
523 2583 569 2634 sit.
588 2585 675 2646 Quem
725 2583 845 2632 Tarento
863 2597 910 2646 per
933 2597 1006 2630 mare
1028 2581 1166 2630 invectum
1185 2577 1269 2644 signi·

129 2645 253 2707 sequitur
271 2649 328 2698 fere
350 2650 478 2700 Lorentz.
504 2652 523 2703 l.
547 2651 565 2704 1.
589 2669 615 2719 p.
641 2653 674 2705 16
725 2653 800 2701 liceri
813 2651 962 2702 contendit.
983 2651 1073 2716 Magis
1086 2647 1269 2698 adWelckeri

129 2728 205 2778 seqq·
236 2717 260 2766 E
285 2719 451 2770 coloniarum
474 2723 580 2772 ratione
600 2725 674 2788 inge·
725 2717 1268 2780 sentcntiaminclinatK.Lehrs(Rhein.

130 2783 206 2833 nioeo
225 2784 346 2839 fabulam
364 2791 483 2856 explieat
495 2793 525 2842 0.
540 2793 572 2844 O.
588 2793 674 2844 Muel-
725 2793 796 2844 Mus.
811 2791 845 2842 N.
858 2793 890 2843 F.
903 2791 951 2854 VI,
971 2791 996 2842 1.
1016 2807 1042 2854 p.
1062 2789 1096 2840 58
1115 2791 1203 2854 seqq.)
1216 2788 1268 2836 hae

128 2851 176 2903 lcr.
203 2855 232 2904 in
254 2857 368 2911 Dorihb.
393 2861 432 2912 11.
455 2878 483 2927 p.
508 2861 559 2914 369
582 2879 673 2914 assen—
727 2862 758 2912 de
777 2863 876 2913 Arione
894 2861 989 2912 sabula
1011 2875 1096 2924 aeque
1118 2873 1151 2907 ac
1174 2855 1268 2907 simili-

128 2921 215 2974 tiente
245 2926 340 2981 Plehn.
376 2932 404 2981 in
434 2933 579 2985 Lesbiaco.
611 2934 674 2985 libr.
726 2932 776 2982 bus
790 2933 823 2982 de
842 2933 940 2999 Ibyco,
961 2931 993 2980 de
1006 2929 1145 2980 Simonide
1163 2943 1269 2992 reprae-

127 3007 192 3060 Pssg·
216 2994 275 3047 166.
306 3002 394 3062 Quum
415 3003 487 3052 enim
511 3020 527 3054 a
549 3005 674 3055 Taenaro
726 3004 828 3054 seutari
845 3010 920 3054 ratur
937 3005 1029 3052 vatem
1050 2999 1079 3047 in
1098 2999 1210 3047 deorum
1227 3001 1270 3045 tu-

128 3062 192 3112 olim
204 3065 482 3122 Lacedaemoniorum
494 3073 675 3126 coloniaPha-
725 3073 781 3124 tela
794 3075 902 3124 omnino
910 3073 1028 3139 positum
1036 3083 1181 3134 eorumque
1193 3081 1269 3133 prue-

127 3131 223 3184 lantho
260 3138 328 3190 duee
367 3144 515 3194 Tarentum
551 3146 676 3210 prolecta
725 3145 796 3195 sidio
819 3161 834 3195 e
859 3142 1028 3211 gravissimis
1056 3138 1184 3206 periculis
1213 3153 1268 3190 ere·

128 3211 202 3254 esset
221 3220 277 3258 una
297 3224 357 3260 eum
379 3214 464 3263 sacris
488 3230 520 3264 ao
543 3215 674 3282 religione
725 3221 809 3282 ptum.
836 3216 868 3264 In
891 3215 989 3280 quibus
1011 3212 1068 3261 veri
1091 3209 1156 3276 quid
1178 3211 1267 3260 inesse

128 3273 260 3340 Neptuni,
278 3277 329 3330 hoe
347 3282 376 3331 in
394 3283 495 3333 fabulis
512 3286 553 3334 ita
569 3301 674 3352 reprue-
726 3287 786 3353 quis
805 3288 904 3350 neget?
922 3299 987 3334 num
999 3283 1136 3331 edietum
1156 3279 1268 3329 fabulae

128 3349 267 3398 cantatum
290 3366 349 3400 esee
367 3352 440 3415 vult,
464 3359 494 3403 ut
516 3355 673 3420 Tarantem,
726 3371 834 3408 sensum
844 3353 1040 3419 expediendum
1051 3350 1197 3411 sufficiant,
1205 3348 1267 3398 aliis
1344 3359 1346 3361 ·

127 3415 251 3482 Neptuni
282 3419 365 3471 lilium
389 3423 556 3490 Tarentique
583 3427 674 3476 condi·
725 3423 930 3476 diiudicandum
948 3421 1082 3486 relinquo.

126 3491 225 3551 torem,
245 3489 372 3556 delphino
388 3493 536 3544 Tarentum
549 3495 674 3546 Taenaro
760 3485 928 3556 ἐτυράννευε
947 3485 979 3538 di
992 3481 1007 3537 ὁ
1020 3482 1198 3551 Περίανδρος
1212 3485 1269 3534 Κο-

126 3562 238 3608 reetum
262 3561 433 3624 exhibereut;
456 3563 484 3613 id
513 3565 584 3630 quod
613 3565 675 3614 dein
726 3559 847 3628 pivdou]
881 3557 1030 3610 Periander
1064 3560 1196 3636 tyrapnus
1230 3569 1269 3602 re·

126 3628 293 3680 translatum
305 3631 340 3680 ad
352 3633 480 3684 Arionem
497 3639 615 3698 poetam,
633 3649 676 3684 eo·
726 3647 809 3700 gnum
821 3631 909 3680 tenuit
928 3627 1007 3694 quasi
1024 3623 1234 3674 haeredllarfflm
1252 3637 1269 3671 Β

128 3695 189 3748 dem
210 3700 291 3750 modo
316 3701 437 3753 Tarento
460 3705 613 3754 Taenarum
637 3720 676 3754 re·
728 3701 844 3768 Cypselo
863 3705 939 3765 patre
958 3699 1108 3760 acceptum.
1135 3693 1201 3743 Inde
1215 3707 1270 3744 ”⁰¹¹

127 3773 246 3821 vectum.
266 3771 343 3822 Haec
362 3772 422 3835 ille,
436 3789 506 3839 quac
523 3779 614 3824 utrum
632 3789 676 3824 ve·
727 3773 824 3822 mirum
843 3771 915 3836 apud
937 3768 1052 3819 Latinos
1070 3764 1203 3848 quosdam
1223 3779 1270 3814 su-

128 3839 195 3886 teris
209 3839 319 3891 rabulae
333 3841 504 3908 simplicitati
519 3848 601 3910 utque
615 3859 676 3894 ean·
728 3847 816 3894 utores
830 3856 912 3906 repens
924 3837 979 3890 diei
989 3837 1111 3890 eundem.
1130 3835 1192 3887 Vrd.
1205 3833 1268 3888 Car.

128 3905 188 3958 dori
207 3913 381 3976 conveniant,
398 3929 449 3980 ego
468 3929 522 3964 non
541 3921 675 3980 expertem,
727 3915 792 3964 Em.
815 3913 945 3977 Wagner.
970 3910 999 3959 in
1023 3906 1168 3972 scriptione
1193 3903 1268 3958 land.

128 3976 196 4028 illud
219 3981 300 4032 modo
323 3981 433 4046 addam,
458 3985 546 4034 numia
570 3999 677 4051 quoquo
729 3983 761 4035 de
781 3982 930 4032 Periandro
949 3995 1013 4047 pag.
1034 3979 1065 4030 10
1083 3993 1140 4044 seq.
1171 3977 1212 4027 De
1231 3986 1268 4046 ty-

130 4047 232 4100 famam
262 4049 318 4101 late
353 4067 476 4117 sparsam
512 4053 676 4104 celebratam
728 4056 804 4104 rorarii
818 4051 953 4102 vocabulo
972 4066 1052 4116 snpra
1071 4049 1107 4099 ad
1126 4049 1149 4112 1,
1170 4047 1195 4098 6.
1216 4065 1271 4098 mo-

129 4117 224 4170 luisse.
245 4120 290 4171 sie
310 4121 338 4170 in
359 4123 611 4190 Methymnaeorum
629 4140 676 4175 nu·
726 4123 845 4173 nuimus.
860 4119 1272 4182 SuccessitPerianderpatriin

129 4189 180 4238 mis
196 4189 282 4240 Arion
300 4189 426 4255 delphino
452 4199 547 4245 vectus
572 4195 676 4260 eonspi-
728 4191 851 4244 Corinthi
862 4192 973 4258 imperio
985 4189 1092 4257 olymp.
1112 4187 1271 4246 XXXVIII.

92 4277 97 4284 ·
129 4259 215 4318 oitnr;
240 4259 274 4310 do
299 4275 352 4326 quo
377 4261 419 4312 Gr.
443 4264 538 4314 laudat
559 4263 675 4315 Eclrhel.
728 4264 820 4313 reive
833 4263 885 4315 625
897 4259 1086 4320 entecham,
1103 4258 1175 4306 uude
1188 4257 1272 4304 etiam

129 4327 163 4378 D.
183 4329 218 4380 N.
239 4329 274 4380 V.
295 4329 319 4381 I.
337 4329 399 4382 Vol.
420 4331 458 4384 11.
479 4350 504 4400 p.
524 4334 585 4384 502.
606 4333 676 4384 Nam
729 4333 837 4383 Arionis
855 4337 974 4382 aetatem
990 4328 1156 4379 constituere
1167 4323 1272 4405 licebit,

129 4395 162 4448 de
181 4397 310 4465 delphino
330 4403 451 4465 taceam,
464 4401 511 4467 qui
528 4405 571 4452 tot
588 4401 617 4452 in
631 4417 678 4455 nu·
729 4417 808 4469 quem
839 4403 912 4453 eirca
942 4399 1057 4451 eandem
1083 4390 1273 4457 Olympmdem
