3032 4916
233 259 295 324 648

667 251 932 314 IIERODOTI

242 435 468 530 μηχανᾶσθαι.
504 433 693 500 καλέσασαν
708 428 748 499 δέ
764 457 824 518 μιν
831 431 1030 516 Αἰγυπτίων
1044 427 1121 508 τούς
1141 427 1283 516 μάλιστα
1296 455 1375 516 μετ-

240 547 371 621 αιτίους
404 542 465 608 τοῦ
495 534 605 624 φόνου
627 531 722 624 ᾔδεε,
750 531 894 614 πολλοὺς
916 537 1041 602 ίστιᾶυ·
1086 535 1317 622 δαινυμένοισι
1338 533 1378 603 δὲ

242 648 371 716 ἐπεῖναι
393 639 453 712 τόν
468 635 619 727 ποταμόν
637 634 683 707 δι’
701 633 853 717 αὐλῶνος
873 642 1024 726 κρυπτοῦ
1049 636 1207 725 μεμᾶλου.
1254 635 1378 726 ταύτης

242 747 306 837 μὲν
320 749 396 835 πέρι
410 750 556 815 τοσαύτα
575 748 706 830 ἔλεγον·
734 739 823 830 πλὴν
836 737 887 810 ὅτι
901 738 1009 830 αὐτήν
1022 769 1098 828 μιν,
1114 736 1159 821 ὥς
1173 745 1270 810 τοῦτο
1284 743 1374 829 ἐξέρ-

243 870 362 940 γαστο,
390 853 485 936 ῥίψαι
498 850 531 927 ἐς
545 855 667 935 οἴκημα
683 851 813 915 σποδοῦ
826 847 940 932 πλέον,
956 843 1042 924 ὅκως
1055 841 1260 934 ἀτιμώρητος
1275 848 1374 935 γίνη-

177 961 307 1024 101ται.
355 957 430 1021 Τοᾶν
444 949 481 1020 δὲ
494 949 608 1020 ἄλλων
625 951 803 1038 βασιλέων,
823 946 865 1018 οὐ
879 945 942 1038 γὰρ
958 955 1073 1036 ἔλεγον
1087 945 1251 1038 οὐδεμίαν
1266 955 1377 1036 ἔργον

241 1055 417 1140 ἀπόδεξιν,
439 1051 512 1123 κατ’
535 1049 640 1122 οὐδὲν
654 1051 740 1122 εἶναι
758 1051 997 1142 λαμπρότητος,
1012 1050 1100 1142 πλὴν
1115 1049 1188 1134 ἑνός
1204 1058 1264 1122 τοῦ
1278 1053 1374 1142 ἐσχό-

242 1262 303 1311 11οο
320 1259 378 1309 1οτο
396 1271 478 1307 sensu
496 1253 603 1318 οἴκημα
619 1246 652 1303 ’ἐν
667 1249 783 1316 κατιρῶ-

138 1381 143 1390 ,
241 1344 288 1380 σαι
308 1329 330 1391 Ι,
352 1327 401 1380 164
417 1325 478 1377 οοῙΙ.
491 1325 570 1387 v111,
592 1325 650 1375 144.
668 1351 703 1364 -
720 1337 783 1372 ποι-

242 1396 340 1450 εῖσθαι
358 1397 403 1446 hic
419 1400 461 1447 est
476 1395 621 1460 [οσίιοιδιοο
631 1409 724 1444 curare
737 1395 784 1443 nli·

242 1467 314 1534 quid,
333 1465 389 1516 vid.
408 1466 431 1528 I,
447 1464 478 1516 31
496 1465 562 1530 ibiq.
581 1467 652 1514 nott.
670 1463 708 1524 11,
724 1461 783 1514 136.

243 1537 303 1590 148.
319 1535 414 1588 Gallus
431 1534 500 1584 alter
517 1535 649 1598 interpres
659 1533 738 1584 Miot.
755 1531 784 1580 in

242 1605 350 1672 vulgari
366 1604 590 1668 interpretatione
603 1603 731 1668 perstitit,
750 1615 783 1650 ex

242 1692 296 1743 qua
315 1675 384 1726 bens
402 1675 442 1724 sio
458 1673 547 1724 locum
564 1671 695 1722 reddidit:
714 1669 784 1734 „elle

244 1747 274 1798 fit
292 1745 366 1796 batir
388 1758 441 1794 unc
465 1743 537 1794 feste
557 1741 659 1807 galerio
681 1746 785 1792 sonter-

243 1816 333 1877 raine,
350 1812 508 1880 prdtextaut
527 1811 642 1879 quelque
660 1825 784 1862 nouveau

242 1884 332 1952 projet
349 1883 382 1934 de
399 1888 528 1946 travam,
553 1879 714 1948 quoiqu'ells
737 1879 784 1930 sit

242 1953 332 2006 arrdtd
357 1954 374 2004 la
396 1952 519 2004 l'avance
541 1949 637 2015 l'objet
662 1965 698 2000 au
722 1949 784 2016 quel

240 2025 294 2076 elle
314 2024 343 2073 la
372 2022 532 2074 dsstiuait.“
557 2047 593 2058 -
614 2019 657 2071 Ad
685 2019 782 2070 verba:

242 2091 400 2144 καλέσασαν
418 2085 456 2141 δὲ
473 2107 498 2142 ιι.
518 2107 541 2142 τ.
560 2090 595 2154 1.,
619 2089 716 2155 quibus
735 2103 783 2138 an-

242 2162 397 2214 tecedentia
409 2151 489 2226 (ᾶλλα
505 2156 701 2226 μηχανᾶσθαι)
718 2174 784 2223 quo·

241 2231 384 2284 dammodo
393 2229 576 2296 explicantur,
596 2228 668 2278 coni.
683 2227 782 2278 Matth.

243 2303 290 2354 Gr.
312 2301 358 2352 Gr.
378 2315 441 2365 pag.
465 2301 533 2351 1244
551 2313 619 2362 seq„
641 2297 689 2346 ubi
706 2297 783 2348 hicce

242 2385 308 2421 usus
324 2368 476 2434 particulae
487 2362 520 2418 δὲ
536 2367 698 2418 illustratur.
720 2381 783 2430 μετ-

241 2439 352 2495 αιτίους
375 2453 409 2488 ex
427 2437 480 2488 hoc
498 2437 559 2488 1οοο
577 2435 670 2487 attulit
692 2436 781 2488 Blcm-

241 2507 314 2560 field.
332 2507 361 2557 in
379 2507 501 2558 Glossar.
520 2507 555 2558 ad
568 2503 695 2571 Aeschyli
711 2505 783 2570 Aga·

240 2593 338 2628 memn.
364 2575 424 2631 784.
453 2603 488 2614 -
511 2570 604 2626 ίστιᾶυ
632 2591 681 2640 pro
705 2575 781 2640 vulg.

240 2639 336 2697 ἑστιᾶν
364 2646 462 2712 scripsi
490 2662 551 2698 cum
578 2649 692 2696 recontt.
720 2645 781 2696 edd.

240 2715 358 2768 Bredov.
378 2721 487 2767 secutus
507 2732 569 2782 pag.
591 2715 649 2766 146.

276 2810 395 2886 ἐπεῖναι]
416 2835 454 2870 sc.
473 2809 527 2884 τὴν
539 2815 701 2882 Νίτωκριν,
722 2834 783 2879 „re-

236 2893 321 2956 ginam
340 2887 515 2954 (enarrabant
532 2887 698 2954 sacerdotes)
717 2891 782 2938 iuter

238 2959 391 3011 coenandum
408 2959 535 3010 διακλείειν
550 2959 677 3024 tiresiam.u

273 3039 319 3095 δι’
338 3039 509 3111 αὐλῶνος]
526 3045 544 3094 i.
561 3059 586 3095 e.
597 3045 780 3108 μετοοτοίεοις

240 3116 312 3168 conl.
331 3115 370 3178 Il,
393 3115 450 3166 127.

273 3194 358 3265 ὅίψαι
377 3193 405 3258 ἐς
421 3197 527 3265 οίιιημοι
550 3195 662 3248 σποδοῦ
681 3196 779 3264 πλέον]

237 3270 320 3322 Haud
343 3269 475 3320 dissimile
497 3269 569 3334 apud
590 3270 689 3320 Persas
707 3273 781 3318 vete-

237 3355 280 3391 res
298 3339 416 3390 occurrit
431 3339 607 3405 supplicium,
631 3353 684 3402 quo
707 3337 780 3402 capi-

237 3409 274 3459 tis
292 3407 434 3460 damnatos
452 3409 481 3458 in
499 3409 588 3459 locum
607 3409 696 3457 cinere
708 3423 779 3459 com-

235 3478 340 3546 pletum
361 3477 550 3529 detrudebant.
587 3477 648 3528 vid.
669 3477 779 3528 Ctesias

237 3549 361 3616 ¹lregmm.
389 3549 481 3600 Porss.
507 3550 533 3611 ξ.
561 3547 604 3608 48,
628 3547 675 3596 ubi
700 3547 777 3611 plura

237 3618 371 3684 adscripsi
392 3633 455 3683 pag.
482 3615 541 3668 193.
565 3616 625 3666 194.
668 3617 725 3666 Nec
748 3617 776 3666 in

234 3688 368 3740 Herodoti
387 3691 464 3738 textu
486 3701 518 3736 ex
535 3686 670 3750 Anonymi
686 3702 777 3736 narra-

236 3759 326 3819 tione,
351 3772 421 3822 quae
444 3755 519 3806 edita
541 3770 613 3805 nuuc
631 3754 731 3820 legitur
748 3757 777 3806 in

235 3825 392 3878 Biblioihsls
415 3823 440 3876 d.
458 3825 636 3876 alt.1.iterat.
652 3825 776 3890 Gotting.

238 3895 314 3948 1789.
332 3911 395 3963 pag.
418 3895 449 3946 13
467 3910 535 3959 seq,
556 3893 703 3960 quidquam
720 3910 776 3945 mu-

234 3966 357 4017 tandum.
393 3964 472 4032 Quod
489 3979 553 4014 vero
573 3963 608 4012 ad
625 3964 719 4016 Nostri
738 3965 776 4027 11,

237 4035 288 4087 140
304 4035 382 4100 ponit
398 4033 561 4099 Schweigh,
579 4032 664 4083 videri
680 4033 725 4083 hic
738 4038 778 4102 ta-

234 4103 288 4154 lem
313 4101 518 4168 intelligendam
545 4117 605 4152 esse
633 4117 776 4166 cameram,

234 4173 263 4221 in
281 4187 335 4236 qua
353 4172 482 4238 Aegyptii
506 4172 611 4222 cineres
634 4173 668 4222 ob
690 4173 776 4238 aptio-

234 4255 289 4292 rem
313 4255 441 4307 agrorum
467 4240 600 4292 culturam
631 4241 775 4308 diligenter

233 4309 361 4378 colligere
389 4317 416 4365 st
445 4325 586 4362 asservare
613 4305 687 4361 soliti
711 4311 775 4376 sint,

833 1253 884 1304 hoc
895 1270 948 1320 quo
961 1255 1020 1304 iure
1032 1255 1118 1306 statui
1129 1256 1230 1320 possit,
1250 1255 1375 1320 equidem

833 1461 1247 1599 ᾶούἒωῗιᾶᾶὐύτνιίῗεύᾶοιίὐίὐι
1264 1479 1332 1600 ὐρᾶᾶύ
1345 1481 1376 1584 pn

834 1603 938 1655 cineres
962 1604 1102 1670 vitamque
1123 1603 1175 1654 hoc
1198 1601 1277 1654 modo
1295 1603 1375 1654 finiit.

1034 1774 1100 1827 Car.
1120 1773 1167 1826 CI.

871 1869 904 1928 οὐ
932 1869 983 1944 γὰρ
1008 1873 1104 1944 ἔλεγον
1126 1870 1265 1943 οὐδεμίαν
1286 1874 1376 1944 ἔργον

833 1939 981 2015 ἀπόδεξιν]
999 1939 1138 2013 οὐδεμίαν
1156 1965 1216 2000 cnm
1230 1949 1316 2000 Gaisl.
1335 1966 1377 2000 re-

834 2018 991 2083 scripsimus
1005 2035 1052 2084 pro
1062 2015 1208 2083 οὐδεμίην.
1228 2011 1376 2083 Quiddud·

834 2085 910 2148 δεξις
927 2093 1013 2150 esset,
1041 2089 1120 2140 initio
1136 2089 1226 2154 operis
1246 2089 1377 2140 indicavi-

835 2173 903 2208 mus.
923 2159 995 2210 Hinc
1007 2157 1059 2209 loci
1070 2173 1178 2210 seusus:
1200 2175 1300 2224 „neque
1313 2161 1378 2210 enim

833 2229 908 2278 νίίανι
926 2243 1009 2279 eorum
1026 2244 1090 2292 opus
1109 2229 1279 2282 oeeoeoradile.
1303 2229 1378 2294 quod

834 2298 1034 2363 praestiterint,
1058 2298 1178 2348 indicare
1195 2298 1333 2350 habebant
1351 2315 1376 2350 s.

833 2367 1187 2419 iudicabautsacsrdotes.“
1221 2368 1299 2430 Quod
1313 2385 1377 2420 mox

834 2437 934 2503 legitur
955 2429 1169 2500 ὐποδέξασθαι,
1192 2437 1244 2488 hac
1266 2439 1294 2488 iu
1316 2455 1378 2490 sen-

833 2507 920 2557 tentia
940 2507 1066 2572 frequens
1083 2507 1193 2571 Nostro,
1212 2507 1268 2558 vid.
1288 2509 1311 2571 1,
1332 2510 1376 2562 16.

833 2578 876 2629 59.
895 2578 954 2628 114.
974 2577 1011 2638 11,
1030 2576 1072 2628 36.

866 2636 928 2696 κατ’
956 2637 1042 2697 οὐδὲν
1065 2637 1138 2696 εἶναι
1166 2638 1376 2714 λαμπρότητος]

832 2716 878 2766 Sic
896 2731 988 2767 omnes
1000 2716 1077 2778 libri,
1097 2715 1195 2781 quibus
1209 2717 1304 2768 invitis
1321 2715 1375 2768 hoc

832 2784 892 2836 loco
928 2785 997 2836 nihil
1029 2786 1200 2846 novaverim,
1241 2786 1373 2848 oratione,

832 2859 863 2905 ut
880 2855 946 2905 mihi
962 2855 1070 2921 quidem
1088 2855 1210 2918 videtur,
1229 2856 1374 2906 1111111111-

832 2925 970 2990 terpositis
993 2927 1145 2990 interrupta
1168 2941 1218 2976 nec
1241 2925 1282 2976 ita
1309 2925 1374 2976 inde

831 2993 1007 3060 procedente,
1024 2999 1055 3046 ut
1074 2996 1289 3048 existimaveras.
1321 2996 1373 3057 Qui

832 3063 987 3116 emendavit
1000 3066 1042 3114 vir
1054 3064 1164 3116 doctus:
1183 3055 1248 3114 κατ’
1268 3055 1374 3114 οὐδένα

832 3127 906 3184 εἶναι
922 3126 1133 3198 λαμπρότητος,
1158 3135 1181 3184 is
1206 3139 1279 3186 certe
1302 3139 1374 3185 stru-

832 3207 926 3254 cturae
938 3203 1060 3255 nonnihil
1072 3205 1220 3266 succurrit,
1240 3219 1319 3270 quarn
1333 3205 1373 3254 iu-

830 3273 999 3324 tricatiorem
1011 3273 1056 3325 hic
1067 3289 1128 3324 essa
1137 3287 1216 3324 nemo
1225 3289 1279 3326 nou
1288 3274 1372 3338 videt,
1420 3273 1432 3292 ⁶

829 3357 991 3408 quamquam
1004 3343 1132 3408 adipeam
1140 3343 1304 3394 sententiam
1316 3359 1373 3394 cer-

829 3413 965 3462 tissimum
980 3417 1022 3463 ost
1044 3413 1111 3464 haec
1129 3413 1213 3464 vsrba
1237 3404 1300 3462 κατ’
1320 3403 1371 3462 οὐ-

829 3475 879 3532 δὲν
897 3473 971 3532 εἶναι
989 3473 1185 3546 λαμπρότητος
1208 3481 1275 3534 nihil
1294 3483 1371 3534 aliud

828 3551 920 3602 valere
938 3551 1007 3602 nisi:
1026 3541 1056 3602 ἔν
1076 3541 1302 3618 οὐδεν1[ι.ιιατ’
1321 3541 1371 3601 οὐ-

829 3613 889 3684 div]
910 3613 1056 3684 λαμπρούς
1075 3611 1160 3684 εἶναι,
1179 3627 1210 3672 ut
1221 3623 1290 3674 bene
1302 3621 1372 3671 vidit

829 3690 1013 3752 Gaislordius,
1037 3692 1080 3740 cni
1103 3690 1285 3756 adstipulatur
1306 3690 1371 3741 Elta

827 3759 954 3826 (Jahrbb.
967 3759 993 3810 d.
1001 3759 1135 3826 Philolog.
1149 3759 1370 3826 etc.Suppl.1X.

827 3845 890 3895 pag.
903 3829 952 3880 122
962 3830 1059 3896 seqq.)‚
1079 3831 1229 3896 genitivum
1244 3823 1371 3894 λαμπρό-

827 3913 910 3963 τητος
920 3913 937 3948 a
952 3899 1035 3950 verbo
1047 3891 1121 3948 εἶναι
1133 3915 1294 3965 suspensum
1308 3899 1371 3950 red-

829 3969 908 4028 dens,
927 3973 958 4018 ut
975 3972 1026 4019 sit:
1048 3969 1185 4032 splendere
1202 3973 1285 4035 aliquo
1303 3984 1370 4028 aare,

828 4035 1052 4102 quemadmodum
1065 4029 1158 4096 ἐόντες
1171 4031 1257 4104 λόηον
1269 4039 1370 4090 Noster

828 4105 926 4156 dixerit
950 4107 997 4168 1v,
1024 4107 1081 4159 138.
1130 4107 1205 4160 Idem
1232 4109 1369 4175 genitivos

828 4172 885 4224 τῶν
901 4165 994 4224 ἄλλων
1011 4171 1147 4242 βασιλέων
1173 4195 1204 4229 ex
1218 4194 1249 4229 eo
1264 4178 1370 4228 assimi-

827 4245 937 4294 lationis
957 4261 1069 4310 geuers,
1088 4247 1188 4312 dequo
1206 4248 1320 4298 Wsrssr.
1339 4247 1369 4297 iu

827 4315 887 4366 Act.
906 4313 972 4380 phil.
993 4315 1118 4368 Mouecc.
1142 4317 1166 4380 I,
1196 4318 1220 4370 l.
1246 4331 1309 4383 pag.
1331 4315 1370 4368 86
