3058 4928
210 272 272 336 620
644 272 909 336 HERODO'I'I

170 447 414 532 87σκευιίζουσι
431 448 582 537 νεκρούς.
642 447 727 528 Τούς
747 448 784 517 dl
800 445 842 516 rol
860 449 943 536 μέσα
961 448 1205 536 βουλομένους,
1226 443 1289 537 τὴν
1311 447 1349 516 dl

215 559 436 640 πολυτελείην
458 551 666 640 φεύγοντας,
689 550 887 635 σκευάζουσι
909 541 985 621 clds.
1040 549 1143 620 ἐπεὰν
1164 548 1242 631 τούς
1265 559 1347 620 κλυ-

213 661 336 745 στῆοας
355 654 547 746 πλήσωνται
569 661 631 724 τοῦ
657 653 722 726 ἀπὸ
745 657 868 745 κέδρου
889 652 1068 743 ἀλείφατος
1086 657 1285 744 γινομένου,
1311 657 1349 724 ἐν

212 751 261 829 οἶν
284 766 434 848 ἔπλησαν
453 764 513 828 τοῦ
536 765 660 849 νεκροῦ
681 756 746 850 ’τὴν
762 766 909 848 κοιλίην,
935 755 1013 828 οὔτε
1034 754 1259 848 ἀναταμόντες
1284 755 1346 828 αὖ·

211 928 286 978 dent.
323 927 366 978 Ad
381 925 582 994 telieprofecto
596 929 695 980 Noster
712 943 753 980 ro·

211 998 314 1064 spicere
332 1000 449 1063 poteret.

355 1171 421 1222 Cer.
440 1169 604 1221 LXXXVII.

246 1265 324 1331 Τούς
347 1268 379 1322 dl
403 1265 439 1323 τὰ
457 1271 527 1336 μέσα
550 1269 753 1338 βουλομένους]

210 1347 288 1408 Quse
316 1343 357 1394 sic
386 1343 584 1394 circumscribit
613 1343 752 1409 Heynius:

210 1406 279 1470 τούς
297 1409 488 1479 βουλομένους
505 1404 577 1462 κατὰ
594 1405 647 1476 τὴν
664 1410 753 1477 μεόην

211 1481 373 1546 ταοίηενοίν
396 1495 447 1546 σφι
464 1473 515 1530 τὸν
533 1475 636 1544 νεαρὸν
654 1495 753 1532 σκευα-

214 1550 331 1616 σθῆναι.
350 1552 468 1602 Eteoni.
481 1552 518 1613 11,
531 1551 566 1604 68
575 1551 635 1602 init.
656 1553 753 1614 Quem·

212 1638 292 1688 quam
315 1621 427 1672 verbnm
453 1614 596 1680 σκευάζειν
620 1637 674 1672 non
696 1627 752 1671 tem

212 1691 246 1743 ed
259 1692 332 1756 ipsos
342 1691 513 1742 necessarios
525 1691 647 1742 defuncti
661 1707 753 1742 curem

211 1765 351 1827 gerentes,
373 1777 453 1826 quem
474 1760 509 1810 od
532 1776 624 1812 curem
647 1765 753 1811 mortno

211 1831 416 1896 impendendam
434 1835 551 1896 spectet.
587 1832 640 1882 Pro
655 1827 754 1894 βουλο-

210 1896 313 1965 μένους
323 1900 387 1950 olim
404 1897 619 1967 βουλευμένους,
638 1899 753 1965 qnodab

211 1972 325 2035 entique
347 1970 435 2020 forme
457 1967 608 2036 βουλευμαι
631 1974 753 2034 repeten-

211 2041 274 2091 dum
285 2055 340 2090 non
352 2039 476 2104 displicet
487 2039 751 2104 Schweighaeusero.

210 2112 280 2160 Nem
298 2109 375 2160 verbi
392 2101 581 2176 βουλεύεσθαι
598 2109 688 2159 nullus
708 2109 752 2159 hic

211 2179 296 2232 locus.
332 2178 413 2230 Ocni.
432 2179 470 2240 11,
487 2177 531 2230 86.
550 2178 598 2239 vl,
617 2178 660 2229 66.

245 2241 298 2312 τὴν
320 2241 352 2296 dl
375 2246 560 2312 πολυτελείην
582 2239 751 2312 φεύγοντας]

210 2315 395 2380 πολυτελείην
406 2315 468 2365 dedi
482 2315 541 2381 (pro
551 2311 751 2381 πολυτεληΐην)

210 2403 271 2437 cum
292 2389 406 2436 recentt.
433 2385 494 2436 edd.
528 2385 598 2435 Vide
620 2390 691 2436 nott.
715 2387 751 2437 ed

210 2457 233 2517 Ι,
252 2457 295 2506 54.
331 2454 564 2520 Δάνειλιοεοηη.,
583 2455 630 2505 nbi
642 2455 751 2506 coniun-

209 2526 312 2576 ctivum
322 2524 350 2574 in
363 2525 466 2588 protasi
474 2525 591 2589 positum
603 2515 706 2589 (ἐπεὰν
715 2554 751 2566 --

209 2589 385 2658 πλήσωνται)
404 2594 504 2657 excipit
515 2594 633 2644 acrisius
652 2595 679 2644 in
689 2609 753 2660 epo-

210 2664 278 2724 dosi,
296 2667 328 2714 ut
345 2663 426 2712 etism
443 2663 471 2712 in
484 2662 537 2714 line
550 2664 658 2726 ospitis,
677 2666 750 2719 coni.

210 2733 311 2783 similes
330 2731 405 2782 locos
424 2731 522 2784 allatos
539 2749 556 2783 e
573 2732 696 2784 Nitnsch.
715 2739 751 2788 sd

209 2803 309 2868 Odyss.
326 2802 390 2864 XII,
409 2801 443 2853 66
461 2807 488 2852 ct
504 2807 573 2853 nott.
595 2803 630 2852 sd
647 2803 749 2859 Herod.

209 2873 233 2935 Ι,
252 2872 311 2924 194.
331 2902 366 2911 -
388 2865 510 2936 κλυστὴο
529 2872 629 2923 dicitur
650 2871 750 2927 inctru-

209 2947 338 3005 mentum,
346 2940 520 3026 quoliquoris
530 2941 654 2992 inelvmn
664 2942 749 2996 litim.

209 3013 317 3071 missi03
335 3027 367 3062 το
387 3008 496 3075 κλύσμα
513 3011 539 3061 id
558 3011 660 3075 ipsum,
680 3016 753 3078 quod

209 3081 364 3132 immittitur
381 3097 402 3130 s.
416 3082 564 3133 immissum
582 3085 633 3131 est.
669 3083 752 3135 Plurs

208 3151 265 3202 vid.
284 3152 312 3201 in
337 3151 420 3202 Thes.
438 3152 519 3216 Ling.
538 3151 633 3202 Graec.
656 3153 702 3204 IV.
723 3169 749 3220 p.

209 3220 276 3272 1663
291 3220 419 3270 Dindori.

242 3286 295 3338 τοῦ
312 3279 370 3338 ἀπὸ
388 3286 492 3350 κέδρου
504 3280 661 3352 ἀλείφατος
672 3303 750 3352 γινο-

803 929 985 980 chemicornm
1004 926 1170 978 suctoritste
1187 925 1287 988 fretus,
1305 943 1348 976 ce-

804 999 889 1048 drium
907 996 1053 1048 eutalium
1071 994 1207 1062 quendem
1229 996 1347 1046 resinam

803 1067 951 1132 simplicem
982 1067 1181 1132 frequentstem
1208 1065 1294 1116 inisse
1318 1065 1347 1115 in

805 1137 963 1188 condiendis
982 1135 1174 1195 cadaveribus,
1198 1149 1258 1186 curn
1275 1135 1347 1184 'mix-

803 1213 848 1257 tee
866 1212 896 1257 ut
909 1206 1053 1271 plurimum
1071 1205 1245 1267 conditurae,
1269 1205 1348 1254 nimi-

804 1293 862 1326 rum
883 1275 1052 1342 compositae
1071 1290 1103 1324 ex
1117 1274 1249 1324 bitumine
1267 1280 1295 1324 et
1306 1289 1348 1324 re-

804 1348 873 1408 sina,
892 1346 1012 1411 vestigia
1024 1345 1204 1409 reperientur.
1221 1344 1347 1408 Asphalti

804 1415 954 1467 communis
973 1429 1063 1465 rerum
1086 1415 1114 1464 in
1138 1413 1267 1478 perendis
1290 1429 1348 1464 mu·

804 1486 866 1536 mile
875 1501 953 1535 usum
967 1485 1052 1535 inisse
1061 1489 1153 1534 monet
1165 1499 1271 1548 quoque
1284 1483 1348 1534 Blu-

804 1553 980 1605 menbechiue
998 1553 1094 1616 (Beitr.
1115 1569 1139 1602 n.
1162 1553 1345 1617 Nuturgeselr.

805 1625 842 1676 11.
856 1640 884 1689 p.
902 1623 946 1674 88.
964 1624 1034 1688 123),
1054 1623 1166 1683 addens,
1185 1622 1303 1672 cedrium
1316 1627 1348 1672 nt

804 1694 946 1760 plurimum
960 1693 1108 1744 admixtum
1124 1691 1218 1754 inisse,
1238 1692 1347 1742 fluidum

807 1769 898 1814 eutem
925 1763 1045 1814 cedrium
1073 1761 1235 1826 clysteribus
1263 1762 1348 1811 inser-

805 1835 900 1884 viisse.
936 1834 1013 1883 Haec
1031 1831 1207 1896 transscripei
1229 1847 1244 1881 e
1266 1831 1349 1881 Greu-

806 1904 862 1954 ueri
880 1903 984 1953 Comm.
1009 1919 1036 1967 p.
1055 1903 1089 1952 75
1112 1916 1180 1965 seq.,
1198 1900 1246 1951 ubi
1268 1901 1348 1966 pluro

806 1973 946 2038 disputate
967 1973 995 2022 in
1013 1977 1157 2036 utrumqne
1179 1975 1283 2035 perteue
1302 1986 1347 2020 ex-

805 2043 946 2104 hibentur,
976 2055 1050 2105 cum,
1077 2055 1147 2106 quse
1171 2039 1206 2089 sd
1231 2040 1347 2106 proben-

804 2113 866 2162 dem
886 2112 1070 2162 Herodoteem
1087 2110 1250 2160 sententiam
1269 2126 1284 2160 e
1304 2125 1347 2160 ce-

804 2181 845 2231 dri
863 2185 961 2231 nature
980 2179 1052 2246 (nem
1070 2187 1218 2246 percuntem
1238 2179 1347 2230 cedrise

803 2252 857 2300 vim
875 2250 929 2315 ipsi
947 2255 1055 2301 veteres
1070 2249 1167 2300 medici
1181 2247 1346 2314 agnoscunt)

802 2319 909 2386 prolote
923 2319 1023 2370 fuerint
1040 2323 1213 2384 argumente,
1233 2319 1267 2368 sb
1285 2319 1346 2368 eliis

802 2389 838 2440 nd
850 2389 1044 2441 confutandum
1055 2387 1225 2440 Herodotum
1234 2388 1290 2437 sint
1301 2387 1346 2438 de-

802 2465 886 2510 torsu.
909 2459 985 2520 Quae
995 2474 1044 2510 nes
1059 2457 1166 2524 quidem
1179 2457 1246 2507 nihil
1257 2473 1346 2508 more-

802 2543 861 2578 mur
879 2529 978 2592 qnippe
997 2529 1025 2582 in
1043 2544 1081 2590 re,
1100 2541 1170 2592 queo
1183 2525 1346 2578 medicorum

803 2602 909 2649 tuntum
923 2602 951 2648 et
963 2597 1137 2663 physicorum
1154 2595 1347 2647 chemicorum-

803 2683 855 2734 quc
868 2667 1030 2718 accuratiori
1045 2666 1257 2731 investigatione
1268 2665 1302 2715 ed
1316 2667 1347 2715 li-

802 2737 912 2804 quidum
927 2736 989 2786 duci
1000 2737 1109 2801 poterit.
1124 2735 1185 2784 Hoc
1197 2739 1289 2786 temen
1300 2735 1347 2786 sd-

802 2808 845 2869 do,
856 2805 1112 2872 quodinMinutoli:
1125 2803 1283 2870 Nachtriigo
1293 2810 1345 2857 eto.

801 2877 975 2926 observatum
988 2876 1096 2925 invenio
1113 2873 1236 2924 eIohnio
1246 2890 1273 2938 p.
1286 2873 1345 2938 197,

800 2944 917 2995 cedrium
930 2944 1017 2994 videri
1026 2945 1143 2994 resinam
1157 2959 1180 2996 s.
1192 2943 1278 2994 oleum
1295 2945 1347 2994 Te·

801 3013 984 3065 rebintbinum
1003 3013 1200 3078 (reperimur),
1221 3013 1292 3078 quod
1313 3027 1346 3063 ex

803 3083 927 3134 omnibus
954 3083 1109 3145 arboribus,
1136 3097 1206 3147 quse
1229 3083 1265 3132 ed
1287 3083 1346 3148 pini

802 3167 887 3218 genus
898 3153 1069 3217 pertineant,
1088 3152 1221 3217 capietur.
1255 3153 1346 3218 Neget

802 3237 909 3286 quoqne
927 3223 974 3272 Me
1012 3237 1045 3272 ns
1063 3222 1082 3272 l.
1097 3221 1116 3273 l.
1135 3237 1162 3286 p.
1176 3220 1219 3283 3⁴,
1239 3220 1345 3284 liquore

802 3306 817 3341 e
835 3291 916 3342 cedro
934 3306 984 3356 per
1016 3307 1031 3342 ο
1050 3291 1105 3342 tale
1123 3291 1187 3355 qnid
1205 3289 1279 3340 effici
1297 3307 1345 3356 po-

206 3355 644 3424 pe'vooJAliibreviuexprimunt
654 3351 750 3408 ἔλαιον
801 3361 901 3423 tuisse,
926 3361 1078 3426 quodvult
1101 3359 1273 3422 Herodotus,
1299 3376 1345 3410 cu·

205 3421 237 3478 τὸ
252 3417 289 3484 ἐκ
310 3425 362 3476 τοῦ
379 3423 483 3490 κέδρου
502 3443 524 3478 s.
545 3422 640 3476 ἔλαιον
657 3423 750 3488 κέδρι-
800 3431 843 3480 ius
874 3429 959 3480 verbs
988 3431 1095 3481 omnino
1127 3428 1290 3494 castigando
1316 3435 1345 3480 et

206 3511 272 3561 νον,
292 3501 371 3549 oleron
387 3497 524 3554 cedrium,
543 3495 614 3561 quod
625 3510 657 3545 ex
668 3497 748 3547 cedro
800 3499 971 3550 emendenda
988 3515 1049 3550 esse
1066 3499 1165 3550 stetnit
1181 3499 1273 3548 Fritne
1290 3497 1309 3548 l.
1323 3497 1343 3549 l.

206 3584 227 3620 s.
247 3568 370 3632 iunipero
387 3566 522 3630 oxycedro
541 3581 563 3615 s.
588 3564 668 3614 cedro
685 3567 750 3617 bsc-
800 3585 827 3633 p.
849 3568 895 3618 iil:
920 3584 1002 3630 „nem
1019 3568 1078 3618 lieri
1100 3583 1154 3618 non
1176 3571 1276 3632 potest,
1295 3568 1344 3630 sit,

206 3638 292 3688 ciicrc
321 3653 344 3689 s.
369 3635 467 3686 Cilicis
496 3635 616 3700 capitur,
648 3635 707 3686 sive
730 3626 747 3700 ἡ
800 3638 865 3704 quin
883 3638 912 3687 in
922 3643 1024 3688 rectum
1041 3642 1068 3688 et
1082 3637 1188 3687 viscere
1196 3637 1345 3688 infarctum

124 3737 128 3747 ·
206 3704 319 3769 καλοίη,
350 3711 380 3756 ut
408 3720 471 3756 mox
494 3706 595 3755 Noster
617 3700 747 3769 loquitur.
800 3722 832 3758 es
852 3708 993 3768 corrodet;
1011 3707 1102 3771 potius
1117 3707 1249 3770 suspicari
1266 3707 1346 3756 debe-

207 3774 286 3836 Quod
305 3775 339 3824 cd
357 3775 441 3825 hocce
458 3777 536 3824 ολειαιι
553 3773 692 3838 cede-inmo,
719 3778 750 3824 nt
801 3791 875 3838 mus,
907 3778 981 3841 prins
1006 3775 1167 3826 solutionem
1190 3776 1253 3826 Ksli
1284 3777 1344 3826 sive

205 3843 361 3894 Herodotus
384 3845 434 3904 eit,
458 3847 538 3894 notet
561 3841 699 3893 Gmelinus
718 3843 748 3907 (l.
799 3845 880 3895 lintri
898 3845 1014 3896 caustici
1034 3844 1189 3910 (Aegyptiis
1213 3845 1285 3895 houd
1302 3846 1343 3908 ig-

205 3928 288 3977 suprs
305 3912 324 3964 1.
342 3927 405 3978 psg.
430 3912 489 3978 15)2
511 3913 627 3977 cogitari
650 3911 748 3964 debere
800 3913 869 3978 noti)
888 3914 916 3963 in
933 3915 1040 3964 viscere
1061 3929 1107 3964 eos
1125 3914 1267 3972 iniecisse,
1286 3915 1345 3978 qui·

203 3981 335 4045 liquidem
352 3983 506 4043 materiem,
524 3997 605 4048 quem
624 3997 657 4031 ex
675 3982 749 4032 cedri
800 3983 851 4033 bue
876 3983 993 4033 corrosis
1014 3983 1102 4048 iisque
1128 3998 1188 4032 cum
1213 3983 1343 4034 causticis

206 4050 288 4100 remis
309 4049 438 4115 lignoque
461 4050 603 4102 elicuerint
626 4055 747 4110 veterem
800 4052 906 4104 emissis
917 4051 1009 4101 cedris
1020 4055 1182 4104 evacuatam
1192 4051 1281 4103 eleum
1295 4053 1344 4102 im·

206 4119 308 4168 fectum
327 4119 454 4170 essehoc
470 4120 525 4182 its,
548 4124 579 4169 nt
601 4119 750 4170 sdnrerent
799 4120 948 4188 plerisse.“

206 4185 337 4237 eiusmodi
358 4188 495 4250 arborem,
526 4203 578 4253 quo
600 4187 750 4252 liquciscts
835 4179 901 4238 οὔτε
933 4179 1125 4251 ἀναταμόντες
1152 4179 1252 4254 αὐτὸν]
1281 4186 1342 4238 soil.

205 4255 432 4308 resinseillueret.
451 4257 748 4308 Verumdubitetidom
799 4250 852 4306 τὸν
876 4249 991 4318 venete,
1018 4273 1067 4307 ιιοιι
1089 4259 1226 4334 incidenigs
1249 4271 1343 4320 cerpus

204 4325 247 4375 vir
263 4323 360 4374 doctus
385 4341 412 4390 p.
435 4326 467 4377 19
484 4326 504 4378 l.
521 4325 550 4389 l.,
568 4325 749 4391 periculorum
800 4327 912 4391 defuncti
928 4327 1222 4390 adsiniurcorportem.
1261 4326 1343 4378 Coni.
