3008 4924
256 237 317 300 818
688 231 951 296 HERODO'PI

254 439 340 504 μενα
361 409 553 502 πρήγματα,
580 407 618 479 τὸ
639 409 677 480 δέ
699 407 766 480 ἀπὸ
786 407 909 480 τούτου
929 409 1026 478 ἔπινέ
1037 433 1072 476 τε
1089 408 1145 476 καὶ
1162 409 1374 478 κατέσκωπτε
1386 423 1435 478 liis

254 515 332 598 τούς
345 514 532 604 συμπότας,
548 515 605 582 καὶ
620 505 664 602 ῆν
685 511 822 602 μάταιός
836 539 872 582 τε
885 514 942 581 καὶ
955 509 1179 600 παιγνιήμων.
1199 507 1391 600 ἀχθεσθέν-

253 649 307 701 τες
327 619 365 688 δὲ
385 619 531 689 τούτοισι
551 621 585 686 oi
603 625 697 706 φίλοι
717 613 823 685 αὐτοῦ
838 619 1040 688 ἐνουθέτεον
1054 611 1175 700 αὐτὸν,
1201 615 1314 685 τοιάδε
1335 617 1391 684 λέ-

254 744 387 813 γοντες·
411 714 451 792 'ii
472 727 631 810 βασιλεῦ,
659 718 722 792 οὐκ
743 717 856 812 ὀρθῶς
877 723 1028 790 σεωυτοῦ
1048 720 1269 809 προέστηκας,
1297 721 1331 799 ἐς
1353 717 1393 788 τὸ

254 827 341 916 ῶγαν
354 831 488 916 φαῦλον
501 824 660 916 προάγων
675 825 834 896 σεωυτόν.
871 825 908 894 σέ
923 821 987 913 γὰρ
1000 827 1085 913 χρῆν
1098 827 1136 892 έν
1148 825 1265 918 θρόνῳ
1278 828 1393 916 σεμνῷ

255 928 381 1020 σεμνὸν
394 931 587 1014 θωκέοντα,
604 927 651 998 δι’
669 925 794 1020 ἡμέρης
808 928 970 1020 πρήσσειν
984 925 1024 996 τῶ
1037 926 1231 1019 πρήγματα·
1257 929 1312 998 καὶ
1329 923 1390 996 oii-

255 1063 302 1104 τοι
315 1033 498 1122 Αἰγύπτιοί
507 1029 537 1102 τ’
555 1027 598 1102 ῶν
611 1030 805 1122 ἠπιστέατο,
830 1027 875 1114 ῶς
888 1027 948 1102 ὑπ’
965 1027 1088 1120 ἀνδρὸς
1102 1031 1250 1120 μεγάλου
1267 1027 1391 1122 ἄρχον-

255 1166 320 1224 ται,
334 1139 392 1207 καὶ
404 1134 543 1226 ἄμεινον
555 1133 598 1204 σύ
613 1131 655 1206 ῶν
668 1134 797 1224 ῆκουες.
823 1140 889 1205 νῦν
903 1135 940 1206 δὲ
955 1137 1078 1214 ποιέεις
1089 1131 1245 1224 οὐδαμῶς
1257 1143 1392 1224 βασιλι-

255 1243 308 1312 κοί.
344 1237 380 1310 Ὁ
396 1238 429 1310 δ’
447 1237 602 1330 ἀμείβετο
624 1246 750 1310 τοισίδε
777 1235 915 1320 αὐτούς·
948 1235 996 1308 Τὰ
1021 1237 1099 1321 τόξα
1125 1243 1161 1308 oi
1182 1242 1394 1328 κεκτημένοι,

256 1343 359 1416 έπεδιν
375 1344 438 1434 μὲν
459 1345 601 1414 δέωνται
622 1349 786 1434 χρᾶσθαι,
813 1341 1030 1414 ἐντανύουσι·
1057 1339 1161 1412 ἐπεὰν
1177 1343 1215 1412 δὲ
1236 1343 1391 1434 χρήσων-

257 1511 315 1564 181.
334 1513 404 1575 VII,
422 1513 456 1566 49
474 1510 536 1574 iim,
554 1511 625 1562 unde
644 1511 671 1561 id
689 1526 795 1578 quoquc
846 1510 960 1562 elumbis
979 1509 1081 1576 ingenii
1104 1509 1226 1562 homines
1251 1510 1394 1576 ματαίους

255 1587 345 1648 petet,
377 1597 512 1646 nunquam
545 1597 626 1647 snper
657 1579 795 1633 moiidism
846 1579 987 1646 appellari.

256 1651 364 1702 extendi
381 1665 462 1716 possa
480 1650 507 1700 id
520 1655 640 1717 tompus,
660 1652 732 1718 qnod
743 1652 795 1702 hac
882 1645 912 1700 oi
930 1641 984 1716 γὰρ
1000 1647 1063 1714 χρῆ
1070 1648 1101 1717 ν]
1119 1649 1209 1717 Vulgo
1227 1639 1320 1714 έχρῆν.
1353 1649 1392 1700 11-

255 1722 372 1773 formula
388 1719 565 1786 significatur,
585 1721 709 1787 quodque
723 1723 796 1772 intra
846 1719 893 1770 lus
911 1719 1062 1786 Schweigh.
1080 1719 1154 1770 dedit
1177 1735 1192 1770 e
1214 1719 1337 1784 pluribus
1360 1721 1393 1769 11-

254 1793 364 1842 tertiam
383 1795 540 1856 quartamvc
563 1791 617 1840 diei
635 1791 727 1842 horam
750 1807 796 1858 po·
846 1791 917 1854 bris,
936 1790 1033 1856 quibus
1053 1792 1134 1840 etiam
1153 1791 1259 1840 accedit
1277 1789 1393 1840 Floren-

255 1862 387 1912 tissimum
400 1860 534 1910 subsistit.
553 1861 596 1909 Tu
607 1860 663 1911 viti.
676 1861 794 1912 Becker:
845 1861 919 1910 tinus
938 1859 1032 1911 codex.
1068 1861 1158 1926 Atque
1176 1863 1334 1911 constanter
1349 1860 1393 1911 sic

255 1929 393 1981 Charicles
415 1930 454 1982 11.
485 1945 511 1996 p.
538 1929 587 1980 128
615 1930 658 1982 ed.
684 1946 738 1982 sec.
768 1935 796 1981 ot
845 1931 975 1980 Nostrum
992 1931 1116 1996 posuisse
1133 1931 1258 1996 probavit
1269 1930 1390 1980 Βτεδοτ.

254 2001 329 2050 coni.
357 2000 438 2050 otiam
466 1999 587 2051 Montbel
622 1999 657 2050 ad
684 2001 795 2051 Homeri
846 2015 910 2066 pag.
928 2000 992 2060 2803
1011 2000 1056 2066 qui
1073 2000 1143 2050 idem
1161 2000 1232 2064 qnod
1249 2015 1298 2066 pro
1314 1997 1391 2065 φαῦ-

256 2069 357 2135 Odyss.
375 2069 507 2132 x11‚435t
525 2070 567 2121 εδ.
584 2069 681 2120 Bothe.
699 2098 734 2106 -
752 2071 795 2122 Δδ
845 2069 896 2119 λον
920 2071 1125 2120 convenientius
1148 2071 1230 2120 scribi
1256 2067 1391 2134 φλαῦρον

255 2139 406 2204 sequentia,
421 2145 451 2189 ut
463 2144 554 2190 monet
564 2139 743 2206 Wcsseling.,
755 2157 796 2191 re·
846 2139 979 2190 indicavit
996 2156 1023 2204 p.
1040 2139 1088 2203 35,
1107 2139 1231 2205 equidem
1248 2139 1328 2190 σοδδ.
1341 2155 1390 2190 an-

255 2209 344 2274 spexit
363 2208 469 2260 Aoiian.
487 2209 520 2260 V.
538 2211 574 2261 Η.
595 2211 633 2272 ΙΙ,
652 2212 696 2262 41.
846 2209 1133 2261 ctoritatemtlesererc
1145 2209 1234 2270 nolui;
1249 2209 1305 2261 visi.
1316 2215 1390 2261 nott.

290 2268 327 2343 ῆν
345 2269 463 2342 μάταιός
486 2292 514 2327 τε
532 2273 578 2328 καὶ
602 2274 794 2345 παιγνιήμων]
846 2279 881 2330 ad
893 2279 919 2342 Ι,
935 2279 993 2330 1211.
1032 2279 1083 2342 „In
1099 2280 1190 2330 verbis
1208 2281 1330 2344 proxime
1346 2295 1391 2330 so-

255 2347 386 2398 Conieras
404 2347 502 2398 Athon.
521 2347 569 2410 VI,
588 2347 632 2398 78.
651 2365 713 2414 pag.
733 2349 793 2401 261.
846 2348 991 2415 questibus
1016 2349 1131 2400 observa
1150 2349 1270 2402 ordinem
1295 2347 1390 2417 σεμνῷ

253 2448 288 2458 -
312 2417 466 2482 Adscripsit
492 2416 560 2468 haec
583 2417 794 2469 Valckenarius:
846 2411 966 2484 σεμνὸν;
981 2434 1050 2485 quae
1062 2425 1125 2486 apte
1138 2425 1279 2486 comparat
1289 2420 1390 2472 Sohae-

254 2487 422 2551 „Postquam
438 2487 545 2536 Amasis
569 2489 641 2538 seria
658 2493 795 2540 tractave—
846 2490 920 2540 ierus
945 2504 1006 2540 eum
1028 2489 1155 2556 Sophocl.
1179 2491 1253 2541 verb.
1273 2491 1302 2541 in
1321 2492 1390 2542 Tra·

253 2561 310 2618 rat,
328 2559 359 2605 ut
378 2556 495 2605 animum
513 2555 661 2622 relaxaret,
685 2559 712 2608 in
730 2559 794 2610 vino
846 2559 917 2609 chin.
943 2557 1009 2610 613:
1039 2555 1154 2625 δοτῆρα
1180 2557 1290 2628 καινῷ
1313 2576 1389 2610 και-

248 2625 458 2689 μεταὶακιίοτίδιιτ
480 2627 624 2692 indulgebat
648 2631 724 2680 iocis:
755 2627 795 2678 sic
846 2620 908 2677 νὸν
927 2617 958 2678 έν
981 2621 1175 2692 aspicimur*
1207 2631 1253 2681 Or.
1298 2631 1343 2681 Do
1360 2630 1390 2680 vi

252 2695 415 2760 interpretor
430 2695 595 2751 Herodotea.
634 2698 706 2760 Quia
725 2713 795 2748 conr-
845 2697 922 2748 vocis
951 2691 1051 2762 σεμνὸς
1077 2699 1105 2748 in
1131 2697 1232 2750 talibus
1263 2701 1391 2765 exposuit

253 2759 393 2830 potoribus
409 2765 477 2832 ipsis
494 2765 569 2817 lusus
582 2768 631 2818 isti
645 2769 718 2833 rogis
736 2783 795 2832 per·
845 2767 988 2819 Blomfisld
1009 2769 1038 2818 in
1059 2768 1179 2820 Glosssr.
1204 2769 1239 2820 ad
1257 2767 1387 2835 Aeschyl.

254 2851 321 2886 sona
339 2837 427 2888 minus
449 2835 606 2887 viderentur
628 2837 716 2902 digni,
742 2829 794 2900 μῶ-
844 2839 1002 2903 Agamemn.
1023 2839 1080 2890 116.

252 2921 333 2963 τατος
350 2906 435 2956 inisse
447 2906 547 2956 dicitnr
562 2911 590 2957 et
605 2899 793 2972 παιγνιήμων.
879 2903 925 2956 δι’
944 2897 1086 2973 ἡμέρης]
1097 2908 1115 2958 i.
1127 2924 1151 2960 e.
1161 2923 1210 2974 per
1220 2915 1296 2959 totcorr
1305 2909 1388 2967 διἐιιις

253 2975 444 3027 Permutantur
461 2973 604 3040 ματαίζειν
627 2982 654 3026 et
670 2967 794 3042 δσγημο-
844 2993 924 3042 quam
942 2977 1119 3041 locutionem,
1143 2977 1278 3029 nonnullis
1297 2993 1388 3030 exenn-

254 3048 328 3108 νεῖν,
354 3051 381 3094 et
403 3047 520 3097 fortasse
538 3045 620 3096 solita
642 3046 694 3095 sibi
713 3046 793 3096 casti-
843 3045 897 3112 plis
918 3063 935 3097 a
951 3047 1131 3114 Wessslingic
1148 3047 1327 3112 illustratam,
1345 3055 1388 3100 at-

253 3114 344 3165 moniu
359 3115 513 3166 Herodotus
531 3121 608 3181 turpe
625 3115 689 3182 quid
710 3116 794 3166 ambi·
843 3117 907 3182 tigit
925 3133 1031 3183 quoquc
1046 3117 1144 3170 Msith.
1163 3118 1188 3181 §-
1202 3119 1263 3181 580,
1281 3135 1307 3171 a.
1319 3136 1388 3186 pag.

253 3199 308 3248 gna
323 3199 390 3234 voce
406 3184 517 3247 velavit,
535 3189 566 3236 ut
583 3201 617 3236 no
634 3185 668 3236 ab
684 3186 793 3236 obscoa·
846 3185 969 3240 11411-
986 3187 1018 3237 In
1036 3203 1112 3253 seqq.
1131 3204 1192 3240 curn
1203 3188 1339 3240 Bredorio
1357 3207 1387 3255 p.

253 3254 295 3302 nis
314 3253 421 3316 quidem
440 3254 606 3306 abstinuisse
623 3255 690 3306 iocis
711 3255 791 3320 signi·
843 3255 891 3308 301
917 3257 1013 3322 scripsi
1039 3248 1205 3324 ἠπιστέατο,
1228 3259 1300 3323 quod
1318 3261 1388 3310 San-

253 3321 389 3372 ficarctur.
416 3324 572 3374 Deianiram
587 3325 689 3376 Nessus
707 3316 794 3388 ιγατῗει
843 3325 923 3376 croiti
942 3327 1009 3378 liber
1026 3327 1152 3394 alterque
1172 3327 1257 3379 codex
1281 3329 1388 3380 obtule·

251 3390 382 3456 ματαίαις
396 3388 492 3456 χερσὶν
509 3395 537 3444 in
555 3395 679 3460 Sophocl.
694 3395 792 3446 Trach.
842 3400 906 3446 runt
928 3413 975 3462 pro
992 3397 1065 3462 vulg.
1085 3387 1245 3459 ίπιστέατος
1269 3398 1302 3448 de
1324 3400 1388 3464 ipsa

253 3461 314 3512 514.
351 3461 420 3512 Nam
438 3453 470 3511 τὸ
485 3461 655 3528 παιγνιῶδες
670 3465 792 3528 privatae
842 3463 956 3530 pluralis
970 3467 1057 3518 forma
1069 3468 1140 3518 coni.
1154 3467 1253 3518 similia
1266 3469 1305 3530 11,
1324 3470 1385 3519 liiii.

252 3531 333 3582 sortis
366 3532 489 3582 convivis
524 3531 599 3583 laudi
629 3533 790 3594 ducebatur;
845 3535 905 3586 112.
940 3537 1000 3586 Vox
1021 3528 1143 3602 μεγάλου
1160 3543 1287 3603 suspecta
1309 3539 1389 3590 virle·

252 3591 432 3665 παιγνιήμων
450 3599 591 3653 dicebatur
608 3605 747 3668 inperiosus
766 3609 794 3654 et
843 3609 888 3654 tnr
906 3603 1021 3670 (lobeto,
1040 3607 1086 3671 qui
1104 3622 1163 3658 eam
1182 3608 1244 3657 siici
1261 3607 1330 3660 ruit.

252 3659 377 3734 εὐφυὴς,
395 3671 437 3736 qui
453 3672 628 3725 iocisurbanis
643 3674 792 3738 induiperet.
877 3665 998 3740 ἄμεινον
1012 3667 1046 3726 σύ
1062 3665 1099 3725 ῶν
1117 3669 1232 3743 ῆκουες]
1250 3667 1286 3727 ῶν
1303 3679 1387 3729 omis-

251 3739 383 3790 Placcbat
405 3743 444 3790 oei
462 3743 596 3794 cavillator
614 3743 727 3806 facetus,
754 3746 794 3794 oei
839 3759 901 3804 pum
914 3745 943 3796 in
955 3746 1025 3796 binis
1036 3745 1111 3796 libris
1123 3748 1192 3798 bona
1206 3750 1387 3800 tnoturWes-

251 3813 352 3860 concisa
370 3811 508 3861 τοκαιοδαε
524 3812 570 3877 qui
584 3811 792 3864 ‹licitanlanto
842 3813 986 3881 selingius‚
1012 3831 1073 3868 curn
1094 3817 1202 3883 linguae
1225 3833 1291 3870 usus
1314 3819 1386 3869 satis

251 3879 309 3930 Mil.
328 3878 397 3944 glor.
421 3879 479 3942 111,
499 3881 524 3932 l.
542 3883 576 3932 41
595 3886 648 3933 etc.
667 3883 739 3934 etc.“
758 3910 791 3919 -
842 3883 914 3935 ierat
931 3887 1073 3952 repetitum
1090 3875 1135 3950 ῶν,
1153 3893 1184 3937 ut
1200 3887 1248 3950 IX,
1266 3891 1310 3939 21.
1329 3891 1386 3940 Eu-

252 3949 316 4010 „lta
327 3949 398 3998 enirn
407 3949 555 4001 Arnobium
567 3966 696 4016 usurpare
708 3953 792 4003 rerba
841 3953 892 4019 rip.
909 3955 972 4006 Hal.
991 3957 1052 4007 1155.
1071 3956 1135 4008 1011
1150 3961 1202 4007 etc.
1216 3989 1252 3998 -
1269 3959 1386 4024 „Ipsum

250 4019 365 4079 ludendi,
384 4019 541 4083 lasciuiendi,
568 4024 685 4072 lasciuiae
703 4023 793 4073 obser·
841 4024 978 4076 Amasidis
990 4026 1091 4078 dictum
1103 4027 1175 4078 coni.
1187 4043 1246 4078 cnm
1256 4045 1298 4091 eo,
1308 4027 1384 4094 qnod

250 4093 297 4136 vot
309 4087 444 4138 Hernldns
459 4089 494 4139 ud
505 4090 606 4141 Arnob.
619 4091 682 4142 adv.
700 4097 785 4157 genti.
837 4091 937 4156 legitur
960 4095 989 4145 in
1006 4095 1145 4148 Plutarch.
1165 4097 1234 4163 Opp.
1257 4098 1296 4148 11.
1316 4115 1384 4164 pag.

249 4155 274 4204 V
293 4157 351 4207 init.
371 4173 397 4221 p.
415 4158 466 4211 263
485 4158 527 4210 od.
543 4161 625 4211 Orell.
646 4166 710 4213 tom.
728 4163 787 4213 il.“
839 4163 890 4215 1112
903 4165 936 4224 Ος
957 4171 984 4216 ct
1001 4166 1036 4216 ad
1053 4167 1197 4232 imsginsm
1216 4168 1250 4218 de
1268 4183 1334 4220 aron
1352 4169 1383 4221 b.

250 4225 292 4274 Cr.
328 4227 435 4276 Etenim
454 4229 533 4278 docet
553 4231 595 4280 vir
617 4231 726 4295 doctus,
748 4236 786 4283 Ια-
838 4232 856 4283 l.
882 4235 1032 4287 adhibitam
1060 4239 1133 4288 coni.
1161 4237 1241 4288 Ovid.
1264 4238 1382 4290 Heroid.

250 4293 312 4342 dere
329 4297 357 4341 ct
374 4294 483 4356 παίζειν
501 4299 553 4350 δῖοί
576 4317 634 4364 eos,
657 4304 703 4368 qui
720 4302 786 4352 nibil
838 4305 917 4368 epist.
931 4307 979 4367 lv,
993 4305 1027 4358 92
1039 4307 1105 4373 ibiq.
1124 4309 1244 4374 Lennep.
1257 4323 1284 4373 p.
1300 4309 1384 4360 law

250 4365 334 4426 agant
352 4365 439 4428 serio,
466 4367 513 4418 sod
530 4361 635 4434 μάτην,
663 4372 786 4438 talesque
837 4375 886 4426 Gr.
