3088 4922
125 1051 129 1063 ¹
203 1035 399 1100 Aegyptiorum
413 1045 535 1082 sermone
546 1045 578 1080 ec
589 1029 745 1095 scriptione.

580 305 825 368 EU'PERPE.
851 307 892 368 lI.
915 313 958 368 36.
1275 299 1336 360 5117

203 490 390 574 λογίζονται
411 480 571 570 ψήφοισι,
591 477 749 569 Ἕλληνες
768 481 829 571 μὲν
850 479 915 552 ἀπὸ
935 487 1004 552 τῶν
1017 479 1205 572 ἀριστερῶν
1224 480 1279 548 ἐπὶ
1298 473 1339 548 τὰ

204 587 296 672 δεξιὰ
323 588 483 676 φέροντες
511 583 573 674 τὴν
605 601 714 674 χεῖρα,
755 583 932 672 Αἰγύπτιοι
962 586 999 655 dl
1027 584 1093 656 ἀπὸ
1126 588 1194 654 τῶν
1219 585 1339 666 δεξιῶν

203 694 258 762 ἐπὶ
288 690 328 760 τὰ
347 687 524 780 ἀριστερά·
558 691 612 758 καὶ
641 693 813 770 ποιεῦντες
839 687 1064 761 ταῦταάὐτοὶ
1086 691 1148 779 μέν
1172 707 1255 774 φασι
1284 687 1339 756 ἐπὶ

204 793 296 879 δεξιὰ
331 795 475 878 ποιέειν,
499 787 663 881 Ἕλληνας
699 790 735 860 dl
769 789 821 860 ἐπ’
858 790 1025 882 ἀριστερά.
1081 795 1267 880 διφασίοισι
1302 789 1338 860 dl

204 971 316 1032 gnatum
345 963 431 1013 fuisse
460 959 657 1011 contenderunt
686 975 745 1010 cum
799 960 946 1025 demment,
966 963 1062 1026 queD.
1082 960 1199 1011 Wilkins
1220 959 1288 1010 dens
1309 976 1340 1011 se

798 1029 975 1081 dissertation
994 1031 1028 1081 de
1044 1031 1138 1096 lingue
1151 1030 1274 1094 Coptica,
1293 1031 1340 1080 irn-

204 1107 302 1172 quibns
316 1103 364 1154 elii
376 1101 573 1167 obloquuntur,
593 1101 638 1166 qui
660 1100 747 1150 diver·
799 1098 900 1166 primde
919 1101 935 1151 A
953 1101 981 1150 le
999 1101 1070 1151 suite
1088 1101 1121 1150 de
1138 1099 1275 1148 l'Oreison
1294 1101 1341 1151 do-

204 1192 263 1228 sum
281 1175 366 1225 fuisse
377 1173 484 1224 solunt.
520 1169 625 1222 Deinde
638 1170 685 1220 slii
700 1169 747 1220 du·

202 1246 298 1312 plicem
318 1245 480 1309 scriptorem
495 1241 692 1307 Aegyptiscsm
702 1256 747 1290 ve-

204 1323 287 1368 terem
302 1319 470 1380 agnoscunt,
490 1311 616 1362 commoti
629 1311 689 1376 ipse
702 1325 747 1361 su-

203 1387 332 1438 ctoritste
356 1384 442 1449 petris
470 1381 614 1444 historiae,
645 1385 676 1431 ut
701 1383 746 1445 qui

202 1456 358 1523 vigentibus
370 1454 455 1504 literis
468 1452 620 1519 Aegyptum
633 1451 745 1502 adierit:

202 1528 249 1578 elii
275 1524 425 1592 triplicem,
458 1523 586 1588 quonism
613 1521 746 1587 triplicem

204 1600 356 1664 agnoscant
374 1593 498 1644 Clemens
509 1592 654 1643 Alexandr.
670 1592 746 1642 Stro-

203 1672 268 1718 mst.
288 1667 322 1718 V.
343 1679 402 1730 csp.
422 1667 449 1716 4.
465 1677 529 1728 ρας.
553 1663 696 1712 657Ρο11.
720 1667 747 1711 et

202 1736 369 1801 Porphyrius
394 1733 427 1783 de
451 1733 502 1783 vit.
520 1732 639 1797 Pytbsg.
659 1735 684 1794 g.
704 1733 746 1782 12.

203 1825 230 1874 p.
257 1808 290 1858 15
314 1805 417 1854 Kust.“
459 1802 585 1852 Crerrner.
616 1803 644 1852 in
670 1801 747 1851 Com-

203 1881 299 1928 meutt.
318 1872 440 1924 Herodd.
453 1889 479 1938 p.
493 1871 553 1934 371,
572 1871 662 1937 quiin
680 1875 746 1922 note

205 1947 328 1999 subiecto
338 1959 379 1995 nr.
398 1941 449 1994 386
461 1941 552 2008 plures
565 1941 661 1992 londst
673 1941 746 1991 viros

205 2019 315 2074 doctos,
335 2015 381 2078 qui
400 2013 433 2062 de
450 2013 493 2062 his
512 2012 687 2076 scripserunt.

239 2081 397 2149 λογίζονται
415 2074 553 2148 ψήφοισι]
572 2083 590 2132 i.
606 2098 629 2132 e.
646 2084 746 2141 ,ααὶεα-

204 2160 235 2207 lis
253 2160 393 2217 computans
406 2152 503 2204 Graeci
517 2168 534 2202 s
546 2152 657 2203 sinistre
670 2157 747 2216 perte

799 1169 925 1221 minicele
955 1171 987 1221 de
1011 1172 1039 1221 J.
1066 1167 1294 1232 Cbomberlsyne‚
1324 1186 1342 1219 s

799 1255 832 1291 eu
851 1246 906 1290 tort
924 1256 951 1306 p.
968 1241 1002 1292 85
1021 1240 1054 1290 de
1069 1237 1194 1304 releguer
1209 1241 1282 1286 cette
1300 1253 1341 1289 ss-

799 1312 901 1362 sertion
928 1311 964 1360 du
992 1309 1054 1376 pere
1085 1309 1117 1359 de
1148 1307 1282 1356 l’bistoire
1306 1323 1342 1358 eu

798 1381 909 1432 nombre
925 1381 972 1431 des
988 1380 1090 1440 fabios,
1111 1393 1163 1444 que
1176 1376 1295 1428 Diodore
1308 1377 1342 1429 ds

798 1451 880 1503 Sicile
897 1449 1027 1516 reprocbe
1046 1451 1061 1500 A
1079 1447 1218 1499 Herodoto
1236 1446 1342 1498 d'svoir

797 1528 858 1586 trop
886 1520 1052 1588 legerement
1078 1517 1219 1584 sdoptslcs.
1258 1519 1296 1568 Et
1321 1519 1342 1568 il

798 1597 839 1642 est
852 1593 906 1642 bon
922 1591 1078 1642 d'observer
1091 1606 1143 1656 que
1157 1593 1228 1640 cette
1242 1603 1341 1639 remer-

798 1677 850 1729 que
875 1661 1042 1712 d'Herodote
1070 1659 1222 1726 s'spplique
1251 1655 1342 1722 dgsls-

798 1737 871 1783 ment
898 1747 951 1782 eux
978 1731 1048 1782 deux
1072 1746 1169 1796 gentes
1196 1725 1341 1781 d'dcritnre

799 1803 845 1853 des
871 1801 1035 1867 Ερφφιίεαος
1066 1817 1114 1851 eor
1136 1804 1204 1851 c'est
1226 1813 1341 1864 presque

799 1870 1028 1923 immddietemsnt
1055 1868 1135 1936 sprbs
1165 1870 1191 1920 le
1214 1883 1340 1934 pussege,

816 1957 850 1993 us
867 1941 897 2005 je
910 1943 986 1993 riens
1002 1942 1036 1992 de
1050 1942 1127 2002 citer,
1147 1939 1213 2005 qu’il
1232 1938 1339 2004 ejecte:

799 1959 959 2076 aspersiones
984 2043 1018 2052 -
1044 2009 1200 2061 ssests'srco.u
1252 2011 1339 2074 Atque

799 2099 859 2134 eum
872 2083 961 2148 Sscyo
975 2082 1054 2148 plene
1065 2081 1171 2132 fuciunt
1185 2079 1244 2130 eius
1257 2081 1339 2145 cives,

799 2153 845 2220 qui
860 2157 957 2218 postes
970 2153 999 2202 in
1012 2151 1151 2202 Thebaide
1167 2150 1281 2217 grandis
1293 2151 1342 2201 ille

204 2225 240 2278 sd
257 2225 378 2275 dextrum
397 2226 586 2287 promoventes
607 2223 745 2273 menum.“
797 2228 970 2274 monuments
980 2221 1162 2288 explorarunt.
1183 2221 1266 2271 Cuius
1279 2237 1340 2272 exe

205 2295 306 2348 Corsis
326 2291 512 2356 (cuiuslocum
529 2292 676 2356 adscripsit
689 2291 744 2356 Cr.)
796 2294 877 2344 minis
899 2309 1003 2344 summe
1026 2307 1058 2342 eo
1081 2291 1164 2351 redit,
1188 2295 1219 2340 ut
1238 2295 1265 2341 et
1284 2291 1340 2342 hie·

204 2368 239 2417 sd
257 2363 398 2415 Heliodor.
422 2377 487 2428 pag.
511 2361 562 2413 315
579 2358 698 2426 ψήφους
718 2367 745 2413 et
795 2363 968 2430 roglyphicas
992 2363 1085 2412 literss
1104 2377 1121 2412 s
1139 2361 1235 2411 dextre
1251 2361 1286 2411 sd
1305 2361 1341 2412 si-

202 2437 229 2488 h.
249 2436 268 2485 l.
290 2439 317 2485 et
334 2432 446 2484 Diodor.
467 2431 550 2483 Sicul.
568 2432 631 2495 XII,
651 2431 681 2482 13
699 2447 745 2482 ex·
796 2435 909 2484 nistrom
933 2434 1050 2498 scriptus
1076 2447 1136 2483 esse
1164 2431 1339 2496 contendunt,

202 2507 288 2574 plicet
314 2504 437 2568 CMffree,
467 2492 519 2566 οὐχ
540 2491 641 2584 ,ἐτέρας
668 2493 746 2566 παρὰ
795 2504 875 2570 idque
894 2519 953 2554 cum
972 2505 1000 2553 in
1020 2495 1180 2568 templorum
1200 2502 1340 2568 parietinis

203 2569 237 2628 sol
255 2565 416 2641 γράμματα,
436 2563 495 2622 ἀλλ’
512 2565 586 2622 αντά
604 2570 693 2622 ταῦτα
711 2564 745 2622 τὰ
795 2573 1034 2638 inscriptionibus,
1060 2578 1117 2624 tum
1135 2588 1186 2623 nec
1204 2572 1293 2623 minus
1311 2574 1339 2623 in

203 2639 352 2712 γράμματα
363 2639 411 2693 καὶ
424 2643 549 2707 στοιχεῖα
564 2639 622 2692 τῶν
633 2639 742 2706 λέξεων,
796 2643 978 2694 voluminibus
1002 2644 1180 2709 pspyrsceis,
1204 2658 1274 2708 quse
1296 2643 1340 2694 vel

203 2713 244 2774 εἰς
259 2708 395 2778 ἀριθμῶν
419 2714 520 2777 σημεῖα
536 2703 744 2778 μεταλαμβανό-
795 2713 1025 2780 hieroglypbieem
1054 2715 1215 2778 scripturum
1237 2713 1340 2764 hebent

201 2802 281 2852 μενα.
323 2785 413 2834 Minus
437 2787 526 2846 recte,
554 2797 613 2833 mes
636 2781 743 2848 quidem
796 2783 840 2834 vel
859 2788 1026 2845 currentem,
1053 2784 1072 2832 i.
1097 2800 1121 2833 e.
1141 2782 1242 2844 literis,
1269 2799 1338 2847 ques

203 2855 395 2909 exsententis.
796 2855 920 2905 cursivos
955 2853 1063 2912 dicunt,
1094 2853 1205 2916 pictum.
1256 2853 1337 2914 „viu

231 2915 369 2990 Ἕλληνες
391 2915 443 2986 μὲν
469 2911 527 2970 ἀπὸ
556 2920 612 2971 τοῖν
635 2913 744 2982 ἄριστε·
797 2925 934 2987 Descript.
953 2923 986 2972 de
1008 2922 1079 2984 unp.
1105 2921 1160 2972 rol.
1183 2920 1222 2971 11.
1240 2939 1267 2986 p.
1287 2923 1338 2973 268

203 2992 262 3057 ρῶν
283 3009 309 3044 ιι.
330 3009 354 3044 τ.
374 2991 409 3057 t]
429 2990 528 3054 „Quod
551 2991 686 3042 scribendi
703 3007 746 3041 rs·
797 3009 854 3058 seq.
869 2993 929 3045 273.
944 2991 1025 3043 sosf‘
1046 2991 1161 3040 (irenses
1175 2990 1337 3042 Commentt.

202 3065 304 3116 tionem
330 3063 442 3121 attinet,
467 3060 518 3110 boc
542 3062 650 3112 nomine
672 3062 744 3126 petri
795 3061 915 3112 Herodd.
935 3079 960 3128 p.
979 3062 1030 3113 372
1048 3075 1116 3126 τεῳ,
1135 3061 1181 3111 ubi
1200 3061 1255 3111 elis
1272 3061 1338 3112 edii·

202 3134 334 3186 historice
345 3132 421 3182 litem
430 3129 603 3180 intenderunt
612 3130 743 3181 nonnulli.
796 3135 917 3193 cidnum,
943 3146 1013 3196 quse
1040 3131 1076 3180 sd
1101 3131 1265 3195 Aegyptiam
1292 3147 1338 3184 ve-

204 3207 323 3268 Querum
348 3208 440 3252 tumen
458 3205 571 3250 constes
597 3201 745 3251 retundunt
795 3208 880 3253 terem
893 3201 1013 3266 linguam
1028 3205 1111 3266 etque
1124 3201 1288 3252 Hebraicem
1304 3219 1336 3253 ex

201 3275 345 3340 inscriptio
364 3274 515 3323 Bosettsns
539 3271 650 3338 eiusque
671 3271 745 3321 docti
796 3287 851 3322 uns
870 3273 954 3336 stirpe
972 3271 1130 3336 progenitus
1153 3277 1180 3321 et
1199 3273 1277 3336 quusi
1295 3289 1337 3324 so-

202 3346 379 3408 intsrpretes‚
401 3358 415 3392 e
433 3340 531 3404 quibus
548 3341 630 3406 Sncyi
653 3339 745 3401 (lettre
796 3343 892 3404 sorios,
910 3347 941 3391 ut
952 3341 1261 3404 nonnullieontendnnt,
1277 3359 1337 3408 spe·

203 3431 238 3465 su
257 3415 303 3465 cit.
324 3409 450 3476 chemel,
476 3410 576 3461 minist.
602 3411 635 3460 de
658 3408 746 3460 l'inte-
797 3417 885 3472 ctent;
904 3426 974 3476 quse
992 3413 1053 3476 ipss
1070 3412 1274 3462 recentissimae
1293 3429 1337 3464 ee·

203 3487 284 3546 rieur,
303 3499 353 3550 per
371 3481 482 3532 Silvest.
501 3479 534 3528 de
546 3481 618 3545 Sscy
636 3481 744 3530 APcris
796 3483 862 3532 tutis
881 3481 978 3532 studiis
1003 3482 1043 3531 ite
1062 3481 1238 3546 comprobate
1263 3487 1335 3542 sunt,

205 3554 279 3606 1802.
299 3569 361 3618 pse.
382 3551 426 3604 37.
439 3549 484 3612 38)
500 3550 583 3600 verbs
597 3565 745 3615 epponem:
797 3559 827 3603 ut
845 3557 987 3617 utramque
1003 3551 1124 3617 linguam
1147 3555 1220 3601 certe
1237 3567 1336 3617 cogns-

205 3627 279 3684 ...J'ai
296 3622 361 3686 ddjb
384 3621 437 3684 dit,
462 3634 514 3684 que
535 3619 562 3668 ls
585 3620 693 3670 marche
712 3620 745 3670 de
797 3627 853 3672 tem
876 3626 904 3672 et
928 3637 961 3672 ex
984 3623 1076 3672 eodem
1100 3621 1158 3670 fers
1182 3621 1258 3670 fonte
1276 3637 1337 3686 pro-

203 3693 341 3746 l’dcriture
358 3690 531 3757 Egyptisnne
555 3689 588 3741 de
611 3695 689 3740 notre
707 3691 746 3740 in·
797 3693 896 3743 tectam
915 3693 1005 3743 dicere
1025 3693 1116 3743 licent.

203 3765 334 3828 scription
353 3767 396 3813 est
418 3758 573 3812 conformes
592 3760 609 3810 A
626 3759 694 3810 cells
713 3760 745 3810 de
832 3753 878 3811 tet
904 3753 994 3826 δεξιὰ]
1019 3759 1170 3814 Articulum
1197 3751 1231 3808 sel
1253 3759 1335 3824 vulgo

201 3834 336 3899 l'hebreu,
355 3835 424 3883 c'est
443 3831 459 3880 t
479 3831 551 3891 dire,
572 3829 668 3896 qn'elle
686 3846 745 3894 pro·
797 3833 926 3883 insertum
953 3847 1013 3881 cum
1031 3831 1162 3892 Florent,
1187 3829 1336 3892 Ssncrot't.,

203 3904 269 3956 cede
287 3902 320 3953 de
339 3899 588 3965 droitebgsuebe.
626 3901 744 3952 C'estce
796 3902 871 3962 eliis,
892 3901 1048 3952 obiecimus.
1087 3901 1126 3951 Ae
1143 3899 1337 3964 probetCreu·

203 3979 267 4036 qn's
285 3973 325 4023 dit
343 3969 512 4022 Herodote.“
541 3971 742 4032 „„LesGrecs,
796 3986 873 4022 zerns
888 3971 917 4020 in
930 3970 1092 4020 Commentt.
1107 3969 1227 4019 Herodd.
1239 3971 1336 4033 puro,

203 4043 289 4105 dit-il,
309 4041 431 4094 derivent
449 4056 483 4091 en
500 4045 610 4104 portent
626 4039 653 4090 le
670 4040 743 4090 mein
795 4043 841 4092 ubi
869 4045 933 4106 epte
955 4040 1079 4091 Platonis
1104 4039 1193 4090 locum
1222 4039 1300 4090 effert
1323 4056 1337 4090 e

203 4114 236 4164 de
250 4112 384 4178 genebat
397 4109 577 4162 droiteetles
591 4110 742 4175 Egyptieus
794 4111 920 4176 Sympos.
940 4126 966 4176 p.
988 4111 1038 4161 177
1055 4111 1114 4160 sire
1132 4126 1158 4173 p.
1179 4109 1230 4160 3711
1247 4109 1336 4160 Belrlr.

202 4197 238 4232 eu
250 4180 394 4242 contraire,
410 4181 479 4230 enin
491 4185 600 4244 portent
612 4179 645 4230 de
657 4180 744 4231 droite
793 4183 836 4232 Tu
861 4180 923 4231 edd.
948 4179 981 4230 de
1010 4180 1061 4230 hoe
1085 4179 1192 4229 dicendi
1221 4179 1338 4230 fonnuls

202 4249 742 4317 Agsucbe.““SublicitSucyusGrsecs
794 4251 901 4306 Isoobs.
928 4250 963 4299 sd
989 4249 1095 4300 Aelisn.
1119 4249 1153 4298 N.
1173 4249 1206 4298 A.
1229 4250 1278 4313 Vi,
1303 4248 1337 4300 50

201 4319 335 4370 Herodoti
361 4319 459 4378 verbo,
485 4325 542 4368 tum
572 4320 613 4368 its
638 4320 741 4384 pergit:
793 4337 820 4385 p.
839 4319 900 4370 240.

201 4390 305 4450 „Notre
319 4388 479 4452 inscription
492 4388 672 4452 prouvedenc
688 4388 743 4439 dvi·
828 4385 989 4452 deposimus
1013 4379 1044 4435 dl
1068 4377 1210 4451 γράμμασι
1233 4384 1336 4450 χρέων-
