<?xml version="1.0" encoding="UTF-8"?>
<!DOCTYPE html PUBLIC "-//W3C//DTD XHTML 1.0 Transitional//EN"
    "http://www.w3.org/TR/xhtml1/DTD/xhtml1-transitional.dtd">
<html xmlns="http://www.w3.org/1999/xhtml" xml:lang="en" lang="en">
 <head>
  <title>
</title>
<meta http-equiv="Content-Type" content="text/html;charset=utf-8" />
  <meta name='ocr-system' content='tesseract 3.04.00' />
  <meta name='ocr-capabilities' content='ocr_page ocr_carea ocr_par ocr_line ocrx_word'/>
</head>
<body>
  <div class='ocr_page' id='page_1' title='image "./herodotihalicar00bhgoog_0591.png"; bbox 0 0 3058 4928; ppageno 0'>
   <div class='ocr_carea' id='block_1_1' title="bbox 211 267 915 358">
    <p class='ocr_par' dir='ltr' id='par_1_1' title="bbox 211 267 915 358">
     <span class='ocr_line' id='line_1_1' title="bbox 211 267 915 358; baseline -0.01 0"><span class='ocrx_word' id='word_1_1' title='bbox 211 295 272 358; x_wconf 78' lang='grc' dir='ltr'><strong>ιοι</strong></span> <span class='ocrx_word' id='word_1_2' title='bbox 390 267 394 274; x_wconf 84' lang='grc'>’</span> <span class='ocrx_word' id='word_1_3' title='bbox 643 289 915 352; x_wconf 75' lang='lat' dir='ltr'><strong>nunonem</strong></span> 
     </span>
    </p>
   </div>
   <div class='ocr_carea' id='block_1_2' title="bbox 168 461 1354 1180">
    <p class='ocr_par' dir='ltr' id='par_1_2' title="bbox 168 461 1354 1180">
     <span class='ocr_line' id='line_1_2' title="bbox 208 461 1354 558; baseline -0.003 -20"><span class='ocrx_word' id='word_1_4' title='bbox 208 491 264 539; x_wconf 91' lang='grc' dir='ltr'><strong><em>σαι</em></strong></span> <span class='ocrx_word' id='word_1_5' title='bbox 284 474 530 558; x_wconf 74' lang='grc' dir='ltr'><strong><em>κροταλίζουσι,</em></strong></span> <span class='ocrx_word' id='word_1_6' title='bbox 557 468 592 535; x_wconf 80' lang='lat' dir='ltr'><strong>oi</strong></span> <span class='ocrx_word' id='word_1_7' title='bbox 608 464 645 534; x_wconf 67' lang='lat' dir='ltr'><strong>dl</strong></span> <span class='ocrx_word' id='word_1_8' title='bbox 666 461 824 534; x_wconf 77' lang='grc' dir='ltr'><em>αὐλέουσι</em></span> <span class='ocrx_word' id='word_1_9' title='bbox 849 461 934 533; x_wconf 84' lang='grc' dir='ltr'><strong><em>κατά</em></strong></span> <span class='ocrx_word' id='word_1_10' title='bbox 954 462 1063 534; x_wconf 88' lang='grc' dir='ltr'><strong><em>πάντα</em></strong></span> <span class='ocrx_word' id='word_1_11' title='bbox 1083 462 1142 536; x_wconf 88' lang='grc' dir='ltr'><strong><em>τὸν</em></strong></span> <span class='ocrx_word' id='word_1_12' title='bbox 1169 464 1290 536; x_wconf 90' lang='grc' dir='ltr'><strong><em>πλόου·</em></strong></span> <span class='ocrx_word' id='word_1_13' title='bbox 1316 470 1354 534; x_wconf 82' lang='lat' dir='ltr'><strong>ui</strong></span> 
     </span>
     <span class='ocr_line' id='line_1_3' title="bbox 210 565 1348 659; baseline -0.004 -17"><span class='ocrx_word' id='word_1_14' title='bbox 210 573 247 643; x_wconf 65' lang='lat' dir='ltr'><strong>dl</strong></span> <span class='ocrx_word' id='word_1_15' title='bbox 261 573 375 642; x_wconf 80' lang='grc' dir='ltr'><strong><em>λοιπαί</em></strong></span> <span class='ocrx_word' id='word_1_16' title='bbox 395 587 553 658; x_wconf 75' lang='grc' dir='ltr'><strong><em>γυναῖκες</em></strong></span> <span class='ocrx_word' id='word_1_17' title='bbox 567 571 623 638; x_wconf 82' lang='grc' dir='ltr'><strong><em>καὶ</em></strong></span> <span class='ocrx_word' id='word_1_18' title='bbox 641 565 763 659; x_wconf 73' lang='grc' dir='ltr'><strong><em>ἄνδρες</em></strong></span> <span class='ocrx_word' id='word_1_19' title='bbox 783 565 935 638; x_wconf 78' lang='grc' dir='ltr'><em>ἀείδουσι</em></span> <span class='ocrx_word' id='word_1_20' title='bbox 956 571 1012 638; x_wconf 82' lang='grc' dir='ltr'><strong><em>καὶ</em></strong></span> <span class='ocrx_word' id='word_1_21' title='bbox 1031 565 1089 649; x_wconf 85' lang='grc' dir='ltr'><strong><em>τάς</em></strong></span> <span class='ocrx_word' id='word_1_22' title='bbox 1104 585 1216 659; x_wconf 78' lang='grc' dir='ltr'><strong><em>χεῖρας</em></strong></span> <span class='ocrx_word' id='word_1_23' title='bbox 1234 571 1348 659; x_wconf 81' lang='grc' dir='ltr'><strong><em>κροτέ-</em></strong></span> 
     </span>
     <span class='ocr_line' id='line_1_4' title="bbox 210 669 1347 762; baseline -0.004 -16"><span class='ocrx_word' id='word_1_24' title='bbox 210 698 296 746; x_wconf 93' lang='grc' dir='ltr'><strong><em>ουσι.</em></strong></span> <span class='ocrx_word' id='word_1_25' title='bbox 340 673 443 745; x_wconf 77' lang='grc' dir='ltr'><strong><em>ἐπεάν</em></strong></span> <span class='ocrx_word' id='word_1_26' title='bbox 464 674 501 744; x_wconf 73' lang='grc' dir='ltr'><strong>δὲ</strong></span> <span class='ocrx_word' id='word_1_27' title='bbox 529 676 687 753; x_wconf 81' lang='grc' dir='ltr'><strong><em>πλέοντες</em></strong></span> <span class='ocrx_word' id='word_1_28' title='bbox 708 671 793 741; x_wconf 84' lang='grc' dir='ltr'><strong><em>κατά</em></strong></span> <span class='ocrx_word' id='word_1_29' title='bbox 813 700 889 742; x_wconf 92' lang='grc' dir='ltr'><strong><em>τινα</em></strong></span> <span class='ocrx_word' id='word_1_30' title='bbox 918 672 1016 744; x_wconf 85' lang='grc' dir='ltr'><strong><em>πόλιν</em></strong></span> <span class='ocrx_word' id='word_1_31' title='bbox 1044 669 1151 762; x_wconf 84' lang='grc' dir='ltr'><strong><em>άλλην</em></strong></span> <span class='ocrx_word' id='word_1_32' title='bbox 1170 675 1347 761; x_wconf 78' lang='grc' dir='ltr'><strong><em>γένωνται,</em></strong></span> 
     </span>
     <span class='ocr_line' id='line_1_5' title="bbox 210 774 1348 870; baseline -0.004 -20"><span class='ocrx_word' id='word_1_33' title='bbox 210 785 453 870; x_wconf 72' lang='grc' dir='ltr'><strong><em>ἐγχρίμψαντες</em></strong></span> <span class='ocrx_word' id='word_1_34' title='bbox 473 774 535 866; x_wconf 84' lang='grc' dir='ltr'><strong><em>τὴν</em></strong></span> <span class='ocrx_word' id='word_1_35' title='bbox 558 782 661 867; x_wconf 83' lang='grc' dir='ltr'><strong><em>βάριν</em></strong></span> <span class='ocrx_word' id='word_1_36' title='bbox 681 783 722 866; x_wconf 79' lang='grc' dir='ltr'><strong><em>τῇ</em></strong></span> <span class='ocrx_word' id='word_1_37' title='bbox 736 781 780 865; x_wconf 76' lang='grc' dir='ltr'><strong>γῇ</strong></span> <span class='ocrx_word' id='word_1_38' title='bbox 797 781 930 846; x_wconf 82' lang='grc' dir='ltr'><strong><em>ποιεῦσι</em></strong></span> <span class='ocrx_word' id='word_1_39' title='bbox 947 775 1071 847; x_wconf 77' lang='grc' dir='ltr'><strong><em>τοιάδε.</em></strong></span> <span class='ocrx_word' id='word_1_40' title='bbox 1115 781 1153 846; x_wconf 80' lang='lat' dir='ltr'><strong>ul</strong></span> <span class='ocrx_word' id='word_1_41' title='bbox 1174 780 1238 867; x_wconf 83' lang='grc' dir='ltr'><strong>μίν</strong></span> <span class='ocrx_word' id='word_1_42' title='bbox 1259 803 1348 857; x_wconf 81' lang='grc' dir='ltr'><strong><em>τινες</em></strong></span> 
     </span>
     <span class='ocr_line' id='line_1_6' title="bbox 209 865 1347 972; baseline -0.004 -20"><span class='ocrx_word' id='word_1_43' title='bbox 209 889 278 954; x_wconf 78' lang='grc' dir='ltr'><strong><em>τῶν</em></strong></span> <span class='ocrx_word' id='word_1_44' title='bbox 297 887 472 972; x_wconf 79' lang='grc' dir='ltr'><strong><em>γυναικῶν</em></strong></span> <span class='ocrx_word' id='word_1_45' title='bbox 487 885 638 966; x_wconf 82' lang='grc' dir='ltr'><strong><em>ποιεῦσι,</em></strong></span> <span class='ocrx_word' id='word_1_46' title='bbox 660 879 764 969; x_wconf 86' lang='grc' dir='ltr'><strong><em>τάπερ</em></strong></span> <span class='ocrx_word' id='word_1_47' title='bbox 780 865 914 969; x_wconf 75' lang='grc' dir='ltr'><strong><em>είρὴκα·</em></strong></span> <span class='ocrx_word' id='word_1_48' title='bbox 942 885 981 950; x_wconf 87' lang='grc' dir='ltr'><strong><em>αί</em></strong></span> <span class='ocrx_word' id='word_1_49' title='bbox 995 880 1032 949; x_wconf 74' lang='grc' dir='ltr'><strong>δὲ</strong></span> <span class='ocrx_word' id='word_1_50' title='bbox 1053 879 1241 964; x_wconf 76' lang='grc' dir='ltr'><strong><em>τωθάζουσι</em></strong></span> <span class='ocrx_word' id='word_1_51' title='bbox 1259 886 1347 969; x_wconf 81' lang='grc' dir='ltr'><strong><em>βοῶ-</em></strong></span> 
     </span>
     <span class='ocr_line' id='line_1_7' title="bbox 209 980 1345 1076; baseline -0.004 -20"><span class='ocrx_word' id='word_1_52' title='bbox 209 1009 265 1056; x_wconf 85' lang='grc' dir='ltr'><strong>σαι</strong></span> <span class='ocrx_word' id='word_1_53' title='bbox 284 985 342 1067; x_wconf 81' lang='grc' dir='ltr'><strong><em>τάς</em></strong></span> <span class='ocrx_word' id='word_1_54' title='bbox 361 991 399 1056; x_wconf 81' lang='grc' dir='ltr'><strong>ἑν</strong></span> <span class='ocrx_word' id='word_1_55' title='bbox 419 991 459 1076; x_wconf 77' lang='grc' dir='ltr'><strong><em>τῇ</em></strong></span> <span class='ocrx_word' id='word_1_56' title='bbox 477 985 572 1054; x_wconf 88' lang='grc' dir='ltr'><strong><em>πόλει</em></strong></span> <span class='ocrx_word' id='word_1_57' title='bbox 594 986 698 1074; x_wconf 78' lang='grc' dir='ltr'><strong><em>ταύτῃ</em></strong></span> <span class='ocrx_word' id='word_1_58' title='bbox 719 999 899 1071; x_wconf 73' lang='grc' dir='ltr'><strong><em>γυναῖκας,</em></strong></span> <span class='ocrx_word' id='word_1_59' title='bbox 925 988 963 1052; x_wconf 90' lang='grc' dir='ltr'><strong><em>αί</em></strong></span> <span class='ocrx_word' id='word_1_60' title='bbox 980 980 1013 1052; x_wconf 85' lang='lat' dir='ltr'><strong>d&#39;</strong></span> <span class='ocrx_word' id='word_1_61' title='bbox 1036 981 1229 1074; x_wconf 82' lang='grc' dir='ltr'><strong><em>ὀρχέονται,</em></strong></span> <span class='ocrx_word' id='word_1_62' title='bbox 1256 989 1295 1052; x_wconf 76' lang='lat' dir='ltr'><strong>ul</strong></span> <span class='ocrx_word' id='word_1_63' title='bbox 1312 981 1345 1053; x_wconf 79' lang='grc' dir='ltr'><strong>δ’</strong></span> 
     </span>
     <span class='ocr_line' id='line_1_8' title="bbox 168 1083 1346 1180; baseline -0.002 -20"><span class='ocrx_word' id='word_1_64' title='bbox 168 1136 171 1142; x_wconf 69' lang='lat'><em>,</em></span> <span class='ocrx_word' id='word_1_65' title='bbox 211 1088 436 1180; x_wconf 76' lang='grc' dir='ltr'><strong><em>ἀνασύρονται</em></strong></span> <span class='ocrx_word' id='word_1_66' title='bbox 455 1085 682 1176; x_wconf 79' lang='grc' dir='ltr'><strong><em>ἀνιστάμεναι.</em></strong></span> <span class='ocrx_word' id='word_1_67' title='bbox 722 1092 828 1156; x_wconf 84' lang='grc' dir='ltr'><strong><em>ταῦτα</em></strong></span> <span class='ocrx_word' id='word_1_68' title='bbox 843 1083 933 1177; x_wconf 85' lang='grc' dir='ltr'><strong><em>παρά</em></strong></span> <span class='ocrx_word' id='word_1_69' title='bbox 948 1092 1058 1156; x_wconf 82' lang='grc' dir='ltr'><strong><em>πᾶσαν</em></strong></span> <span class='ocrx_word' id='word_1_70' title='bbox 1079 1086 1180 1157; x_wconf 89' lang='grc' dir='ltr'><strong><em>πόλιν</em></strong></span> <span class='ocrx_word' id='word_1_71' title='bbox 1193 1113 1346 1177; x_wconf 86' lang='grc' dir='ltr'><strong><em>παραπο-</em></strong></span> 
     </span>
    </p>
   </div>
   <div class='ocr_carea' id='block_1_3' title="bbox 140 1286 1350 4423">
    <p class='ocr_par' dir='ltr' id='par_1_3' title="bbox 140 1286 1350 4423">
     <span class='ocr_line' id='line_1_9' title="bbox 140 1286 1348 1356; baseline -0.001 -16"><span class='ocrx_word' id='word_1_72' title='bbox 140 1318 143 1325; x_wconf 80' lang='lat'><em>,</em></span> <span class='ocrx_word' id='word_1_73' title='bbox 210 1295 344 1356; x_wconf 84' lang='lat' dir='ltr'><strong>quuntur,</strong></span> <span class='ocrx_word' id='word_1_74' title='bbox 373 1290 440 1356; x_wconf 85' lang='lat' dir='ltr'><strong>ipsis</strong></span> <span class='ocrx_word' id='word_1_75' title='bbox 471 1289 665 1341; x_wconf 79' lang='lat' dir='ltr'><strong>confirmantur</strong></span> <span class='ocrx_word' id='word_1_76' title='bbox 688 1289 754 1339; x_wconf 84' lang='lat' dir='ltr'><strong>ime·</strong></span> <span class='ocrx_word' id='word_1_77' title='bbox 805 1289 891 1338; x_wconf 89' lang='lat' dir='ltr'><strong>tinere</strong></span> <span class='ocrx_word' id='word_1_78' title='bbox 908 1286 1030 1351; x_wconf 83' lang='lat' dir='ltr'><strong>videtur,</strong></span> <span class='ocrx_word' id='word_1_79' title='bbox 1049 1303 1103 1354; x_wconf 84' lang='lat' dir='ltr'><strong>qua</strong></span> <span class='ocrx_word' id='word_1_80' title='bbox 1116 1290 1146 1339; x_wconf 88' lang='lat' dir='ltr'><strong>iu</strong></span> <span class='ocrx_word' id='word_1_81' title='bbox 1161 1288 1280 1342; x_wconf 86' lang='lat' dir='ltr'><strong>deterius</strong></span> <span class='ocrx_word' id='word_1_82' title='bbox 1293 1290 1348 1340; x_wconf 86' lang='lat' dir='ltr'><strong>iam</strong></span> 
     </span>
     <span class='ocr_line' id='line_1_10' title="bbox 210 1358 1347 1426; baseline 0 -17"><span class='ocrx_word' id='word_1_83' title='bbox 210 1361 334 1426; x_wconf 73' lang='lat' dir='ltr'><strong>pinibus,</strong></span> <span class='ocrx_word' id='word_1_84' title='bbox 354 1359 448 1426; x_wconf 90' lang='lat' dir='ltr'><strong>quales</strong></span> <span class='ocrx_word' id='word_1_85' title='bbox 461 1360 549 1412; x_wconf 83' lang='lat' dir='ltr'><strong>adhue</strong></span> <span class='ocrx_word' id='word_1_86' title='bbox 563 1360 695 1424; x_wconf 75' lang='lat' dir='ltr'><strong>praebent</strong></span> <span class='ocrx_word' id='word_1_87' title='bbox 708 1374 754 1410; x_wconf 81' lang='lat' dir='ltr'><strong>re·</strong></span> <span class='ocrx_word' id='word_1_88' title='bbox 804 1358 883 1424; x_wconf 75' lang='lat' dir='ltr'><strong>lapsa</strong></span> <span class='ocrx_word' id='word_1_89' title='bbox 902 1359 983 1409; x_wconf 83' lang='lat' dir='ltr'><strong>luerit</strong></span> <span class='ocrx_word' id='word_1_90' title='bbox 1002 1359 1116 1424; x_wconf 88' lang='lat' dir='ltr'><strong>antiqua</strong></span> <span class='ocrx_word' id='word_1_91' title='bbox 1137 1361 1242 1411; x_wconf 84' lang='lat' dir='ltr'><strong>musica</strong></span> <span class='ocrx_word' id='word_1_92' title='bbox 1259 1375 1347 1422; x_wconf 83' lang='lat' dir='ltr'><strong>saera,</strong></span> 
     </span>
     <span class='ocr_line' id='line_1_11' title="bbox 210 1428 1350 1497; baseline -0.002 -17"><span class='ocrx_word' id='word_1_93' title='bbox 210 1433 275 1480; x_wconf 86' lang='lat' dir='ltr'><strong>teris</strong></span> <span class='ocrx_word' id='word_1_94' title='bbox 294 1431 412 1497; x_wconf 75' lang='lat' dir='ltr'><strong>Aegypti</strong></span> <span class='ocrx_word' id='word_1_95' title='bbox 425 1435 616 1481; x_wconf 79' lang='lat' dir='ltr'><strong>monumenta.</strong></span> <span class='ocrx_word' id='word_1_96' title='bbox 647 1429 681 1478; x_wconf 92' lang='lat' dir='ltr'><strong>In</strong></span> <span class='ocrx_word' id='word_1_97' title='bbox 698 1429 755 1494; x_wconf 91' lang='lat' dir='ltr'><strong>qui·</strong></span> <span class='ocrx_word' id='word_1_98' title='bbox 806 1428 852 1478; x_wconf 90' lang='lat' dir='ltr'><strong>sed</strong></span> <span class='ocrx_word' id='word_1_99' title='bbox 871 1443 958 1494; x_wconf 78' lang='lat' dir='ltr'><strong>aequo</strong></span> <span class='ocrx_word' id='word_1_100' title='bbox 975 1429 1034 1478; x_wconf 88' lang='lat' dir='ltr'><strong>iure</strong></span> <span class='ocrx_word' id='word_1_101' title='bbox 1055 1429 1139 1493; x_wconf 84' lang='lat' dir='ltr'>priori</span> <span class='ocrx_word' id='word_1_102' title='bbox 1162 1445 1230 1481; x_wconf 85' lang='lat' dir='ltr'><strong>aevo</strong></span> <span class='ocrx_word' id='word_1_103' title='bbox 1249 1430 1350 1481; x_wconf 84' lang='lat' dir='ltr'><strong>adseri-</strong></span> 
     </span>
     <span class='ocr_line' id='line_1_12' title="bbox 209 1498 1349 1565; baseline -0.003 -13"><span class='ocrx_word' id='word_1_104' title='bbox 209 1503 260 1552; x_wconf 87' lang='lat' dir='ltr'><strong>hus</strong></span> <span class='ocrx_word' id='word_1_105' title='bbox 287 1505 432 1551; x_wconf 81' lang='lat' dir='ltr'><strong>occurrunt</strong></span> <span class='ocrx_word' id='word_1_106' title='bbox 454 1499 579 1550; x_wconf 87' lang='lat' dir='ltr'><strong>mulieres</strong></span> <span class='ocrx_word' id='word_1_107' title='bbox 603 1499 755 1564; x_wconf 86' lang='lat' dir='ltr'><strong>erepitaou-</strong></span> <span class='ocrx_word' id='word_1_108' title='bbox 804 1498 907 1562; x_wconf 85' lang='lat' dir='ltr'><strong>benda‚</strong></span> <span class='ocrx_word' id='word_1_109' title='bbox 930 1498 978 1548; x_wconf 92' lang='lat' dir='ltr'><strong>uhi</strong></span> <span class='ocrx_word' id='word_1_110' title='bbox 1000 1499 1029 1547; x_wconf 89' lang='lat' dir='ltr'><strong>in</strong></span> <span class='ocrx_word' id='word_1_111' title='bbox 1057 1499 1133 1565; x_wconf 79' lang='lat' dir='ltr'><strong>vulgi</strong></span> <span class='ocrx_word' id='word_1_112' title='bbox 1156 1500 1235 1551; x_wconf 89' lang='lat' dir='ltr'><strong>lestis</strong></span> <span class='ocrx_word' id='word_1_113' title='bbox 1257 1515 1349 1550; x_wconf 89' lang='lat' dir='ltr'><strong>neees-</strong></span> 
     </span>
     <span class='ocr_line' id='line_1_13' title="bbox 209 1567 1349 1636; baseline -0.001 -16"><span class='ocrx_word' id='word_1_114' title='bbox 209 1571 266 1620; x_wconf 88' lang='lat' dir='ltr'><strong>lum</strong></span> <span class='ocrx_word' id='word_1_115' title='bbox 293 1572 351 1621; x_wconf 81' lang='lat' dir='ltr'><strong>sive</strong></span> <span class='ocrx_word' id='word_1_116' title='bbox 379 1571 489 1620; x_wconf 87' lang='lat' dir='ltr'><strong>sistrum</strong></span> <span class='ocrx_word' id='word_1_117' title='bbox 517 1571 671 1636; x_wconf 81' lang='lat' dir='ltr'><strong>agitantes:</strong></span> <span class='ocrx_word' id='word_1_118' title='bbox 701 1568 755 1618; x_wconf 84' lang='lat' dir='ltr'><strong>nisi</strong></span> <span class='ocrx_word' id='word_1_119' title='bbox 806 1569 879 1619; x_wconf 85' lang='lat' dir='ltr'><strong>sario</strong></span> <span class='ocrx_word' id='word_1_120' title='bbox 905 1567 1093 1618; x_wconf 70' lang='lat' dir='ltr'><strong>adhibebatur.</strong></span> <span class='ocrx_word' id='word_1_121' title='bbox 1135 1569 1198 1621; x_wconf 89' lang='lat' dir='ltr'><strong>Vid.</strong></span> <span class='ocrx_word' id='word_1_122' title='bbox 1222 1570 1349 1621; x_wconf 80' lang='lat' dir='ltr'><strong>Creureri</strong></span> 
     </span>
     <span class='ocr_line' id='line_1_14' title="bbox 210 1629 1347 1706; baseline 0 -16"><span class='ocrx_word' id='word_1_123' title='bbox 210 1640 289 1690; x_wconf 88' lang='lat' dir='ltr'><strong>malis</strong></span> <span class='ocrx_word' id='word_1_124' title='bbox 313 1641 341 1690; x_wconf 89' lang='lat' dir='ltr'><strong>in</strong></span> <span class='ocrx_word' id='word_1_125' title='bbox 364 1641 518 1691; x_wconf 86' lang='lat' dir='ltr'><strong>Herodoteo</strong></span> <span class='ocrx_word' id='word_1_126' title='bbox 547 1639 607 1690; x_wconf 87' lang='lat' dir='ltr'><strong>looo</strong></span> <span class='ocrx_word' id='word_1_127' title='bbox 633 1629 755 1702; x_wconf 77' lang='grc' dir='ltr'><strong><em>κρόταλα</em></strong></span> <span class='ocrx_word' id='word_1_128' title='bbox 806 1637 926 1704; x_wconf 83' lang='lat' dir='ltr'><strong>Symbol.</strong></span> <span class='ocrx_word' id='word_1_129' title='bbox 949 1638 987 1688; x_wconf 92' lang='lat'><strong>11.</strong></span> <span class='ocrx_word' id='word_1_130' title='bbox 1007 1654 1035 1702; x_wconf 88' lang='lat' dir='ltr'><strong>p.</strong></span> <span class='ocrx_word' id='word_1_131' title='bbox 1057 1639 1131 1702; x_wconf 73' lang='lat'><strong>172,</strong></span> <span class='ocrx_word' id='word_1_132' title='bbox 1155 1643 1201 1706; x_wconf 86' lang='lat' dir='ltr'><strong>qui</strong></span> <span class='ocrx_word' id='word_1_133' title='bbox 1218 1640 1271 1690; x_wconf 89' lang='lat' dir='ltr'><strong>hoo</strong></span> <span class='ocrx_word' id='word_1_134' title='bbox 1287 1639 1347 1690; x_wconf 86' lang='lat' dir='ltr'><strong>loeo</strong></span> 
     </span>
     <span class='ocr_line' id='line_1_15' title="bbox 210 1708 1348 1777; baseline -0.002 -17"><span class='ocrx_word' id='word_1_135' title='bbox 210 1710 243 1760; x_wconf 86' lang='lat' dir='ltr'><strong>de</strong></span> <span class='ocrx_word' id='word_1_136' title='bbox 260 1710 379 1777; x_wconf 69' lang='lat' dir='ltr'><strong>cymbalis</strong></span> <span class='ocrx_word' id='word_1_137' title='bbox 397 1710 558 1776; x_wconf 86' lang='lat' dir='ltr'><strong>intelligere,</strong></span> <span class='ocrx_word' id='word_1_138' title='bbox 576 1713 607 1759; x_wconf 89' lang='lat' dir='ltr'><strong>ut</strong></span> <span class='ocrx_word' id='word_1_139' title='bbox 626 1709 754 1774; x_wconf 85' lang='lat' dir='ltr'><strong>proponit</strong></span> <span class='ocrx_word' id='word_1_140' title='bbox 804 1709 927 1774; x_wconf 79' lang='lat' dir='ltr'><strong>inprimis</strong></span> <span class='ocrx_word' id='word_1_141' title='bbox 952 1708 1070 1758; x_wconf 87' lang='lat' dir='ltr'><strong>eonlerri</strong></span> <span class='ocrx_word' id='word_1_142' title='bbox 1092 1708 1152 1758; x_wconf 80' lang='lat' dir='ltr'><strong>vult</strong></span> <span class='ocrx_word' id='word_1_143' title='bbox 1176 1710 1294 1761; x_wconf 88' lang='lat' dir='ltr'><strong>Iomard.</strong></span> <span class='ocrx_word' id='word_1_144' title='bbox 1319 1710 1348 1759; x_wconf 92' lang='lat' dir='ltr'><strong>in</strong></span> 
     </span>
     <span class='ocr_line' id='line_1_16' title="bbox 210 1777 1347 1846; baseline -0.001 -15"><span class='ocrx_word' id='word_1_145' title='bbox 210 1779 374 1831; x_wconf 77' lang='lat' dir='ltr'><strong>Willrinson.</strong></span> <span class='ocrx_word' id='word_1_146' title='bbox 386 1781 513 1831; x_wconf 84' lang='lat' dir='ltr'><strong>Manners</strong></span> <span class='ocrx_word' id='word_1_147' title='bbox 528 1779 566 1830; x_wconf 91' lang='lat' dir='ltr'><strong>II.</strong></span> <span class='ocrx_word' id='word_1_148' title='bbox 578 1795 606 1844; x_wconf 93' lang='lat' dir='ltr'><strong>p.</strong></span> <span class='ocrx_word' id='word_1_149' title='bbox 616 1778 668 1829; x_wconf 81' lang='grc'><strong>318</strong></span> <span class='ocrx_word' id='word_1_150' title='bbox 680 1777 753 1843; x_wconf 84' lang='grc' dir='ltr'><strong><em>(ιοΙΙ.</em></strong></span> <span class='ocrx_word' id='word_1_151' title='bbox 803 1779 941 1843; x_wconf 86' lang='lat' dir='ltr'><strong>Deseript.</strong></span> <span class='ocrx_word' id='word_1_152' title='bbox 952 1778 986 1828; x_wconf 95' lang='lat' dir='ltr'><strong>de</strong></span> <span class='ocrx_word' id='word_1_153' title='bbox 997 1778 1068 1843; x_wconf 84' lang='lat' dir='ltr'><strong>l’Eg.</strong></span> <span class='ocrx_word' id='word_1_154' title='bbox 1080 1778 1189 1846; x_wconf 76' lang='lat' dir='ltr'><strong>Antiqq.</strong></span> <span class='ocrx_word' id='word_1_155' title='bbox 1198 1781 1222 1832; x_wconf 89' lang='lat' dir='ltr'><strong>l.</strong></span> <span class='ocrx_word' id='word_1_156' title='bbox 1233 1780 1260 1842; x_wconf 84' lang='lat'><strong>(3</strong></span> <span class='ocrx_word' id='word_1_157' title='bbox 1271 1779 1347 1844; x_wconf 83' lang='lat' dir='ltr'><strong>livr.)</strong></span> 
     </span>
     <span class='ocr_line' id='line_1_17' title="bbox 210 1843 1346 1917; baseline 0 -17"><span class='ocrx_word' id='word_1_158' title='bbox 210 1865 265 1900; x_wconf 85' lang='lat' dir='ltr'><strong>see.</strong></span> <span class='ocrx_word' id='word_1_159' title='bbox 285 1865 337 1900; x_wconf 89' lang='lat' dir='ltr'><strong>ser.</strong></span> <span class='ocrx_word' id='word_1_160' title='bbox 356 1849 381 1902; x_wconf 94' lang='lat'><strong>1.</strong></span> <span class='ocrx_word' id='word_1_161' title='bbox 394 1865 421 1915; x_wconf 92' lang='lat' dir='ltr'><strong>p.</strong></span> <span class='ocrx_word' id='word_1_162' title='bbox 433 1848 498 1914; x_wconf 78' lang='lat'>279)</span> <span class='ocrx_word' id='word_1_163' title='bbox 509 1849 629 1914; x_wconf 88' lang='lat' dir='ltr'><strong>itemque</strong></span> <span class='ocrx_word' id='word_1_164' title='bbox 644 1847 753 1899; x_wconf 86' lang='lat' dir='ltr'><strong>Rossel-</strong></span> <span class='ocrx_word' id='word_1_165' title='bbox 804 1863 867 1915; x_wconf 75' lang='lat' dir='ltr'><strong>pag.</strong></span> <span class='ocrx_word' id='word_1_166' title='bbox 887 1849 948 1899; x_wconf 82' lang='lat'><strong>422.</strong></span> <span class='ocrx_word' id='word_1_167' title='bbox 965 1879 1000 1887; x_wconf 95' lang='lat'>—</span> <span class='ocrx_word' id='word_1_168' title='bbox 1021 1848 1062 1897; x_wconf 77' lang='lat' dir='ltr'><strong>Ad</strong></span> <span class='ocrx_word' id='word_1_169' title='bbox 1081 1864 1175 1900; x_wconf 83' lang='lat' dir='ltr'><strong>vocem</strong></span> <span class='ocrx_word' id='word_1_170' title='bbox 1191 1843 1273 1917; x_wconf 80' lang='grc' dir='ltr'><strong><em>βάρις</em></strong></span> <span class='ocrx_word' id='word_1_171' title='bbox 1290 1849 1346 1900; x_wconf 87' lang='lat' dir='ltr'><strong>vid.</strong></span> 
     </span>
     <span class='ocr_line' id='line_1_18' title="bbox 209 1917 1048 1984; baseline -0.001 -15"><span class='ocrx_word' id='word_1_172' title='bbox 209 1919 259 1969; x_wconf 92' lang='lat' dir='ltr'><strong>lini</strong></span> <span class='ocrx_word' id='word_1_173' title='bbox 282 1920 450 1971; x_wconf 85' lang='lat' dir='ltr'><strong>Monument.</strong></span> <span class='ocrx_word' id='word_1_174' title='bbox 474 1919 547 1970; x_wconf 84' lang='lat' dir='ltr'><strong>civil.</strong></span> <span class='ocrx_word' id='word_1_175' title='bbox 574 1919 630 1970; x_wconf 92' lang='lat'><strong>111.</strong></span> <span class='ocrx_word' id='word_1_176' title='bbox 659 1933 685 1983; x_wconf 90' lang='lat' dir='ltr'><strong>p.</strong></span> <span class='ocrx_word' id='word_1_177' title='bbox 710 1919 752 1980; x_wconf 82' lang='lat' dir='ltr'><strong>bil,</strong></span> <span class='ocrx_word' id='word_1_178' title='bbox 804 1919 841 1982; x_wconf 87' lang='lat'><strong>11,</strong></span> <span class='ocrx_word' id='word_1_179' title='bbox 857 1917 972 1984; x_wconf 74' lang='lat' dir='ltr'><strong>ehibiq.</strong></span> <span class='ocrx_word' id='word_1_180' title='bbox 992 1923 1048 1968; x_wconf 90' lang='lat' dir='ltr'><strong>not.</strong></span> 
     </span>
     <span class='ocr_line' id='line_1_19' title="bbox 210 1978 1345 2056; baseline -0.003 -17"><span class='ocrx_word' id='word_1_181' title='bbox 210 1990 328 2056; x_wconf 87' lang='lat' dir='ltr'><strong>quinon</strong></span> <span class='ocrx_word' id='word_1_182' title='bbox 348 1989 381 2039; x_wconf 87' lang='lat' dir='ltr'><strong>de</strong></span> <span class='ocrx_word' id='word_1_183' title='bbox 405 2004 436 2040; x_wconf 91' lang='lat' dir='ltr'><strong>eo</strong></span> <span class='ocrx_word' id='word_1_184' title='bbox 459 1989 654 2050; x_wconf 84' lang='lat' dir='ltr'><strong>instrumento,</strong></span> <span class='ocrx_word' id='word_1_185' title='bbox 681 1987 753 2052; x_wconf 92' lang='lat' dir='ltr'><strong>quod</strong></span> <span class='ocrx_word' id='word_1_186' title='bbox 839 1978 1044 2053; x_wconf 72' lang='grc' dir='ltr'><strong><em>ἐγχρίμψαντες</em></strong></span> <span class='ocrx_word' id='word_1_187' title='bbox 1065 1981 1119 2054; x_wconf 84' lang='grc' dir='ltr'><strong><em>τὴν</em></strong></span> <span class='ocrx_word' id='word_1_188' title='bbox 1144 1980 1228 2056; x_wconf 82' lang='grc' dir='ltr'><strong><em>βάριν</em></strong></span> <span class='ocrx_word' id='word_1_189' title='bbox 1245 1985 1281 2054; x_wconf 80' lang='grc' dir='ltr'><strong><em>τῇ</em></strong></span> <span class='ocrx_word' id='word_1_190' title='bbox 1297 1985 1345 2054; x_wconf 78' lang='grc' dir='ltr'><strong>γῇ]</strong></span> 
     </span>
     <span class='ocr_line' id='line_1_20' title="bbox 209 2049 1348 2124; baseline -0.004 -14"><span class='ocrx_word' id='word_1_191' title='bbox 209 2059 275 2110; x_wconf 88' lang='lat' dir='ltr'><strong>itali</strong></span> <span class='ocrx_word' id='word_1_192' title='bbox 295 2074 366 2109; x_wconf 90' lang='lat' dir='ltr'><strong>nuno</strong></span> <span class='ocrx_word' id='word_1_193' title='bbox 384 2064 484 2110; x_wconf 78' lang='lat' dir='ltr'><strong>vocant</strong></span> <span class='ocrx_word' id='word_1_194' title='bbox 503 2059 629 2108; x_wconf 74' lang='lat' dir='ltr'><strong>ndocleera</strong></span> <span class='ocrx_word' id='word_1_195' title='bbox 647 2057 691 2108; x_wconf 86' lang='lat' dir='ltr'><strong>hio</strong></span> <span class='ocrx_word' id='word_1_196' title='bbox 710 2073 753 2108; x_wconf 85' lang='lat' dir='ltr'><strong>uo·</strong></span> <span class='ocrx_word' id='word_1_197' title='bbox 803 2049 1348 2124; x_wconf 51' lang='lat' dir='ltr'><strong>Revoourilpxolpuuvrsmquodsiais-</strong></span> 
     </span>
     <span class='ocr_line' id='line_1_21' title="bbox 209 2127 1348 2195; baseline 0 -17"><span class='ocrx_word' id='word_1_198' title='bbox 209 2129 350 2195; x_wconf 80' lang='lat' dir='ltr'><strong>gituudum</strong></span> <span class='ocrx_word' id='word_1_199' title='bbox 369 2143 430 2179; x_wconf 90' lang='lat' dir='ltr'><strong>esse</strong></span> <span class='ocrx_word' id='word_1_200' title='bbox 446 2133 540 2193; x_wconf 84' lang='lat' dir='ltr'><strong>putat,</strong></span> <span class='ocrx_word' id='word_1_201' title='bbox 564 2127 612 2178; x_wconf 85' lang='lat' dir='ltr'><strong>sed</strong></span> <span class='ocrx_word' id='word_1_202' title='bbox 631 2127 664 2177; x_wconf 91' lang='lat' dir='ltr'><strong>de</strong></span> <span class='ocrx_word' id='word_1_203' title='bbox 682 2143 755 2192; x_wconf 84' lang='lat' dir='ltr'><strong>eym-</strong></span> <span class='ocrx_word' id='word_1_204' title='bbox 805 2127 910 2178; x_wconf 85' lang='lat' dir='ltr'><strong>iordius</strong></span> <span class='ocrx_word' id='word_1_205' title='bbox 928 2133 1082 2178; x_wconf 86' lang='lat' dir='ltr'><strong>mutaverat</strong></span> <span class='ocrx_word' id='word_1_206' title='bbox 1101 2144 1115 2178; x_wconf 89' lang='lat' dir='ltr'><strong>e</strong></span> <span class='ocrx_word' id='word_1_207' title='bbox 1138 2128 1217 2179; x_wconf 82' lang='lat' dir='ltr'><strong>codd.</strong></span> <span class='ocrx_word' id='word_1_208' title='bbox 1237 2129 1348 2195; x_wconf 89' lang='lat' dir='ltr'><strong>quihus·</strong></span> 
     </span>
     <span class='ocr_line' id='line_1_22' title="bbox 209 2188 1347 2264; baseline -0.001 -15"><span class='ocrx_word' id='word_1_209' title='bbox 209 2197 279 2250; x_wconf 80' lang='lat' dir='ltr'><strong>bulis</strong></span> <span class='ocrx_word' id='word_1_210' title='bbox 298 2198 404 2262; x_wconf 83' lang='lat' dir='ltr'><strong>parvis,</strong></span> <span class='ocrx_word' id='word_1_211' title='bbox 424 2197 549 2263; x_wconf 86' lang='lat' dir='ltr'><strong>qualibus</strong></span> <span class='ocrx_word' id='word_1_212' title='bbox 566 2197 656 2248; x_wconf 89' lang='lat' dir='ltr'><strong>adhue</strong></span> <span class='ocrx_word' id='word_1_213' title='bbox 674 2202 754 2246; x_wconf 90' lang='lat' dir='ltr'><strong>utun·</strong></span> <span class='ocrx_word' id='word_1_214' title='bbox 805 2196 867 2246; x_wconf 87' lang='lat' dir='ltr'><strong>dam</strong></span> <span class='ocrx_word' id='word_1_215' title='bbox 881 2199 908 2247; x_wconf 90' lang='lat' dir='ltr'><strong>in</strong></span> <span class='ocrx_word' id='word_1_216' title='bbox 922 2188 1113 2262; x_wconf 76' lang='grc' dir='ltr'><strong><em>ἔγχρίψαντες,</em></strong></span> <span class='ocrx_word' id='word_1_217' title='bbox 1134 2211 1214 2264; x_wconf 86' lang='lat' dir='ltr'><strong>quem</strong></span> <span class='ocrx_word' id='word_1_218' title='bbox 1233 2199 1347 2248; x_wconf 79' lang='lat' dir='ltr'><strong>formam</strong></span> 
     </span>
     <span class='ocr_line' id='line_1_23' title="bbox 208 2267 1346 2334; baseline -0.002 -16"><span class='ocrx_word' id='word_1_219' title='bbox 208 2273 254 2318; x_wconf 88' lang='lat' dir='ltr'><strong>tur</strong></span> <span class='ocrx_word' id='word_1_220' title='bbox 265 2267 418 2317; x_wconf 81' lang='lat' dir='ltr'><strong>saltatrices</strong></span> <span class='ocrx_word' id='word_1_221' title='bbox 427 2267 560 2334; x_wconf 72' lang='lat' dir='ltr'><strong>[plomdry</strong></span> <span class='ocrx_word' id='word_1_222' title='bbox 570 2281 642 2316; x_wconf 87' lang='lat' dir='ltr'><strong>nune</strong></span> <span class='ocrx_word' id='word_1_223' title='bbox 652 2281 754 2316; x_wconf 83' lang='lat' dir='ltr'><strong>rooan-</strong></span> <span class='ocrx_word' id='word_1_224' title='bbox 804 2267 839 2317; x_wconf 87' lang='lat' dir='ltr'><strong>ab</strong></span> <span class='ocrx_word' id='word_1_225' title='bbox 863 2267 1004 2318; x_wconf 88' lang='lat' dir='ltr'><strong>Herodoto</strong></span> <span class='ocrx_word' id='word_1_226' title='bbox 1038 2267 1154 2318; x_wconf 84' lang='lat' dir='ltr'><strong>ahenam</strong></span> <span class='ocrx_word' id='word_1_227' title='bbox 1188 2283 1249 2318; x_wconf 86' lang='lat' dir='ltr'><strong>esse</strong></span> <span class='ocrx_word' id='word_1_228' title='bbox 1278 2269 1346 2318; x_wconf 83' lang='lat' dir='ltr'><strong>satia</strong></span> 
     </span>
     <span class='ocr_line' id='line_1_24' title="bbox 210 2335 1346 2402; baseline 0 -14"><span class='ocrx_word' id='word_1_229' title='bbox 210 2337 265 2401; x_wconf 90' lang='lat' dir='ltr'><strong>tur)</strong></span> <span class='ocrx_word' id='word_1_230' title='bbox 285 2351 333 2402; x_wconf 88' lang='lat' dir='ltr'><strong>per</strong></span> <span class='ocrx_word' id='word_1_231' title='bbox 346 2337 509 2402; x_wconf 79' lang='lat' dir='ltr'><strong>Aegyptum.</strong></span> <span class='ocrx_word' id='word_1_232' title='bbox 542 2335 639 2386; x_wconf 81' lang='lat' dir='ltr'><strong>Tibiae</strong></span> <span class='ocrx_word' id='word_1_233' title='bbox 662 2341 753 2386; x_wconf 84' lang='lat' dir='ltr'><strong>autem</strong></span> <span class='ocrx_word' id='word_1_234' title='bbox 803 2341 1020 2399; x_wconf 75' lang='lat' dir='ltr'><strong>monstrantes,</strong></span> <span class='ocrx_word' id='word_1_235' title='bbox 1040 2353 1110 2402; x_wconf 88' lang='lat' dir='ltr'><strong>quae</strong></span> <span class='ocrx_word' id='word_1_236' title='bbox 1123 2337 1217 2388; x_wconf 83' lang='lat' dir='ltr'><strong>attulit</strong></span> <span class='ocrx_word' id='word_1_237' title='bbox 1228 2338 1346 2388; x_wconf 84' lang='lat' dir='ltr'><strong>Bredor.</strong></span> 
     </span>
     <span class='ocr_line' id='line_1_25' title="bbox 210 2405 1347 2472; baseline 0 -14"><span class='ocrx_word' id='word_1_238' title='bbox 210 2421 312 2472; x_wconf 89' lang='lat' dir='ltr'><strong>eaeque</strong></span> <span class='ocrx_word' id='word_1_239' title='bbox 329 2406 399 2455; x_wconf 86' lang='lat' dir='ltr'><strong>varii</strong></span> <span class='ocrx_word' id='word_1_240' title='bbox 411 2407 517 2471; x_wconf 87' lang='lat' dir='ltr'><strong>generis</strong></span> <span class='ocrx_word' id='word_1_241' title='bbox 534 2405 753 2472; x_wconf 81' lang='lat' dir='ltr'><strong>frequentissime</strong></span> <span class='ocrx_word' id='word_1_242' title='bbox 803 2421 830 2472; x_wconf 91' lang='lat' dir='ltr'><strong>p.</strong></span> <span class='ocrx_word' id='word_1_243' title='bbox 845 2405 889 2459; x_wconf 83' lang='lat'><strong>48.</strong></span> <span class='ocrx_word' id='word_1_244' title='bbox 920 2407 963 2457; x_wconf 87' lang='lat' dir='ltr'><strong>Ex</strong></span> <span class='ocrx_word' id='word_1_245' title='bbox 980 2406 1120 2458; x_wconf 89' lang='lat' dir='ltr'><strong>Herodoto</strong></span> <span class='ocrx_word' id='word_1_246' title='bbox 1139 2407 1192 2458; x_wconf 84' lang='lat' dir='ltr'><strong>bue</strong></span> <span class='ocrx_word' id='word_1_247' title='bbox 1210 2407 1347 2472; x_wconf 90' lang='lat' dir='ltr'><strong>pertinent</strong></span> 
     </span>
     <span class='ocr_line' id='line_1_26' title="bbox 208 2473 1345 2541; baseline 0.002 -15"><span class='ocrx_word' id='word_1_248' title='bbox 208 2476 395 2538; x_wconf 87' lang='lat' dir='ltr'><strong>inveniuntur,</strong></span> <span class='ocrx_word' id='word_1_249' title='bbox 431 2491 544 2541; x_wconf 83' lang='lat' dir='ltr'><strong>quarum</strong></span> <span class='ocrx_word' id='word_1_250' title='bbox 567 2490 633 2525; x_wconf 91' lang='lat' dir='ltr'><strong>usus</strong></span> <span class='ocrx_word' id='word_1_251' title='bbox 660 2475 752 2526; x_wconf 87' lang='lat' dir='ltr'><strong>admo·</strong></span> <span class='ocrx_word' id='word_1_252' title='bbox 803 2475 871 2526; x_wconf 85' lang='lat' dir='ltr'><strong>looi:</strong></span> <span class='ocrx_word' id='word_1_253' title='bbox 895 2476 932 2537; x_wconf 90' lang='lat'><strong>11,</strong></span> <span class='ocrx_word' id='word_1_254' title='bbox 952 2473 995 2528; x_wconf 82' lang='lat'><strong>93.</strong></span> <span class='ocrx_word' id='word_1_255' title='bbox 1015 2476 1068 2540; x_wconf 87' lang='lat'>111,</span> <span class='ocrx_word' id='word_1_256' title='bbox 1086 2477 1130 2527; x_wconf 82' lang='lat'><strong>85.</strong></span> <span class='ocrx_word' id='word_1_257' title='bbox 1149 2477 1196 2539; x_wconf 85' lang='lat' dir='ltr'><strong>IV,</strong></span> <span class='ocrx_word' id='word_1_258' title='bbox 1219 2477 1276 2528; x_wconf 84' lang='grc'><strong>113.</strong></span> <span class='ocrx_word' id='word_1_259' title='bbox 1296 2477 1345 2540; x_wconf 86' lang='lat' dir='ltr'><strong>IX,</strong></span> 
     </span>
     <span class='ocr_line' id='line_1_27' title="bbox 210 2545 1346 2611; baseline 0.001 -15"><span class='ocrx_word' id='word_1_260' title='bbox 210 2546 273 2596; x_wconf 91' lang='lat' dir='ltr'><strong>dum</strong></span> <span class='ocrx_word' id='word_1_261' title='bbox 294 2545 443 2595; x_wconf 87' lang='lat' dir='ltr'><strong>eommunis</strong></span> <span class='ocrx_word' id='word_1_262' title='bbox 463 2545 572 2596; x_wconf 85' lang='lat' dir='ltr'><strong>videtur</strong></span> <span class='ocrx_word' id='word_1_263' title='bbox 595 2545 682 2595; x_wconf 82' lang='lat' dir='ltr'><strong>luisse</strong></span> <span class='ocrx_word' id='word_1_264' title='bbox 703 2561 752 2611; x_wconf 90' lang='lat' dir='ltr'><strong>per</strong></span> <span class='ocrx_word' id='word_1_265' title='bbox 802 2545 845 2596; x_wconf 83' lang='lat'><strong>98.</strong></span> <span class='ocrx_word' id='word_1_266' title='bbox 888 2545 959 2596; x_wconf 78' lang='lat' dir='ltr'><strong>Add.</strong></span> <span class='ocrx_word' id='word_1_267' title='bbox 979 2546 1108 2611; x_wconf 78' lang='lat' dir='ltr'><strong>Aeschyli</strong></span> <span class='ocrx_word' id='word_1_268' title='bbox 1130 2545 1268 2597; x_wconf 81' lang='lat' dir='ltr'><strong>Prometh.</strong></span> <span class='ocrx_word' id='word_1_269' title='bbox 1293 2547 1346 2598; x_wconf 76' lang='lat'><strong>738</strong></span> 
     </span>
     <span class='ocr_line' id='line_1_28' title="bbox 208 2613 1344 2680; baseline 0.001 -14"><span class='ocrx_word' id='word_1_270' title='bbox 208 2615 378 2680; x_wconf 78' lang='lat' dir='ltr'><strong>Aegyptum:</strong></span> <span class='ocrx_word' id='word_1_271' title='bbox 407 2613 461 2666; x_wconf 87' lang='lat' dir='ltr'><strong>vid.</strong></span> <span class='ocrx_word' id='word_1_272' title='bbox 486 2614 566 2665; x_wconf 88' lang='lat' dir='ltr'><strong>modo</strong></span> <span class='ocrx_word' id='word_1_273' title='bbox 587 2614 750 2667; x_wconf 81' lang='lat' dir='ltr'><strong>Willrinson.</strong></span> <span class='ocrx_word' id='word_1_274' title='bbox 802 2616 846 2666; x_wconf 87' lang='lat' dir='ltr'><strong>ed.</strong></span> <span class='ocrx_word' id='word_1_275' title='bbox 865 2615 963 2666; x_wconf 85' lang='lat' dir='ltr'><strong>Blomi.</strong></span> <span class='ocrx_word' id='word_1_276' title='bbox 999 2616 1079 2666; x_wconf 85' lang='lat' dir='ltr'><strong>Valet</strong></span> <span class='ocrx_word' id='word_1_277' title='bbox 1095 2621 1186 2666; x_wconf 82' lang='lat' dir='ltr'><strong>autem</strong></span> <span class='ocrx_word' id='word_1_278' title='bbox 1204 2619 1344 2680; x_wconf 80' lang='lat' dir='ltr'><strong>appellere,</strong></span> 
     </span>
     <span class='ocr_line' id='line_1_29' title="bbox 208 2683 1345 2751; baseline 0.002 -17"><span class='ocrx_word' id='word_1_279' title='bbox 208 2683 228 2736; x_wconf 94' lang='lat' dir='ltr'><strong>l.</strong></span> <span class='ocrx_word' id='word_1_280' title='bbox 241 2685 260 2736; x_wconf 94' lang='lat' dir='ltr'><strong>l.</strong></span> <span class='ocrx_word' id='word_1_281' title='bbox 273 2701 300 2750; x_wconf 88' lang='lat' dir='ltr'><strong>p.</strong></span> <span class='ocrx_word' id='word_1_282' title='bbox 316 2683 369 2735; x_wconf 77' lang='lat'><strong>232</strong></span> <span class='ocrx_word' id='word_1_283' title='bbox 385 2699 460 2750; x_wconf 88' lang='lat' dir='ltr'><strong>seqq.</strong></span> <span class='ocrx_word' id='word_1_284' title='bbox 474 2684 522 2737; x_wconf 82' lang='lat'><strong>301</strong></span> <span class='ocrx_word' id='word_1_285' title='bbox 538 2699 613 2750; x_wconf 89' lang='lat' dir='ltr'><strong>seqq.</strong></span> <span class='ocrx_word' id='word_1_286' title='bbox 625 2685 685 2747; x_wconf 81' lang='grc'><strong>316,</strong></span> <span class='ocrx_word' id='word_1_287' title='bbox 705 2686 751 2750; x_wconf 90' lang='lat' dir='ltr'><strong>qui</strong></span> <span class='ocrx_word' id='word_1_288' title='bbox 802 2689 1022 2751; x_wconf 74' lang='lat' dir='ltr'><strong>appropinquare,</strong></span> <span class='ocrx_word' id='word_1_289' title='bbox 1058 2701 1117 2736; x_wconf 89' lang='lat' dir='ltr'><strong>oum</strong></span> <span class='ocrx_word' id='word_1_290' title='bbox 1151 2687 1275 2751; x_wconf 90' lang='lat' dir='ltr'><strong>primitus</strong></span> <span class='ocrx_word' id='word_1_291' title='bbox 1308 2687 1345 2736; x_wconf 82' lang='lat' dir='ltr'><strong>sit</strong></span> 
     </span>
     <span class='ocr_line' id='line_1_30' title="bbox 209 2753 1345 2822; baseline 0.002 -20"><span class='ocrx_word' id='word_1_292' title='bbox 209 2754 278 2804; x_wconf 79' lang='lat' dir='ltr'><strong>rarii</strong></span> <span class='ocrx_word' id='word_1_293' title='bbox 289 2754 395 2820; x_wconf 85' lang='lat' dir='ltr'><strong>generis</strong></span> <span class='ocrx_word' id='word_1_294' title='bbox 406 2755 533 2805; x_wconf 83' lang='lat' dir='ltr'><strong>tibicines</strong></span> <span class='ocrx_word' id='word_1_295' title='bbox 549 2753 665 2818; x_wconf 84' lang='lat' dir='ltr'><strong>exhibet,</strong></span> <span class='ocrx_word' id='word_1_296' title='bbox 676 2756 752 2806; x_wconf 86' lang='lat' dir='ltr'><strong>item·</strong></span> <span class='ocrx_word' id='word_1_297' title='bbox 800 2771 925 2820; x_wconf 76' lang='lat' dir='ltr'><strong>paupere,</strong></span> <span class='ocrx_word' id='word_1_298' title='bbox 955 2755 1064 2818; x_wconf 83' lang='lat' dir='ltr'><strong>rudere,</strong></span> <span class='ocrx_word' id='word_1_299' title='bbox 1088 2761 1116 2806; x_wconf 89' lang='lat' dir='ltr'><strong>et</strong></span> <span class='ocrx_word' id='word_1_300' title='bbox 1130 2755 1164 2806; x_wconf 92' lang='lat' dir='ltr'><strong>de</strong></span> <span class='ocrx_word' id='word_1_301' title='bbox 1182 2757 1283 2822; x_wconf 86' lang='lat' dir='ltr'><strong>scorpii</strong></span> <span class='ocrx_word' id='word_1_302' title='bbox 1300 2755 1345 2807; x_wconf 84' lang='lat' dir='ltr'><strong>vel</strong></span> 
     </span>
     <span class='ocr_line' id='line_1_31' title="bbox 209 2822 1343 2892; baseline 0.002 -17"><span class='ocrx_word' id='word_1_303' title='bbox 209 2840 262 2890; x_wconf 93' lang='lat' dir='ltr'><strong>que</strong></span> <span class='ocrx_word' id='word_1_304' title='bbox 283 2822 430 2875; x_wconf 85' lang='lat' dir='ltr'><strong>Roasellini</strong></span> <span class='ocrx_word' id='word_1_305' title='bbox 446 2823 465 2875; x_wconf 93' lang='lat' dir='ltr'><strong>l.</strong></span> <span class='ocrx_word' id='word_1_306' title='bbox 485 2824 503 2876; x_wconf 93' lang='lat' dir='ltr'><strong>l.</strong></span> <span class='ocrx_word' id='word_1_307' title='bbox 526 2841 552 2890; x_wconf 92' lang='lat' dir='ltr'><strong>p.</strong></span> <span class='ocrx_word' id='word_1_308' title='bbox 578 2824 612 2875; x_wconf 78' lang='lat'><strong>26</strong></span> <span class='ocrx_word' id='word_1_309' title='bbox 629 2840 687 2890; x_wconf 89' lang='lat' dir='ltr'><strong>seq.</strong></span> <span class='ocrx_word' id='word_1_310' title='bbox 707 2824 750 2876; x_wconf 82' lang='lat'><strong>76.</strong></span> <span class='ocrx_word' id='word_1_311' title='bbox 801 2839 902 2890; x_wconf 85' lang='lat' dir='ltr'><strong>vespae</strong></span> <span class='ocrx_word' id='word_1_312' title='bbox 925 2825 983 2874; x_wconf 89' lang='lat' dir='ltr'><strong>ietn</strong></span> <span class='ocrx_word' id='word_1_313' title='bbox 1008 2825 1164 2890; x_wconf 79' lang='lat' dir='ltr'><strong>frequenter</strong></span> <span class='ocrx_word' id='word_1_314' title='bbox 1189 2831 1343 2892; x_wconf 72' lang='lat' dir='ltr'><strong>usurpetur.</strong></span> 
     </span>
     <span class='ocr_line' id='line_1_32' title="bbox 208 2893 1342 2960; baseline 0.001 -14"><span class='ocrx_word' id='word_1_315' title='bbox 208 2895 266 2946; x_wconf 87' lang='lat' dir='ltr'><strong>Nee</strong></span> <span class='ocrx_word' id='word_1_316' title='bbox 291 2894 379 2944; x_wconf 89' lang='lat' dir='ltr'><strong>minus</strong></span> <span class='ocrx_word' id='word_1_317' title='bbox 409 2895 565 2960; x_wconf 80' lang='lat' dir='ltr'><strong>frequenter</strong></span> <span class='ocrx_word' id='word_1_318' title='bbox 594 2899 752 2960; x_wconf 80' lang='lat' dir='ltr'><strong>comparent</strong></span> <span class='ocrx_word' id='word_1_319' title='bbox 801 2895 863 2946; x_wconf 89' lang='lat' dir='ltr'><strong>Vid.</strong></span> <span class='ocrx_word' id='word_1_320' title='bbox 874 2893 1016 2946; x_wconf 84' lang='lat' dir='ltr'><strong>Ruhnken.</strong></span> <span class='ocrx_word' id='word_1_321' title='bbox 1030 2895 1064 2945; x_wconf 92' lang='lat' dir='ltr'><strong>ad</strong></span> <span class='ocrx_word' id='word_1_322' title='bbox 1075 2896 1181 2946; x_wconf 78' lang='lat' dir='ltr'><strong>Timaei</strong></span> <span class='ocrx_word' id='word_1_323' title='bbox 1194 2897 1260 2947; x_wconf 86' lang='lat' dir='ltr'><strong>Lex.</strong></span> <span class='ocrx_word' id='word_1_324' title='bbox 1272 2897 1342 2947; x_wconf 85' lang='lat' dir='ltr'><strong>Plat.</strong></span> 
     </span>
     <span class='ocr_line' id='line_1_33' title="bbox 209 2963 1345 3032; baseline 0.003 -18"><span class='ocrx_word' id='word_1_325' title='bbox 209 2969 338 3014; x_wconf 84' lang='lat' dir='ltr'><strong>canentes</strong></span> <span class='ocrx_word' id='word_1_326' title='bbox 347 2963 471 3014; x_wconf 85' lang='lat' dir='ltr'><strong>mulieres</strong></span> <span class='ocrx_word' id='word_1_327' title='bbox 481 2965 639 3030; x_wconf 86' lang='lat' dir='ltr'><strong>praesertim</strong></span> <span class='ocrx_word' id='word_1_328' title='bbox 649 2966 678 3014; x_wconf 89' lang='lat' dir='ltr'><strong>in</strong></span> <span class='ocrx_word' id='word_1_329' title='bbox 688 2966 753 3015; x_wconf 84' lang='lat' dir='ltr'><strong>ima·</strong></span> <span class='ocrx_word' id='word_1_330' title='bbox 802 2980 829 3030; x_wconf 86' lang='lat' dir='ltr'><strong>p·</strong></span> <span class='ocrx_word' id='word_1_331' title='bbox 850 2965 900 3015; x_wconf 82' lang='lat'><strong>104</strong></span> <span class='ocrx_word' id='word_1_332' title='bbox 918 2979 975 3030; x_wconf 86' lang='lat' dir='ltr'><strong>seq.</strong></span> <span class='ocrx_word' id='word_1_333' title='bbox 995 2969 1023 3014; x_wconf 87' lang='lat' dir='ltr'><strong>et</strong></span> <span class='ocrx_word' id='word_1_334' title='bbox 1042 2964 1112 3029; x_wconf 85' lang='lat' dir='ltr'><strong>alia,</strong></span> <span class='ocrx_word' id='word_1_335' title='bbox 1137 2981 1207 3032; x_wconf 80' lang='lat' dir='ltr'><strong>quae</strong></span> <span class='ocrx_word' id='word_1_336' title='bbox 1224 2966 1269 3016; x_wconf 90' lang='lat' dir='ltr'><strong>hio</strong></span> <span class='ocrx_word' id='word_1_337' title='bbox 1287 2967 1345 3016; x_wconf 89' lang='lat' dir='ltr'><strong>lau-</strong></span> 
     </span>
     <span class='ocr_line' id='line_1_34' title="bbox 209 3033 1344 3099; baseline 0 -16"><span class='ocrx_word' id='word_1_338' title='bbox 209 3035 317 3099; x_wconf 80' lang='lat' dir='ltr'><strong>ginihns</strong></span> <span class='ocrx_word' id='word_1_339' title='bbox 335 3033 403 3097; x_wconf 89' lang='lat' dir='ltr'><strong>illis,</strong></span> <span class='ocrx_word' id='word_1_340' title='bbox 427 3049 494 3099; x_wconf 85' lang='lat' dir='ltr'><strong>quaa</strong></span> <span class='ocrx_word' id='word_1_341' title='bbox 513 3034 681 3096; x_wconf 88' lang='lat' dir='ltr'><strong>Willrinson‚</strong></span> <span class='ocrx_word' id='word_1_342' title='bbox 703 3034 753 3084; x_wconf 83' lang='lat' dir='ltr'><strong>elii</strong></span> <span class='ocrx_word' id='word_1_343' title='bbox 803 3033 870 3084; x_wconf 89' lang='lat' dir='ltr'><strong>daut</strong></span> <span class='ocrx_word' id='word_1_344' title='bbox 892 3033 1063 3098; x_wconf 82' lang='lat' dir='ltr'><strong>interpretes.</strong></span> <span class='ocrx_word' id='word_1_345' title='bbox 1088 3061 1122 3071; x_wconf 87' lang='lat'><em>-</em></span> <span class='ocrx_word' id='word_1_346' title='bbox 1152 3035 1269 3086; x_wconf 87' lang='lat' dir='ltr'><strong>Verbum</strong></span> <span class='ocrx_word' id='word_1_347' title='bbox 1292 3050 1344 3084; x_wconf 80' lang='lat' dir='ltr'><strong>ror-</strong></span> 
     </span>
     <span class='ocr_line' id='line_1_35' title="bbox 209 3095 1345 3170; baseline 0.001 -17"><span class='ocrx_word' id='word_1_348' title='bbox 209 3103 403 3166; x_wconf 83' lang='lat' dir='ltr'><strong>exhibuerunt‚</strong></span> <span class='ocrx_word' id='word_1_349' title='bbox 434 3103 558 3154; x_wconf 87' lang='lat' dir='ltr'><strong>manibus</strong></span> <span class='ocrx_word' id='word_1_350' title='bbox 591 3104 751 3170; x_wconf 73' lang='lat' dir='ltr'><strong>plaudentes</strong></span> <span class='ocrx_word' id='word_1_351' title='bbox 802 3095 914 3166; x_wconf 75' lang='grc' dir='ltr'><strong><em>θάζειν,</em></strong></span> <span class='ocrx_word' id='word_1_352' title='bbox 933 3119 986 3169; x_wconf 91' lang='lat' dir='ltr'><strong>quo</strong></span> <span class='ocrx_word' id='word_1_353' title='bbox 1002 3119 1063 3155; x_wconf 84' lang='lat' dir='ltr'><strong>mox</strong></span> <span class='ocrx_word' id='word_1_354' title='bbox 1078 3105 1178 3155; x_wconf 83' lang='lat' dir='ltr'><strong>Noster</strong></span> <span class='ocrx_word' id='word_1_355' title='bbox 1190 3106 1284 3168; x_wconf 88' lang='lat' dir='ltr'><strong>utitur,</strong></span> <span class='ocrx_word' id='word_1_356' title='bbox 1305 3120 1345 3154; x_wconf 86' lang='lat' dir='ltr'><strong>re·</strong></span> 
     </span>
     <span class='ocr_line' id='line_1_36' title="bbox 208 3171 1342 3255; baseline 0.001 -33"><span class='ocrx_word' id='word_1_357' title='bbox 208 3171 699 3240; x_wconf 74' lang='lat' dir='ltr'><strong>(of.wi1kins0n.l.1.peg.239):</strong></span> <span class='ocrx_word' id='word_1_358' title='bbox 724 3174 751 3225; x_wconf 92' lang='lat' dir='ltr'><strong>id</strong></span> <span class='ocrx_word' id='word_1_359' title='bbox 802 3177 847 3224; x_wconf 87' lang='lat' dir='ltr'><strong>ete</strong></span> <span class='ocrx_word' id='word_1_360' title='bbox 881 3173 991 3237; x_wconf 87' lang='lat' dir='ltr'><strong>exponit</strong></span> <span class='ocrx_word' id='word_1_361' title='bbox 1021 3175 1149 3254; x_wconf 60' lang='lat' dir='ltr'><strong>Timpeus</strong></span> <span class='ocrx_word' id='word_1_362' title='bbox 1184 3173 1342 3255; x_wconf 67' lang='lat' dir='ltr'><strong>Platonicus</strong></span> 
     </span>
     <span class='ocr_line' id='line_1_37' title="bbox 209 3242 1344 3396; baseline 0.002 -35"><span class='ocrx_word' id='word_1_363' title='bbox 209 3257 296 3362; x_wconf 50' lang='grc' dir='ltr'><strong>Ιάίιίιειο</strong></span> <span class='ocrx_word' id='word_1_364' title='bbox 315 3242 752 3394; x_wconf 45' lang='grc' dir='ltr'><strong><em>Ἕάωοῖταίάωαιάξττίῗεοάίιΐιξέ</em></strong></span> <span class='ocrx_word' id='word_1_365' title='bbox 802 3243 1344 3396; x_wconf 49' lang='grc' dir='ltr'><strong>άῗάξάρὲιθά,)υ1)κίλιτείάζξίίάάᾶοέίῗῆἶιεάάῖ</strong></span> 
     </span>
     <span class='ocr_line' id='line_1_38' title="bbox 209 3380 1341 3516; baseline -0.003 -14"><span class='ocrx_word' id='word_1_366' title='bbox 209 3380 605 3516; x_wconf 38' lang='grc' dir='ltr'><strong>Ιίθάῖάάῗίυἳᾱῗῆὓῖιωίιῗὼω</strong></span> <span class='ocrx_word' id='word_1_367' title='bbox 623 3384 751 3435; x_wconf 47' lang='lat' dir='ltr'><strong>Observa</strong></span> <span class='ocrx_word' id='word_1_368' title='bbox 801 3383 1126 3515; x_wconf 42' lang='lat' dir='ltr'><strong>kegyg’offiffimjoom</strong></span> <span class='ocrx_word' id='word_1_369' title='bbox 1147 3442 1341 3516; x_wconf 78' lang='grc' dir='ltr'><strong><em>ἀνιστάμεναι]</em></strong></span> 
     </span>
     <span class='ocr_line' id='line_1_39' title="bbox 245 3511 1343 3586; baseline 0.001 -17"><span class='ocrx_word' id='word_1_370' title='bbox 245 3515 274 3569; x_wconf 81' lang='grc' dir='ltr'><strong>ολ</strong></span> <span class='ocrx_word' id='word_1_371' title='bbox 296 3513 328 3570; x_wconf 70' lang='lat' dir='ltr'><strong>di</strong></span> <span class='ocrx_word' id='word_1_372' title='bbox 350 3516 482 3570; x_wconf 70' lang='grc' dir='ltr'><strong><em>αὐλέουσι</em></strong></span> <span class='ocrx_word' id='word_1_373' title='bbox 505 3513 575 3570; x_wconf 80' lang='grc' dir='ltr'><strong><em>κατὰ</em></strong></span> <span class='ocrx_word' id='word_1_374' title='bbox 592 3513 684 3570; x_wconf 85' lang='grc' dir='ltr'><strong><em>πάντα</em></strong></span> <span class='ocrx_word' id='word_1_375' title='bbox 700 3512 751 3584; x_wconf 72' lang='grc' dir='ltr'><strong><em>τὸν</em></strong></span> <span class='ocrx_word' id='word_1_376' title='bbox 799 3511 996 3586; x_wconf 77' lang='grc' dir='ltr'><strong><em>άνασάρεσθαι</em></strong></span> <span class='ocrx_word' id='word_1_377' title='bbox 1019 3526 1061 3571; x_wconf 90' lang='lat' dir='ltr'><strong>eet</strong></span> <span class='ocrx_word' id='word_1_378' title='bbox 1085 3525 1176 3572; x_wconf 86' lang='lat' dir='ltr'><strong>restes</strong></span> <span class='ocrx_word' id='word_1_379' title='bbox 1199 3521 1343 3583; x_wconf 77' lang='lat' dir='ltr'><strong>adducere,</strong></span> 
     </span>
     <span class='ocr_line' id='line_1_40' title="bbox 208 3581 1342 3657; baseline 0.002 -19"><span class='ocrx_word' id='word_1_380' title='bbox 208 3581 310 3654; x_wconf 82' lang='grc' dir='ltr'><strong><em>πλόον]</em></strong></span> <span class='ocrx_word' id='word_1_381' title='bbox 336 3591 395 3640; x_wconf 88' lang='lat' dir='ltr'><strong>Iam</strong></span> <span class='ocrx_word' id='word_1_382' title='bbox 418 3605 501 3655; x_wconf 86' lang='lat' dir='ltr'><strong>supra</strong></span> <span class='ocrx_word' id='word_1_383' title='bbox 523 3590 565 3652; x_wconf 89' lang='grc' dir='ltr'><strong>ΙΙ,</strong></span> <span class='ocrx_word' id='word_1_384' title='bbox 589 3591 623 3642; x_wconf 77' lang='lat' dir='ltr'><strong>ts</strong></span> <span class='ocrx_word' id='word_1_385' title='bbox 648 3585 751 3640; x_wconf 84' lang='lat' dir='ltr'><strong>inre&#39;ni-</strong></span> <span class='ocrx_word' id='word_1_386' title='bbox 802 3591 910 3654; x_wconf 87' lang='lat' dir='ltr'><strong>tollere,</strong></span> <span class='ocrx_word' id='word_1_387' title='bbox 934 3591 973 3641; x_wconf 89' lang='lat' dir='ltr'><strong>ita</strong></span> <span class='ocrx_word' id='word_1_388' title='bbox 996 3595 1027 3640; x_wconf 89' lang='lat' dir='ltr'><strong>ut</strong></span> <span class='ocrx_word' id='word_1_389' title='bbox 1053 3605 1150 3657; x_wconf 84' lang='lat' dir='ltr'><strong>corpus</strong></span> <span class='ocrx_word' id='word_1_390' title='bbox 1176 3591 1342 3650; x_wconf 88' lang='lat' dir='ltr'><strong>denudetur;</strong></span> 
     </span>
     <span class='ocr_line' id='line_1_41' title="bbox 209 3659 1343 3727; baseline 0.002 -19"><span class='ocrx_word' id='word_1_391' title='bbox 209 3673 268 3709; x_wconf 87' lang='lat' dir='ltr'><strong>mna</strong></span> <span class='ocrx_word' id='word_1_392' title='bbox 280 3659 376 3709; x_wconf 82' lang='lat' dir='ltr'><strong>tibiam</strong></span> <span class='ocrx_word' id='word_1_393' title='bbox 386 3661 414 3709; x_wconf 91' lang='lat' dir='ltr'><strong>in</strong></span> <span class='ocrx_word' id='word_1_394' title='bbox 423 3659 558 3710; x_wconf 88' lang='lat' dir='ltr'><strong>Bacebioo</strong></span> <span class='ocrx_word' id='word_1_395' title='bbox 568 3660 751 3726; x_wconf 77' lang='lat' dir='ltr'><strong>iest03quure</strong></span> <span class='ocrx_word' id='word_1_396' title='bbox 801 3661 830 3711; x_wconf 94' lang='lat' dir='ltr'><strong>id</strong></span> <span class='ocrx_word' id='word_1_397' title='bbox 862 3659 934 3727; x_wconf 91' lang='lat' dir='ltr'><strong>quod</strong></span> <span class='ocrx_word' id='word_1_398' title='bbox 968 3660 1125 3726; x_wconf 88' lang='lat' dir='ltr'><strong>plerumque</strong></span> <span class='ocrx_word' id='word_1_399' title='bbox 1160 3661 1343 3712; x_wconf 75' lang='lat' dir='ltr'><strong>indecentium</strong></span> 
     </span>
     <span class='ocr_line' id='line_1_42' title="bbox 209 3729 1341 3796; baseline 0.004 -18"><span class='ocrx_word' id='word_1_400' title='bbox 209 3743 263 3778; x_wconf 88' lang='lat' dir='ltr'><strong>non</strong></span> <span class='ocrx_word' id='word_1_401' title='bbox 281 3729 377 3780; x_wconf 88' lang='lat' dir='ltr'><strong>mirum</strong></span> <span class='ocrx_word' id='word_1_402' title='bbox 391 3729 420 3778; x_wconf 87' lang='lat' dir='ltr'><strong>in</strong></span> <span class='ocrx_word' id='word_1_403' title='bbox 437 3729 488 3779; x_wconf 88' lang='lat' dir='ltr'><strong>hoe</strong></span> <span class='ocrx_word' id='word_1_404' title='bbox 504 3744 610 3795; x_wconf 89' lang='lat' dir='ltr'><strong>quoque</strong></span> <span class='ocrx_word' id='word_1_405' title='bbox 628 3730 697 3780; x_wconf 86' lang='lat' dir='ltr'><strong>ieeto</strong></span> <span class='ocrx_word' id='word_1_406' title='bbox 717 3732 750 3780; x_wconf 86' lang='lat' dir='ltr'><strong>ti·</strong></span> <span class='ocrx_word' id='word_1_407' title='bbox 801 3735 844 3780; x_wconf 83' lang='lat' dir='ltr'><strong>est</strong></span> <span class='ocrx_word' id='word_1_408' title='bbox 862 3731 997 3780; x_wconf 88' lang='lat' dir='ltr'><strong>hominum</strong></span> <span class='ocrx_word' id='word_1_409' title='bbox 1015 3731 1156 3795; x_wconf 89' lang='lat' dir='ltr'><strong>minusque</strong></span> <span class='ocrx_word' id='word_1_410' title='bbox 1172 3732 1341 3796; x_wconf 82' lang='lat' dir='ltr'><strong>pudicorum.</strong></span> 
     </span>
     <span class='ocr_line' id='line_1_43' title="bbox 208 3797 1343 3864; baseline 0.002 -17"><span class='ocrx_word' id='word_1_411' title='bbox 208 3797 270 3848; x_wconf 87' lang='lat' dir='ltr'><strong>biae</strong></span> <span class='ocrx_word' id='word_1_412' title='bbox 295 3798 384 3848; x_wconf 85' lang='lat' dir='ltr'><strong>locum</strong></span> <span class='ocrx_word' id='word_1_413' title='bbox 407 3799 503 3861; x_wconf 87' lang='lat' dir='ltr'><strong>inisse,</strong></span> <span class='ocrx_word' id='word_1_414' title='bbox 531 3803 562 3848; x_wconf 84' lang='lat' dir='ltr'><strong>ut</strong></span> <span class='ocrx_word' id='word_1_415' title='bbox 586 3800 613 3848; x_wconf 90' lang='lat' dir='ltr'><strong>in</strong></span> <span class='ocrx_word' id='word_1_416' title='bbox 638 3799 750 3864; x_wconf 89' lang='lat' dir='ltr'><strong>reliquis</strong></span> <span class='ocrx_word' id='word_1_417' title='bbox 800 3799 901 3850; x_wconf 80' lang='lat' dir='ltr'><strong>Confer</strong></span> <span class='ocrx_word' id='word_1_418' title='bbox 913 3800 1026 3851; x_wconf 89' lang='lat' dir='ltr'><strong>Diodor.</strong></span> <span class='ocrx_word' id='word_1_419' title='bbox 1042 3799 1097 3851; x_wconf 86' lang='lat' dir='ltr'><strong>Sio.</strong></span> <span class='ocrx_word' id='word_1_420' title='bbox 1113 3801 1136 3864; x_wconf 90' lang='grc' dir='ltr'><strong>Ι,</strong></span> <span class='ocrx_word' id='word_1_421' title='bbox 1149 3799 1192 3863; x_wconf 88' lang='grc'><strong>85,</strong></span> <span class='ocrx_word' id='word_1_422' title='bbox 1207 3801 1254 3852; x_wconf 90' lang='lat' dir='ltr'><strong>ubi</strong></span> <span class='ocrx_word' id='word_1_423' title='bbox 1266 3801 1343 3850; x_wconf 89' lang='lat' dir='ltr'><strong>Wes-</strong></span> 
     </span>
     <span class='ocr_line' id='line_1_44' title="bbox 209 3867 1343 3935; baseline 0.002 -19"><span class='ocrx_word' id='word_1_424' title='bbox 209 3867 266 3917; x_wconf 82' lang='lat' dir='ltr'><strong>iere</strong></span> <span class='ocrx_word' id='word_1_425' title='bbox 283 3867 362 3918; x_wconf 86' lang='lat' dir='ltr'><strong>huius</strong></span> <span class='ocrx_word' id='word_1_426' title='bbox 377 3869 466 3934; x_wconf 84' lang='lat' dir='ltr'><strong>gentis</strong></span> <span class='ocrx_word' id='word_1_427' title='bbox 479 3869 559 3918; x_wconf 86' lang='lat' dir='ltr'><strong>iestis</strong></span> <span class='ocrx_word' id='word_1_428' title='bbox 576 3868 749 3934; x_wconf 85' lang='lat' dir='ltr'><strong>solemnibus,</strong></span> <span class='ocrx_word' id='word_1_429' title='bbox 801 3869 932 3935; x_wconf 81' lang='lat' dir='ltr'><strong>selingius</strong></span> <span class='ocrx_word' id='word_1_430' title='bbox 951 3874 1014 3934; x_wconf 86' lang='lat' dir='ltr'><strong>apte</strong></span> <span class='ocrx_word' id='word_1_431' title='bbox 1033 3868 1127 3920; x_wconf 86' lang='lat' dir='ltr'><strong>laudet</strong></span> <span class='ocrx_word' id='word_1_432' title='bbox 1140 3869 1292 3921; x_wconf 84' lang='lat' dir='ltr'><strong>Oesaubon.</strong></span> <span class='ocrx_word' id='word_1_433' title='bbox 1307 3869 1343 3918; x_wconf 93' lang='lat' dir='ltr'><strong>ad</strong></span> 
     </span>
     <span class='ocr_line' id='line_1_45' title="bbox 208 3936 1343 4006; baseline 0.004 -20"><span class='ocrx_word' id='word_1_434' title='bbox 208 3936 331 4001; x_wconf 83' lang='lat' dir='ltr'><strong>Dionyso</strong></span> <span class='ocrx_word' id='word_1_435' title='bbox 343 3953 365 3987; x_wconf 93' lang='lat' dir='ltr'><strong>s.</strong></span> <span class='ocrx_word' id='word_1_436' title='bbox 377 3937 478 3988; x_wconf 87' lang='lat' dir='ltr'><strong>Osiridi</strong></span> <span class='ocrx_word' id='word_1_437' title='bbox 492 3939 672 4000; x_wconf 79' lang='lat' dir='ltr'><strong>consecratis,</strong></span> <span class='ocrx_word' id='word_1_438' title='bbox 690 3955 750 3990; x_wconf 90' lang='lat' dir='ltr'><strong>eum</strong></span> <span class='ocrx_word' id='word_1_439' title='bbox 801 3939 981 4004; x_wconf 71' lang='lat' dir='ltr'><strong>Theophrasti</strong></span> <span class='ocrx_word' id='word_1_440' title='bbox 1000 3939 1127 3990; x_wconf 84' lang='lat' dir='ltr'><strong>Oharaot.</strong></span> <span class='ocrx_word' id='word_1_441' title='bbox 1146 3939 1182 3990; x_wconf 95' lang='lat' dir='ltr'><strong>Il.</strong></span> <span class='ocrx_word' id='word_1_442' title='bbox 1209 3955 1271 4006; x_wconf 84' lang='lat' dir='ltr'><strong>pag.</strong></span> <span class='ocrx_word' id='word_1_443' title='bbox 1292 3939 1343 3992; x_wconf 82' lang='lat' dir='ltr'><strong>13ss</strong></span> 
     </span>
     <span class='ocr_line' id='line_1_46' title="bbox 209 4004 1341 4074; baseline 0.004 -21"><span class='ocrx_word' id='word_1_444' title='bbox 209 4004 314 4056; x_wconf 83' lang='lat' dir='ltr'><strong>eithara</strong></span> <span class='ocrx_word' id='word_1_445' title='bbox 332 4007 419 4072; x_wconf 85' lang='lat' dir='ltr'><strong>magis</strong></span> <span class='ocrx_word' id='word_1_446' title='bbox 437 4008 472 4056; x_wconf 87' lang='lat' dir='ltr'><strong>ad</strong></span> <span class='ocrx_word' id='word_1_447' title='bbox 495 4007 650 4059; x_wconf 81' lang='lat' dir='ltr'><strong>secerdotes</strong></span> <span class='ocrx_word' id='word_1_448' title='bbox 667 4014 750 4074; x_wconf 87' lang='lat' dir='ltr'><strong>etque</strong></span> <span class='ocrx_word' id='word_1_449' title='bbox 801 4009 880 4060; x_wconf 84' lang='lat' dir='ltr'><strong>etad</strong></span> <span class='ocrx_word' id='word_1_450' title='bbox 899 4009 1010 4060; x_wconf 83' lang='lat' dir='ltr'><strong>Sueten.</strong></span> <span class='ocrx_word' id='word_1_451' title='bbox 1029 4010 1146 4074; x_wconf 82' lang='lat' dir='ltr'><strong>August.</strong></span> <span class='ocrx_word' id='word_1_452' title='bbox 1167 4025 1226 4074; x_wconf 84' lang='lat' dir='ltr'><strong>cap.</strong></span> <span class='ocrx_word' id='word_1_453' title='bbox 1239 4012 1283 4062; x_wconf 78' lang='lat'><strong>82.</strong></span> <span class='ocrx_word' id='word_1_454' title='bbox 1309 4009 1341 4058; x_wconf 91' lang='lat' dir='ltr'><strong>ln</strong></span> 
     </span>
     <span class='ocr_line' id='line_1_47' title="bbox 209 4073 1342 4144; baseline 0.004 -21"><span class='ocrx_word' id='word_1_455' title='bbox 209 4073 310 4124; x_wconf 85' lang='lat' dir='ltr'><strong>cultum</strong></span> <span class='ocrx_word' id='word_1_456' title='bbox 321 4075 527 4127; x_wconf 81' lang='lat' dir='ltr'><strong>reconditiorem</strong></span> <span class='ocrx_word' id='word_1_457' title='bbox 537 4079 700 4142; x_wconf 89' lang='lat' dir='ltr'><strong>pertinuisse</strong></span> <span class='ocrx_word' id='word_1_458' title='bbox 711 4080 750 4128; x_wconf 86' lang='lat' dir='ltr'><strong>vi·</strong></span> <span class='ocrx_word' id='word_1_459' title='bbox 800 4079 924 4144; x_wconf 79' lang='lat' dir='ltr'><strong>Aegypto</strong></span> <span class='ocrx_word' id='word_1_460' title='bbox 947 4083 1037 4129; x_wconf 81' lang='lat' dir='ltr'><strong>autem</strong></span> <span class='ocrx_word' id='word_1_461' title='bbox 1062 4095 1094 4130; x_wconf 88' lang='lat' dir='ltr'><strong>ea</strong></span> <span class='ocrx_word' id='word_1_462' title='bbox 1117 4080 1289 4144; x_wconf 88' lang='lat' dir='ltr'><strong>pertinebunt</strong></span> <span class='ocrx_word' id='word_1_463' title='bbox 1307 4079 1342 4128; x_wconf 80' lang='lat' dir='ltr'><strong>ed</strong></span> 
     </span>
     <span class='ocr_line' id='line_1_48' title="bbox 209 4142 1342 4214; baseline 0.004 -22"><span class='ocrx_word' id='word_1_464' title='bbox 209 4142 314 4193; x_wconf 82' lang='lat' dir='ltr'><strong>deutur.</strong></span> <span class='ocrx_word' id='word_1_465' title='bbox 358 4145 425 4195; x_wconf 92' lang='lat' dir='ltr'><strong>Inde</strong></span> <span class='ocrx_word' id='word_1_466' title='bbox 448 4147 551 4198; x_wconf 85' lang='lat' dir='ltr'><strong>Osiridi</strong></span> <span class='ocrx_word' id='word_1_467' title='bbox 575 4163 681 4213; x_wconf 88' lang='lat' dir='ltr'><strong>qnoque</strong></span> <span class='ocrx_word' id='word_1_468' title='bbox 704 4148 749 4198; x_wconf 84' lang='lat' dir='ltr'><strong>ed·</strong></span> <span class='ocrx_word' id='word_1_469' title='bbox 799 4149 887 4212; x_wconf 88' lang='lat' dir='ltr'><strong>ipsum</strong></span> <span class='ocrx_word' id='word_1_470' title='bbox 906 4149 1014 4211; x_wconf 81' lang='lat' dir='ltr'><strong>festum,</strong></span> <span class='ocrx_word' id='word_1_471' title='bbox 1034 4147 1126 4214; x_wconf 85' lang='lat' dir='ltr'><strong>qualia</strong></span> <span class='ocrx_word' id='word_1_472' title='bbox 1142 4149 1205 4199; x_wconf 89' lang='lat' dir='ltr'><strong>inde</strong></span> <span class='ocrx_word' id='word_1_473' title='bbox 1223 4165 1277 4200; x_wconf 88' lang='lat' dir='ltr'><strong>non</strong></span> <span class='ocrx_word' id='word_1_474' title='bbox 1294 4149 1342 4198; x_wconf 84' lang='lat' dir='ltr'><strong>nri-</strong></span> 
     </span>
     <span class='ocr_line' id='line_1_49' title="bbox 208 4213 1343 4282; baseline 0.004 -20"><span class='ocrx_word' id='word_1_475' title='bbox 208 4213 336 4264; x_wconf 87' lang='lat' dir='ltr'><strong>aoribitur</strong></span> <span class='ocrx_word' id='word_1_476' title='bbox 353 4214 421 4264; x_wconf 88' lang='lat' dir='ltr'><strong>tibie</strong></span> <span class='ocrx_word' id='word_1_477' title='bbox 436 4216 586 4279; x_wconf 84' lang='lat' dir='ltr'><strong>inventori,</strong></span> <span class='ocrx_word' id='word_1_478' title='bbox 606 4233 659 4282; x_wconf 88' lang='lat' dir='ltr'><strong>qua</strong></span> <span class='ocrx_word' id='word_1_479' title='bbox 677 4217 749 4268; x_wconf 86' lang='lat' dir='ltr'><strong>ieras</strong></span> <span class='ocrx_word' id='word_1_480' title='bbox 799 4233 857 4268; x_wconf 88' lang='lat' dir='ltr'><strong>rum</strong></span> <span class='ocrx_word' id='word_1_481' title='bbox 882 4223 924 4267; x_wconf 81' lang='lat' dir='ltr'><strong>eet</strong></span> <span class='ocrx_word' id='word_1_482' title='bbox 946 4218 1027 4268; x_wconf 87' lang='lat' dir='ltr'><strong>etiam</strong></span> <span class='ocrx_word' id='word_1_483' title='bbox 1045 4219 1073 4267; x_wconf 93' lang='lat' dir='ltr'><strong>in</strong></span> <span class='ocrx_word' id='word_1_484' title='bbox 1090 4219 1253 4269; x_wconf 78' lang='lat' dir='ltr'><strong>Graecorum</strong></span> <span class='ocrx_word' id='word_1_485' title='bbox 1272 4217 1343 4268; x_wconf 82' lang='lat' dir='ltr'><strong>The-</strong></span> 
     </span>
     <span class='ocr_line' id='line_1_50' title="bbox 208 4283 1343 4352; baseline 0.005 -20"><span class='ocrx_word' id='word_1_486' title='bbox 208 4286 303 4346; x_wconf 82' lang='lat' dir='ltr'><strong>gentea</strong></span> <span class='ocrx_word' id='word_1_487' title='bbox 333 4283 468 4349; x_wconf 86' lang='lat' dir='ltr'><strong>rudesque</strong></span> <span class='ocrx_word' id='word_1_488' title='bbox 502 4285 662 4347; x_wconf 75' lang='lat' dir='ltr'><strong>excoluerit3</strong></span> <span class='ocrx_word' id='word_1_489' title='bbox 699 4303 749 4337; x_wconf 89' lang='lat' dir='ltr'><strong>neo</strong></span> <span class='ocrx_word' id='word_1_490' title='bbox 799 4287 959 4352; x_wconf 83' lang='lat' dir='ltr'><strong>snrophoriis</strong></span> <span class='ocrx_word' id='word_1_491' title='bbox 977 4293 1087 4352; x_wconf 87' lang='lat' dir='ltr'><strong>recepta</strong></span> <span class='ocrx_word' id='word_1_492' title='bbox 1101 4289 1195 4352; x_wconf 82' lang='lat' dir='ltr'><strong>luisse,</strong></span> <span class='ocrx_word' id='word_1_493' title='bbox 1214 4289 1260 4338; x_wconf 90' lang='lat' dir='ltr'><strong>ubi</strong></span> <span class='ocrx_word' id='word_1_494' title='bbox 1272 4303 1343 4352; x_wconf 86' lang='lat' dir='ltr'><strong>quoe</strong></span> 
     </span>
     <span class='ocr_line' id='line_1_51' title="bbox 208 4348 1343 4423; baseline 0.005 -23"><span class='ocrx_word' id='word_1_495' title='bbox 208 4351 279 4401; x_wconf 85' lang='lat' dir='ltr'><strong>enim</strong></span> <span class='ocrx_word' id='word_1_496' title='bbox 296 4350 345 4403; x_wconf 88' lang='lat' dir='ltr'><strong>illa</strong></span> <span class='ocrx_word' id='word_1_497' title='bbox 367 4353 402 4404; x_wconf 85' lang='lat' dir='ltr'><strong>ad</strong></span> <span class='ocrx_word' id='word_1_498' title='bbox 420 4354 534 4406; x_wconf 85' lang='lat' dir='ltr'><strong>alteram</strong></span> <span class='ocrx_word' id='word_1_499' title='bbox 551 4361 668 4406; x_wconf 75' lang='lat' dir='ltr'><strong>aetutem</strong></span> <span class='ocrx_word' id='word_1_500' title='bbox 690 4371 750 4420; x_wconf 85' lang='lat' dir='ltr'><strong>per·</strong></span> <span class='ocrx_word' id='word_1_501' title='bbox 799 4348 834 4408; x_wconf 84' lang='lat' dir='ltr'><strong>de</strong></span> <span class='ocrx_word' id='word_1_502' title='bbox 851 4357 991 4421; x_wconf 78' lang='lat' dir='ltr'><strong>conviciis,</strong></span> <span class='ocrx_word' id='word_1_503' title='bbox 1011 4357 1108 4423; x_wconf 87' lang='lat' dir='ltr'><strong>quibus</strong></span> <span class='ocrx_word' id='word_1_504' title='bbox 1121 4357 1247 4410; x_wconf 85' lang='lat' dir='ltr'><strong>mulieres</strong></span> <span class='ocrx_word' id='word_1_505' title='bbox 1260 4371 1290 4408; x_wconf 86' lang='lat' dir='ltr'><strong>ae</strong></span> <span class='ocrx_word' id='word_1_506' title='bbox 1302 4357 1343 4406; x_wconf 86' lang='lat' dir='ltr'><strong>in-</strong></span> 
     </span>
    </p>
   </div>
   <div class='ocr_carea' id='block_1_4' title="bbox 0 0 1534 4928">
    <p class='ocr_par' dir='ltr' id='par_1_4' title="bbox 0 0 1534 4928">
     <span class='ocr_line' id='line_1_52' title="bbox 0 0 1534 4928; baseline 0 0"><span class='ocrx_word' id='word_1_507' title='bbox 0 0 1534 4928; x_wconf 95' lang='lat' dir='ltr'><strong> </strong></span> 
     </span>
    </p>
   </div>
  </div>
 </body>
</html>
