3020 4930
249 323 311 386 854
395 317 655 384 EXOURSUS
678 320 724 381 Ἦ
746 317 810 380 ΑΙ)
834 317 1086 382 HERODOT.
1109 319 1156 394 11,
1179 326 1223 383 17.

249 493 308 550 soil.
330 493 433 564 perte).
468 491 554 547 Aliter
574 497 740 547 statuentem
755 492 985 564 Cbernpotlionern
1005 497 1033 546 et
1047 509 1133 563 supro
1150 492 1203 547 ium
1221 493 1384 548 memoreri-

250 597 324 646 mue;
340 579 412 632 coni.
426 595 497 649 quoe
507 578 553 632 ille
567 579 681 632 disserit
692 578 862 648 potissimum
878 598 907 649 p.
921 585 954 638 14
966 597 1025 649 eeq.
1045 581 1077 638 17
1090 596 1150 648 neq.

334 664 498 719 Mendesium
515 664 629 731 ostium,
648 663 722 718 intre
732 663 888 717 Tanitioum
903 669 930 716 et
942 663 1155 732 Sebennytieum
1169 663 1242 734 quod
1258 664 1382 734 ponitur,

250 751 284 802 ab
303 749 419 819 oppido,
442 749 486 802 oui
498 748 615 802 Mendes
632 766 743 814 nomen,
767 753 893 802 vocaturn
909 755 962 802 eet.
995 749 1020 801 Ε
1039 749 1223 816 Sebennytico
1243 750 1382 817 provenit,

250 835 274 887 ei
284 834 456 887 Herodotum
471 833 584 901 eudiuei
602 831 778 900 ePbatnico,
797 835 823 886 ei
835 833 966 886 Straboni
979 834 1057 886 tideo.
1091 833 1124 885 In
1136 850 1190 904 quo
1202 839 1291 887 temen
1304 853 1383 888 nemo

250 917 388 984 haerebit,
412 919 476 987 qui,
506 935 577 987 quae
598 917 632 970 de
650 917 782 971 Pbetnioo
802 919 887 971 fluvio
907 935 992 989 supra
1008 918 1177 984 monuimus,
1200 921 1383 988 reputaverit.

250 1003 421 1058 Mendesium
440 1002 540 1055 ostium
561 1002 649 1054 adhuc
665 1003 807 1056 invenitur
824 1003 932 1056 nornine
950 1003 1053 1057 canolis
1067 1006 1198 1069 eleimon,
1219 1004 1267 1072 qui
1283 1024 1300 1057 e
1311 1004 1383 1056 Pbo-

249 1089 322 1142 tnioo
341 1086 429 1140 eeneii
447 1105 471 1142 ι.
493 1087 647 1140 Demiutino
666 1087 808 1140 derivatus
835 1087 962 1158 oppidum
980 1087 1100 1140 dobmun
1126 1087 1340 1157 praeterlabitur
1357 1097 1385 1142 et

250 1191 335 1244 prope
354 1173 461 1239 urbem,
482 1189 554 1241 quoe
572 1189 645 1224 nunc
663 1173 764 1224 dicitnr
778 1173 921 1238 Mensura,
940 1171 1067 1226 inlocum
1079 1172 1223 1226 Menzuleb
1241 1175 1312 1240 exit,
1334 1193 1385 1242 per

250 1273 330 1328 quem
341 1257 430 1326 ipsum
441 1273 501 1310 oum
515 1257 582 1310 muri
595 1257 635 1308 ite
646 1257 833 1326 coniungitur,
850 1265 881 1312 ut
891 1257 1027 1327 hodieque
1040 1257 1218 1326 conspicuum
1230 1258 1268 1310 eit
1283 1259 1384 1312 ortium

249 1341 423 1410 maritimum,
447 1342 553 1396 nornine
574 1341 669 1411 Dybeb.
701 1342 935 1396 Conf.Mennert.
953 1341 1005 1396 l.1.
1024 1361 1051 1412 p.
1065 1345 1126 1401 549.
1158 1342 1309 1412 Chempoil.
1331 1343 1350 1395 l.
1364 1343 1382 1396 Ι.

249 1445 277 1496 p.
291 1433 324 1486 15
337 1444 395 1495 eeq.
418 1425 518 1480 Ritter.
534 1426 552 1479 l.
567 1425 584 1480 l.
601 1445 628 1496 p.
640 1433 691 1488 831
707 1430 735 1480 et
749 1427 785 1481 du
797 1426 963 1496 Boio-dymni
976 1426 993 1480 l.
1006 1427 1024 1480 l.
1038 1445 1066 1498 p.
1078 1431 1140 1486 288.
