3088 4922
590 245 838 322 nonense.
859 245 901 306 11.
923 251 966 309 n.

1233 265 1237 274 ’
1282 244 1344 306 519

168 436 217 493 113
292 417 378 500 Τούς
407 421 469 508 μέν
497 447 563 490 νυν
591 415 763 506 111161ρού9
790 424 871 506 βοῦς
896 416 974 497 τούς
1005 423 1142 506 ἔρσενας
1174 420 1232 488 sul
1262 416 1386 498 coristi

208 522 353 612 μόσχους
370 526 405 593 οἱ
427 521 547 605 πάντες
568 519 748 610 Αἰγύπτιοι
766 522 910 608 θύουσι,
938 519 996 602 τὰς
1012 521 1049 591 dl
1069 523 1195 610 θηλέας
1217 519 1259 591 οὔ
1279 543 1340 611 σφι

209 690 277 755 tiqq.
292 687 346 739 vol.
356 687 395 739 11.
407 703 470 753 pag.
484 687 516 737 2⁷
531 703 553 739 1.
564 685 615 738 355
626 691 653 738 11
668 687 722 738 vol.
738 689 762 740 1·

208 760 265 810 tub.
279 758 343 810 68.“
372 757 451 808 Cous.
466 756 503 810 11.
520 758 551 809 61
571 758 663 824 ibique
681 763 752 811 nott.

243 819 420 879 tetrisono
433 823 490 876 τοῖν
500 821 582 893 ipris]
593 827 681 894 Vulgo
691 829 751 879 red-

209 899 289 950 dunt:
315 899 412 962 epulum
436 896 563 960 udpouunt
585 913 621 948 ex
643 899 753 949 victima-

154 993 157 1000 »
208 985 261 1020 rum
274 970 405 1033 reliquiis,-
427 967 548 1032 pressius
569 969 603 1017 sd
619 967 751 1018 Herodoti

208 1039 292 1090 verbs
310 1037 423 1088 reddere
441 1035 518 1088 licet:
543 1040 633 1100 epulas
653 1037 752 1102 fuciunt

209 1126 244 1160 en
262 1111 306 1160 iis.
325 1123 390 1174 quoe
407 1121 454 1156 uon
472 1123 507 1157 erc
524 1109 625 1158 victuris
642 1110 750 1172 relique-

207 1187 266 1230 runi
276 1177 340 1242 (sibi
349 1176 383 1228 sd
394 1175 540 1240 edendum,
558 1178 663 1228 iniectu
678 1177 751 1228 ilam-

207 1247 285 1312 mis):
301 1247 348 1298 nbi
366 1246 503 1314 genitivus
525 1244 584 1296 τῶν
606 1240 678 1312 ἱρῶν
700 1247 751 1298 erit

206 1317 365 1370 referendus
388 1315 423 1366 sd
441 1309 483 1366 cci.
520 1316 618 1367 Moneo
640 1322 751 1384 propter

207 1388 325 1440 Elisium
352 1385 477 1452 (Quaest.
501 1385 623 1438 llerodd.
653 1388 748 1440 fascio.

207 1461 230 1510 1.
250 1475 277 1524 p.
297 1457 346 1508 821
368 1471 426 1520 seq.
445 1457 473 1506 in
488 1455 604 1508 Jahrbb.
616 1456 642 1506 d.
658 1457 749 1507 Philo-

206 1528 260 1594 log.
280 1532 333 1578 etc.
353 1525 448 1591 Suppl.
472 1527 505 1576 T.
525 1525 586 1587 llll,
605 1526 652 1592 qui
674 1527 747 1592 geui-

206 1600 291 1650 tivum
309 1595 380 1646 huno
405 1596 441 1646 sd
464 1585 595 1644 ἐλίποντο
617 1596 746 1658 referens,

206 1668 278 1734 quod
290 1666 401 1716 verbnm
413 1665 600 1716 cumsscundo
612 1681 677 1715 casu
685 1681 747 1716 eou-

206 1739 328 1788 iunctum
352 1735 501 1786 neutralem
521 1750 627 1800 semper
648 1735 747 1785 hebeat

207 1805 446 1870 significationem,
476 1809 564 1855 totum
593 1805 681 1856 locum
706 1805 747 1854 sio

206 1877 282 1927 reddi
300 1875 372 1925 vult:
396 1875 509 1939 „epulus
529 1873 636 1924 fuciunt
652 1889 686 1924 ex
703 1875 746 1938 iis,

206 1961 276 2011 quse
295 1945 328 1996 de
345 1945 463 1994 victimis
480 1943 576 1994 relicto
595 1944 688 2007 sunt“,
706 1944 745 1993 in-

206 2015 293 2082 deque
312 2015 443 2065 soristnm
460 2015 543 2065 medii
560 2013 586 2062 b.
605 2013 624 2064 l.
643 2014 746 2078 passivi

206 2101 288 2136 seusu
302 2083 424 2136 adhiberi
442 2081 591 2134 contendit.
627 2084 663 2134 At
680 2099 745 2134 vero

206 2155 264 2221 ipse
282 2153 394 2219 pluralis
412 2145 544 2204 ἐλίποντο
563 2153 631 2204 satis
649 2153 745 2203 docere

206 2229 327 2290 poterat,
349 2214 383 2272 soi
403 2238 451 2288 pro
477 2223 635 2274 accusativo
659 2239 745 2289 neque

224 2311 253 2345 ro
280 2293 447 2344 nominativo
476 2293 592 2344 subiecti
619 2290 663 2357 (ex
692 2307 744 2359 quo

203 2310 313 2418 inuno
332 2364 544 2429 exspectandum
566 2361 678 2427 inisset)
701 2379 744 2414 ec·

202 2435 258 2501 cipi
277 2433 384 2486 debere.

393 2605 460 2658 (les.
478 2605 551 2656 XLI.
626 2630 630 2638 ·

237 2704 287 2770 τὰς
313 2703 344 2761 dl
373 2706 480 2774 θηλέας
511 2699 549 2759 οὔ
575 2723 625 2776 σφι
654 2705 743 2772 ἔξεστι

202 2773 289 2831 θύειν
306 2798 331 2831 1.
350 2796 375 2829 1.
393 2775 430 2844 1.]
449 2779 578 2830 Eiusdem
603 2780 743 2832 interdicti

203 2852 324 2902 meminit
345 2848 510 2914 Porphyrius
533 2849 566 2900 de
588 2847 688 2900 obstin.
707 2851 742 2901 sb

203 2937 252 2972 esu
269 2937 313 2970 sn.
334 2919 372 2982 11,
397 2919 442 2984 qui
465 2919 536 2970 hund
559 2919 638 2970 sliter
660 2923 742 2986 etque

201 2991 383 3054 Hieronymus
409 2987 515 3039 advers.
541 2989 630 3040 Iovln.
660 2991 699 3052 ΙΙ,
726 2991 741 3040 7

202 3060 253 3110 hoo
275 3059 309 3109 sd
330 3057 455 3108 animalis
484 3059 630 3110 utilitatem
658 3059 743 3111 reiert

203 3130 324 3194 adeoque
342 3127 492 3179 raritatem.
528 3129 584 3180 Nec
596 3129 676 3180 sliter
687 3135 742 3180 ste-

203 3199 256 3248 tuit
274 3196 437 3248 Wilkinson.
457 3197 583 3250 Menuers
605 3216 660 3252 sec.
686 3215 738 3250 ser.

203 3269 227 3320 Ι.
247 3285 273 3334 p.
293 3267 408 3319 394.11.
428 3283 455 3332 p.
471 3267 522 3319 194
539 3285 595 3336 seq.
614 3269 649 3320 ed
670 3271 740 3334 egri-

202 3339 335 3390 cultnrsm
352 3336 512 3402 respiciens,
540 3339 585 3390 oni
608 3340 740 3405 prospici·

201 3414 277 3461 entes
296 3407 451 3459 secerdotes
469 3406 521 3459 boc
540 3409 641 3460 animal
661 3425 739 3476 quum

200 3479 316 3530 maxime
344 3477 384 3528 ita
414 3478 484 3528 tueri
513 3479 679 3541 studuerint,
710 3483 741 3528 ut

199 3549 269 3600 Isidi
296 3552 486 3600 consecrarent
514 3564 602 3614 neque
627 3549 741 3599 mactari

199 3621 329 3671 sinerent.
373 3618 452 3681 Quod
481 3618 568 3684 magis
598 3623 740 3669 consenta-

198 3705 278 3740 neum
295 3691 369 3740 certe
387 3687 507 3750 videtur,
534 3702 615 3752 quem
640 3703 740 3738 morem

198 3759 283 3822 bunc,
303 3773 356 3824 quo
373 3757 457 3808 boves
475 3755 615 3808 'mucules
637 3763 739 3808 mucta-

198 3833 270 3892 rent,
291 3844 308 3878 1
318 3827 411 3878 vaccis
426 3827 606 3890 abstinerent,
620 3827 683 3878 inde
699 3844 739 3878 re-

197 3903 298 3962 petere,
313 3897 384 3963 quod
396 3895 534 3947 masculae
545 3897 672 3948 victimae
685 3914 739 3948 om-

197 3968 261 4018 nino
272 3967 435 4031 perfectiora
445 3971 472 4018 et
485 3969 685 4030 praestentiorn
693 3983 738 4018 an-

197 4036 313 4102 tiquitus
335 4035 446 4087 1151111
470 4036 585 4100 inerint,
612 4039 654 4088 uti
676 4053 738 4088 con·

197 4105 385 4156 tenditScholl
405 4107 446 4156 in:
466 4105 579 4158 Studien
594 4106 619 4158 d.
639 4122 736 4172 evang.

198 4174 359 4226 Geistlichlr.
379 4175 592 4240 Wiirtembergs.
611 4179 644 4240 V,
663 4177 687 4228 l.
709 4191 736 4240 p.

199 4243 257 4294 leo.
293 4243 420 4294 Voluisse
444 4249 534 4296 sutem
557 4245 609 4296 hoe
628 4245 737 4296 institu-

197 4317 254 4362 turn
277 4327 362 4378 usque
385 4315 421 4364 ad
445 4315 600 4365 Constantii
623 4317 737 4382 impers-

803 689 870 740 toris
898 695 1035 754 tempora,
1063 705 1095 740 ex
1117 689 1250 742 Athones.
1277 690 1341 742 hist.

802 759 910 810 hrrien.
929 759 966 809 sd
987 759 1112 809 Moueoh.
1135 774 1195 826 cep.
1216 761 1259 812 56.
1277 776 1341 826 pag.

803 827 853 880 378
871 827 964 892 colligi
979 833 1080 894 potest.
1110 829 1200 896 Atque
1215 830 1283 880 Isidi
1300 847 1343 882 ss-

803 913 863 948 crss
876 897 1013 962 perhiberi
1030 913 1146 960 venees,
1165 915 1244 950 nemo
1262 901 1342 951 mira-

802 967 889 1031 bitur,
914 967 961 1033 qni
983 967 1068 1032 ipsam
1087 968 1281 1034 Aegyptiorum
1300 987 1342 1021 se·

803 1052 908 1088 crorum
926 1051 958 1087 uc
975 1035 1115 1102 religionis
1133 1040 1264 1090 rationem
1283 1055 1341 1104 per-

801 1107 929 1174 spexerit.
964 1107 1003 1158 Ut
1021 1107 1092 1157 euim
1111 1105 1244 1158 Osiridem
1261 1108 1342 1160 Solem

801 1177 841 1228 illi
856 1176 1047 1243 perhibebant,
1066 1177 1106 1226 111
1119 1177 1219 1227 Isidem
1235 1178 1340 1241 Lunam,

802 1253 872 1298 teste
889 1245 1036 1298 Plutarcho
1055 1247 1089 1297 de
1107 1245 1174 1301 leid.
1194 1251 1222 1298 et
1239 1243 1339 1300 Osirid.

801 1333 862 1383 cap.
881 1319 925 1369 52.
942 1333 969 1382 p.
989 1316 1040 1368 372
1054 1332 1076 1367 s.
1089 1316 1141 1366 525
1153 1317 1254 1382 Wytt.;
1272 1334 1342 1382 quae

800 1387 908 1454 qneudo
932 1401 1080 1451 congressa
1105 1385 1206 1436 inerint
1230 1387 1341 1438 numius

801 1458 834 1523 (s.
860 1456 968 1522 quando
993 1455 1034 1505 sol
1057 1456 1085 1505 in
1108 1455 1187 1505 domo
1212 1457 1284 1507 tauri
1302 1457 1341 1508 lo-

799 1529 876 1577 cutus
895 1541 955 1575 cnm
972 1524 1037 1575 luna
1061 1525 1143 1575 inerit
1164 1526 1341 1592 congressus)

798 1595 946 1662 generandi
962 1595 1005 1644 vis
1028 1595 1175 1646 interram
1195 1595 1337 1648 redundat.

798 1665 987 1716 Generationis
1014 1679 1079 1715 vero
1101 1665 1247 1717 universes
1269 1683 1339 1732 syrn-

796 1735 889 1785 bolum
908 1737 951 1784 est
968 1735 1017 1784 bos
1040 1749 1073 1784 so
1095 1749 1194 1798 vncos,
1220 1740 1251 1785 ut
1272 1735 1339 1786 nihil

798 1805 835 1854 sit
849 1805 981 1854 obsonum
994 1803 1048 1853 illis
1058 1805 1211 1856 numinibus
1225 1805 1339 1856 hoosni-

798 1874 851 1924 mel
870 1874 955 1924 inisse
971 1879 1168 1926 consecratum.
1203 1875 1339 1926 8111011·-

796 1945 875 1995 sideru
892 1942 1043 2008 intelligere
1061 1943 1139 1994 melis
1162 1945 1256 2008 Nilum,
1282 1946 1336 1995 iarn

799 2015 847 2065 1111
872 2014 924 2064 erit
951 2021 1024 2064 terra
1052 2014 1193 2081 Aeppptr'u,
1229 2029 1246 2064 1
1273 2013 1336 2066 Nilo

797 2084 951 2135 exundante
972 2087 1102 2150 vegetutu
1128 2089 1155 2134 et
1183 2085 1262 2150 qnasi
1282 2084 1338 2135 ioe-

797 2153 927 2216 cnndata,
956 2157 988 2203 ut
1016 2153 1056 2203 sit
1080 2151 1242 2204 Plutarchus
1267 2153 1286 2205 l.
1315 2154 1333 2204 l.

796 2224 1002 2359 illeligliii
1022 2222 1337 2374 {insilierit

796 2369 874 2414 tures
890 2362 1053 2428 symbolum
1073 2359 1145 2430 βοῦν
1162 2377 1215 2428 γαρ
1241 2360 1337 2420 111611

795 2425 895 2483 εἰκόνα
911 2428 958 2482 sul
970 2430 1205 2497 γῆννομίζοοοιν,
1223 2437 1254 2483 ut
1273 2433 1336 2484 Plu-

794 2503 905 2554 tarchus
922 2503 1019 2553 scribit
1039 2501 1058 2554 l.
1078 2502 1097 2554 l.
1120 2517 1180 2568 csp.
1203 2501 1246 2556 39.
1271 2519 1334 2569 psg.

795 2573 856 2624 366.
886 2573 996 2640 „Igitur
1006 2571 1045 2621 nil
1057 2573 1153 2622 mirum
1165 2570 1242 2637 (sunt
1251 2573 1336 2624 verba

795 2642 923 2694 Crenseri
939 2645 968 2692 in
985 2641 1089 2692 Ocnum.
1107 2642 1173 2692 Her.
1194 2657 1258 2707 pag.
1284 2641 1334 2693 123

794 2712 857 2764 coll.
878 2713 936 2762 121.
956 2709 1017 2775 115)
1030 2711 1174 2761 universae
1186 2712 1265 2776 qussi
1275 2727 1334 2775 pro-

794 2783 934 2833 creatricis
959 2785 1075 2830 naturae
1096 2780 1193 2830 bovem
1215 2795 1249 2830 ac
1270 2795 1334 2830 vac-

793 2869 853 2903 cnru
874 2849 998 2916 symbola
1020 2850 1105 2899 inisse
1125 2850 1277 2910 veteribns;
1305 2854 1334 2899 et

793 2921 901 2988 quando
927 2920 955 2969 in
979 2919 1135 2970 sementivis
1159 2919 1238 2969 iestis
1261 2919 1333 2983 egri-

793 2991 916 3042 cultnrue
943 2987 1146 3040 vicissitudines
1172 3003 1190 3038 a
1214 2986 1332 3038 siderum

793 3065 884 3111 meatu
902 3075 1048 3124 suspensus
1072 3057 1264 3123 significabant
1284 3071 1332 3122 per

792 3131 875 3182 eorm
893 3129 936 3180 vel
955 3135 1046 3179 aratro
1063 3129 1185 3178 iunctum
1202 3126 1246 3178 vel
1268 3142 1331 3178 vsc-

791 3216 839 3251 cae
864 3199 1016 3250 sdmotnmr
1045 3198 1097 3248 hoc
1123 3197 1182 3263 ipso
1208 3196 1330 3264 symbolo

791 3270 882 3320 varias
898 3270 926 3318 in
938 3273 1030 3334 partes
1047 3282 1177 3318 converso
1192 3267 1276 3319 etiarn
1290 3266 1330 3316 vi·

790 3345 835 3391 tae
853 3339 986 3390 hnmsuse
1008 3339 1100 3390 orbem
1124 3343 1151 3389 ot
1173 3336 1331 3388 immortali·

790 3410 856 3461 tutis
878 3409 1028 3460 animorum
1051 3423 1125 3472 spem
1149 3407 1330 3474 significatam

792 3479 920 3531 voluisse.
956 3479 1018 3529 lion
1035 3475 1248 3544 philosophicum
1264 3477 1330 3527 dici-

790 3565 849 3601 mus
866 3549 910 3599 bic
928 3548 1091 3610 doctrinam,
1114 3547 1162 3596 sed
1179 3561 1254 3612 spem
1269 3547 1329 3596 nni-

790 3635 896 3670 versam
914 3619 989 3668 vitae
1006 3616 1193 3668 reviviscentis
1211 3619 1239 3666 et
1251 3616 1328 3666 uber·

790 3690 856 3739 tatis
874 3703 1011 3754 nunqnam
1028 3685 1249 3751 exstinguendae.
1275 3687 1328 3736 lis·

790 3759 849 3810 dem
862 3759 995 3809 ubertatis
1010 3773 1071 3824 spes
1086 3760 1198 3808 ostensa
1210 3771 1227 3805 1
1240 3755 1328 3820 Sibyl·

790 3827 852 3878 linis
882 3827 998 3879 oraculis
1026 3825 1126 3893 populo
1149 3827 1271 3876 Romano
1298 3825 1326 3874 iu

789 3897 915 3964 Dionysii
924 3897 1014 3949 Helio.
1028 3897 1101 3958 XIV,
1119 3896 1162 3950 20.
1175 3909 1203 3960 p.
1214 3893 1250 3945 66
1262 3893 1326 3958 (Ex-

789 3973 886 4034 cerptt.
904 3983 921 4017 1
946 3964 1035 4031 Mei).
1073 3966 1133 4028 Qua
1157 3965 1185 4014 in
1207 3979 1236 4014 re
1258 3963 1327 4014 nihil

788 4037 862 4090 aliud
886 4039 1001 4088 Romani
1023 4038 1111 4088 iecere
1133 4051 1215 4104 quarn
1238 4037 1326 4102 Aegy·

787 4108 837 4174 ptii
859 4107 931 4172 apud
954 4107 1121 4158 Herodotum
1138 4107 1177 4170 11,
1200 4107 1243 4159 40.
1279 4105 1324 4157 Illi

785 4179 917 4240 placentas
934 4176 961 4226 in
981 4182 1078 4228 terrem
1097 4177 1278 4238 immiseram
1296 4177 1324 4227 hi

784 4262 865 4310 parrer
887 4247 989 4296 numdos
1010 4247 1039 4296 in
1062 4247 1158 4309 1111111,
1188 4248 1235 4312 qui
1257 4248 1324 4312 ipsis

785 4331 834 4382 pro
857 4321 928 4366 terra
957 4317 1046 4366 erat.“
1065 4343 1100 4354 -
1122 4318 1254 4384 Equidem
1283 4317 1325 4368 his

1306 4595 1361 4607 ἢ
