3096 4930
242 275 303 338 382
673 281 942 345 HERODO'PI

239 448 357 542 Κόρου
372 452 584 544 ποιεόμενον,
598 453 673 526 οὐδ’
690 450 734 528 ἂν
750 455 959 548 περιίδόντες
971 455 1049 539 τούς
1062 459 1195 550 Πέρσας
1218 461 1374 531 ἐσελθεῖν

240 556 273 634 ἐς
285 553 347 646 τὴν
361 556 470 644 πόλιν,
485 563 689 650 διέφθειραν
702 561 852 632 ιιόκιστα.
876 568 1157 651 κατακληίσαντες
1171 559 1236 654 γὰρ
1251 558 1295 634 όν
1308 564 1372 635 πό-

238 679 299 738 σας
322 657 380 739 τὰς
401 663 435 743 ἐς
456 661 516 734 τόν
539 662 689 753 ποταμόν
709 671 853 746 πυλίδας
873 665 1028 755 ἐχούσας,
1050 669 1107 736 καὶ
1128 665 1223 738 αὐτοὶ
1241 669 1296 738 ἐπὶ
1316 665 1373 748 τός

239 759 395 851 αἱμασιὰς
407 761 593 856 ἀναβάντες
605 766 664 850 τὰς
678 768 768 858 παρὰ
787 768 827 838 τὰ
840 779 952 859 χείλεα
965 775 1025 840 τοῦ
1040 777 1191 860 ποταμοῦ
1211 774 1371 862 ἐληλαμέ-

238 895 316 955 νας,
339 873 462 956 ἔλαβον
476 869 520 941 όν
538 892 645 961 σφεας
665 868 709 953 ὡς
729 875 767 944 ἐν
788 873 904 965 κύρτῃ.
933 878 1000 943 νῦν
1016 873 1052 943 δὲ
1067 876 1101 958 ἐξ
1115 871 1370 966 ἀπροσδοκήτου

240 991 301 1059 σφι
321 974 533 1063 παρέστησαν
553 980 588 1045 ol
603 978 743 1066 Πέρσαι.
778 972 901 1048 ὑπὸδὲ
921 976 1087 1066 μεγάθεος
1103 985 1161 1068 τῆς
1175 979 1306 1066 πόλιος,
1327 975 1372 1062 oie

238 1135 370 1202 gligentia
402 1139 542 1205 scriptoria
577 1141 668 1206 potiue
699 1158 779 1208 quam
830 1143 950 1209 pieeibue
980 1145 1119 1212 capiendis
1150 1145 1263 1196 usitata.
1308 1143 1371 1208 „Cb

237 1205 342 1256 librarii
352 1206 395 1256 bio
405 1211 551 1274 euperiorie
564 1212 705 1262 oommetie
715 1227 780 1278 apo·
830 1214 972 1266 Heindorf.
991 1215 1025 1265 ad
1041 1215 1151 1268 Platon.
1168 1215 1289 1282 Sopbiat.
1306 1229 1370 1280 pag.

237 1275 316 1327 dorin
329 1275 424 1358 depone
437 1280 524 1332 videri
541 1281 617 1346 dioit,
632 1298 659 1333 v.
674 1299 697 1332 o.
713 1273 779 1332 ἐσιό-
829 1284 882 1336 286
893 1290 920 1335 et
930 1287 1083 1350 interprett.
1096 1286 1132 1336 ad
1143 1284 1369 1350 Theocritldyll.

236 1343 334 1410 θησαν
351 1362 423 1397 ave.
441 1349 515 1400 aliud
532 1351 597 1417 quid
614 1351 778 1403 huiuamodi.
829 1353 903 1404 XXI.
928 1371 970 1404 ve.
989 1353 1095 1406 a-ll.
1131 1353 1229 1406 Pollux
1252 1356 1280 1405 in
1299 1353 1371 1405 Ono·

236 1417 369 1481 Equidem
386 1416 453 1470 nihil
472 1421 608 1484 deridere,
627 1422 674 1472 ubi
689 1423 779 1472 omnia
829 1428 909 1475 maet.
927 1425 966 1487 X,
984 1423 1026 1476 36.
1047 1427 1074 1488 5.
1095 1425 1145 1477 166
1167 1441 1267 1476 caverna
1291 1439 1370 1489 expo·
1461 1423 1467 1432 '

236 1487 333 1537 adeeee
351 1485 442 1540 video.
474 1492 543 1542 Nam
566 1506 636 1558 qnae
659 1493 778 1556 protasia
829 1494 899 1543 nit.“
927 1494 970 1546 Or.
1007 1495 1108 1560 Attigit
1127 1510 1235 1562 quoque
1252 1494 1369 1546 Brodov.

236 1563 279 1606 eet
301 1550 328 1606 εί
343 1585 379 1596 -
393 1552 605 1636 ,προεπύθοντο
628 1549 649 1625 ἢ
668 1555 779 1625 ἔμαθον
828 1579 855 1628 p.
876 1565 922 1625 54,
943 1564 989 1629 qui
1007 1579 1034 1630 p.
1054 1564 1105 1615 312
1120 1566 1149 1615 in
1162 1581 1240 1631 aeqq.
1259 1580 1307 1630 pro
1326 1554 1370 1613 ἕα-

237 1620 268 1674 ol
282 1623 458 1694 Βαβυλωνιοι
475 1645 501 1680 ιι.
521 1645 544 1679 τ.
562 1630 599 1694 λ.,
627 1631 652 1680 ei
668 1645 780 1696 reapon-
828 1623 960 1682 λωιιότων
978 1638 1006 1684 et
1024 1626 1182 1692 ἑαλωκότας
1200 1635 1272 1700 quod
1288 1633 1370 1684 eeribi

236 1696 283 1747 det
299 1695 441 1762 apoduein:
461 1691 526 1750 οὐδ’
546 1689 582 1749 δν
600 1696 778 1764 περιϊδόντες
827 1703 888 1752 vult
898 1693 1050 1767 ἡλωκότων
1067 1694 1256 1769 etq‘taro'rac,
1275 1709 1306 1754 ut
1317 1705 1372 1754 He-

234 1797 273 1848 -,
287 1762 467 1834 διέφθειραν.
503 1771 599 1850 Neque
619 1770 723 1821 verbio:
752 1764 779 1820 εί
827 1772 940 1822 rodotue
958 1771 1021 1823 aliie
1038 1772 1107 1825 loeia
1128 1774 1211 1836 dixit,
1230 1774 1306 1824 librie
1325 1772 1371 1823 ad-

234 1849 295 1900 μεν
323 1851 387 1886 νυν
413 1839 620 1905 προεπνδοντο
647 1855 672 1890 ιι.
700 1856 723 1890 τ.
752 1839 776 1890 λ.
827 1842 1000 1893 verrentibus
1017 1844 1131 1910 obaequi
1148 1843 1238 1908 nolui,
1256 1848 1371 1908 utraque

234 1906 346 1970 derant,
366 1923 436 1973 quae
454 1910 646 1976 respondeant.
679 1910 777 1962 Verbie
828 1913 915 1962 torma
931 1913 1060 1963 Nostrum
1083 1915 1123 1964 uti
1141 1915 1264 1979 potuiaee
1282 1919 1369 1964 ratur.

234 1978 305 2026 enim
329 1973 447 2042 aliquot,
473 1995 542 2046 quae
560 1993 670 2030 oaueam
691 1980 777 2031 oonti-
862 1971 920 2031 όπδ
938 1974 970 2031 δὲ
985 1974 1127 2047 μεγάθεος
1144 1981 1195 2048 τῆς
1207 1975 1314 2044 πόλιος,
1332 1975 1370 2040 ὡς

234 2052 300 2096 nent
332 2051 518 2116 rationemque
548 2050 627 2114 quari
659 2049 777 2103 reddunt
826 2048 932 2116 λέγεται
950 2066 976 2101 ιι.
990 2067 1014 2102 τ.
1028 2051 1063 2120 λ]
1083 2055 1134 2104 Eat
1152 2059 1306 2104 structurae
1325 2068 1369 2118 ge·

234 2117 388 2200 priorum„
408 2120 576 2198 interpositis
610 2116 775 2200 (ιιριτακληΐ-
826 2135 891 2183 uua,
910 2122 990 2188 quale
1009 2121 1080 2186 adl,
1095 2124 1292 2189 bitettigimne.
1324 2123 1367 2174 Or.

235 2199 335 2244 σαντες
353 2201 415 2254 γαρ
431 2205 509 2239 αν-
520 2183 624 2256 ἔλαβον
636 2205 673 2238 αν
687 2201 776 2253 σφεας
825 2189 870 2241 hie
887 2191 964 2242 addit
983 2192 1125 2243 Heindorf.
1144 2193 1179 2242 ad
1198 2195 1306 2245 Platon.
1321 2192 1369 2242 So·

234 2247 273 2312 ⁰36
288 2246 431 2326 ἕνεόρτῃ)
448 2261 571 2326 requitur
587 2260 686 2323 altera,
705 2275 775 2324 quae
825 2261 908 2325 pbiet.
939 2277 966 2327 p.
996 2261 1056 2313 436.
1103 2263 1146 2312 Ad
1178 2266 1368 2329 argumentum

234 2327 380 2406 qpponitnr
395 2331 549 2405 ,periodum
582 2326 649 2378 νῦν
681 2325 716 2379 δὲ
745 2319 773 2391 ἐξ
825 2331 898 2395 quod
931 2336 1053 2395 epeotat,
1086 2332 1181 2381 aeribit
1206 2326 1367 2382 Aristotelea

232 2393 775 2534 tttf'ttttttttinffitt‘ltt
826 2399 1366 2534 intitultti⁴itr.tl⁰.tt

234 2534 359 2589 desidero
391 2539 509 2606 negandi
542 2505 704 2606 particulam
731 2539 774 2590 hie
825 2537 949 2588 omnibus
977 2537 1073 2588 ineolie
1102 2539 1240 2605 cognitum
1269 2537 1365 2588 fuisse.

232 2621 343 2671 prorene
368 2610 559 2660 neeeeaariam.
601 2609 660 2659 Nee
687 2610 773 2674 magia
826 2607 905 2670 Quod
924 2607 962 2670 ei,
985 2607 1031 2672 qui
1055 2607 1129 2658 urbia
1153 2608 1365 2674 magnitudinem

231 2675 323 2740 plaoet
340 2679 413 2746 quod
427 2681 531 2746 Burgee
550 2679 687 2744 (Prolegg.
701 2679 774 2728 Thn-
824 2677 991 2742 reputaverit
1009 2677 1078 2742 (vid.
1098 2677 1132 2728 ad
1149 2679 1173 2740 1,
1192 2677 1269 2744 178),
1293 2676 1365 2727 haud

232 2746 293 2811 eyd.
306 2765 333 2816 p.
347 2747 412 2814 628)
432 2751 513 2801 aoribi
530 2749 590 2800 vult
602 2745 772 2813 διέφθορεν,
824 2746 1000 2812 improbabile
1022 2747 1167 2799 videbitur.
1203 2749 1236 2798 In
1254 2745 1364 2812 reliquie

230 2817 249 2867 i.
270 2833 294 2869 e.
312 2810 525 2885 διεφθάρησαν.
824 2833 884 2868 oum
899 2815 1039 2867 Herodoto
1064 2816 1200 2869 consentit
1216 2817 1365 2882 Xenophon

267 2883 444 2954 περιϊδόντος
469 2881 536 2947 τοὺς
562 2886 673 2950 Πέρσας
702 2879 774 2937 luel·
824 2885 975 2953 Cyropaed.
1004 2886 1076 2951 VII,
1103 2889 1129 2940 5.
1155 2889 1180 2951 ξ.
1209 2889 1254 2950 15,
1282 2888 1310 2937 in
1333 2902 1364 2936 eo

230 2953 310 3027 δεῖν]
332 2961 423 3012 Verbo
442 2957 581 3025 περιορᾶν
604 2958 649 3008 bio
666 2963 774 3023 praeter
824 2957 903 3008 unice
928 2956 1105 3020 dissentiens,
1133 2957 1206 3023 quod
1232 2973 1287 3008 non
1312 2957 1365 3006 t'or·

231 3031 454 3082 consuetudinem
471 3028 610 3096 participii
627 3028 687 3078 loeo
705 3028 773 3078 adii·
824 3031 891 3078 tuna
908 3027 983 3078 ietnd
1000 3027 1147 3091 accidiaee,
1167 3027 1216 3078 red
1229 3027 1292 3092 Cyri
1306 3031 1365 3076 arte

231 3097 304 3150 eitar
324 3099 484 3150 induitione.
525 3097 603 3149 Cous.
632 3098 701 3159 vn,
729 3096 770 3148 16.
824 3096 941 3162 doloque
957 3101 1149 3164 praeparatum
1168 3103 1271 3147 narret.
1308 3097 1365 3148 Nee

230 3169 257 3230 fi.
273 3170 298 3220 l.
313 3170 441 3222 Kuebner
453 3171 499 3221 Gr.
511 3170 556 3220 Gr.
568 3172 594 3233 fi.
605 3166 665 3218 666.
678 3172 736 3219 not.
746 3167 772 3217 1.
823 3165 977 3233 refragatur
988 3183 1067 3218 eaora
1077 3168 1222 3234 eoriptura.
1240 3167 1282 3218 'l’n
1292 3165 1364 3217 conl.

264 3232 314 3297 τὰς
347 3230 375 3296 ἐς
406 3231 458 3289 τὸν
487 3230 617 3303 ποταμὸν
650 3233 772 3294 πυλίδας
822 3235 1101 3304 Ieeai.XX1,bibiq.
1121 3237 1219 3289 Geeen.
1233 3253 1296 3302 pag.
1313 3235 1364 3288 665

230 3297 358 3375 ἐχοόσας]
378 3300 495 3375 ἐχοόσας
506 3308 579 3359 haud
593 3307 674 3358 aliter
688 3312 770 3372 atque
822 3315 849 3356 et
859 3305 954 3371 Hitaig
964 3322 990 3371 p.
1001 3308 1061 3358 242.
1080 3305 1277 3372 Weeeelingiue
1289 3320 1365 3372 prae·

229 3375 428 3438 Ῑ,16οεοδειο
445 3378 524 3430 modo
542 3393 595 3444 qao
613 3376 683 3426 aliae
701 3375 771 3426 dixit
822 3381 896 3426 terea
910 3375 963 3426 bue
978 3377 1061 3427 refert
1072 3377 1168 3427 Ierem.
1181 3375 1227 3440 LI,
1243 3377 1286 3428 31.
1316 3375 1363 3428 At-

231 3440 383 3534 pepoo'oae.
401 3477 435 3487 -
456 3449 535 3512 Quod
554 3449 590 3499 ad
606 3446 770 3512 partientem
821 3461 873 3512 que
895 3445 977 3496 etiam
1001 3446 1073 3512 apud
1090 3445 1197 3498 Daniel.
1222 3446 1247 3497 V
1265 3445 1311 3496 fin.
1336 3447 1363 3494 et

227 3535 264 3570 αν
284 3519 397 3583 attinet,
416 3519 458 3570 bie
474 3517 648 3580 collocatam,
666 3516 771 3567 monuit
820 3515 860 3564 VI
878 3513 937 3566 init.
961 3515 1131 3580 Babyloniae
1154 3531 1258 3581 regem,
1284 3529 1363 3580 quem

228 3591 369 3641 Werlerne
382 3589 469 3656 (Aott.
482 3587 584 3654 pbiloll.
597 3586 690 3637 Monn.
704 3587 728 3649 1,
741 3587 767 3636 2.
820 3583 1009 3634 Baltbaaarum
1027 3601 1049 3636 e.
1065 3586 1193 3635 Beleaaer
1210 3588 1305 3648 vocat,
1323 3583 1362 3633 in-

228 3676 292 3726 pag.
307 3657 387 3722 249),
406 3659 493 3723 primo
504 3657 564 3708 loeo
576 3655 694 3723 potitam
711 3669 770 3720 per·
820 3651 906 3704 terfioi
924 3654 1038 3720 legimus
1057 3669 1223 3720 regnumque
1235 3653 1361 3718 occupari

227 3732 315 3780 tinere
332 3723 407 3778 illam
426 3728 461 3778 ad
479 3727 651 3792 perticipium
674 3727 770 3788 (τατα-
820 3739 837 3773 a
854 3721 939 3773 Dario
957 3724 1053 3774 Medo:
1073 3725 1106 3774 de
1124 3739 1176 3789 qno
1194 3724 1254 3790 ipeo
1270 3723 1361 3774 variae

226 3793 419 3862 ιιληίσαντες),
444 3795 530 3848 altero
548 3795 609 3846 loeo
626 3793 662 3843 ad
681 3795 769 3859 iprum
819 3793 848 3842 in
858 3797 950 3857 partes
962 3791 1064 3842 abeunt
1081 3795 1201 3843 virorum
1220 3793 1360 3844 doctorum

227 3867 340 3918 verbam
366 3866 472 3917 linitum
501 3859 610 3932 ἔλαβον.
654 3864 697 3915 Ad
721 3857 770 3922 τόις
819 3861 984 3922 sententiam
1011 3855 1067 3912 vid.
1089 3863 1231 3928 Lengerlre
1254 3863 1288 3913 ad
1305 3863 1361 3913 Da·

227 3928 577 4002 alpaeedreooni.eupra1‚
593 3933 652 3996 180,
670 3931 718 3982 ubi
735 3933 769 3983 ad
818 3929 881 3980 niel.
906 3946 932 3995 p.
950 3928 1002 3980 208
1020 3945 1078 3996 aeq.
1120 3933 1160 3982 Ae
1179 3947 1264 3998 nuper
1283 3933 1361 3984 Vaux

226 4009 369 4070 utramque
413 4005 489 4055 flavii
527 4005 615 4070 ripam
651 3994 769 4066 αλμασιὴ
820 3998 1169 4068 (NiuerehandPereep'ol.
1184 4017 1211 4066 p.
1226 4003 1259 4052 72
1272 3999 1359 4066 eeqq.)

225 4072 360 4125 πλίνθων
377 4064 488 4124 ὀπτίων
504 4069 683 4136 παρατείνει,
701 4071 767 4136 ibiq.
819 4069 886 4118 haee
903 4069 944 4118 ita
963 4068 1102 4119 eonoiliari
1120 4085 1201 4135 poree
1218 4075 1311 4136 putat,
1330 4073 1360 4118 ut

225 4148 296 4195 nott.
818 4137 920 4187 Darius
938 4137 1035 4188 Medae
1053 4139 1107 4189 dux
1124 4139 1298 4204 perhibeatur
1316 4153 1360 4189 oo-

261 4209 363 4280 ἒλαβον
385 4200 422 4260 ἄν
445 4221 533 4273 σφεας
555 4199 593 4266 ὦς
616 4201 647 4257 ἐν
667 4199 766 4276 νόρτῃ]
818 4207 923 4270 piarum
934 4207 1099 4258 Mediaarum
1117 4209 1146 4258 in
1158 4209 1223 4274 Cyri
1239 4209 1359 4260 exereitu

225 4273 314 4346 aa'qprq
327 4295 349 4330 e.
362 4271 480 4343 adproe,
498 4281 529 4326 ut
540 4277 588 4328 alii
601 4277 706 4340 dixere,
726 4283 767 4327 eet
818 4273 1007 4338 militantium,
1030 4277 1095 4342 <tyn
1118 4277 1196 4342 qnaei
1220 4279 1359 4342 viceage-

225 4365 317 4413 naam,
333 4349 431 4411 fimella
449 4361 463 4396 ε
480 4345 608 4396 atmiaitaa
625 4353 713 4406 tenta,
739 4345 767 4395 in
817 4357 888 4396 rene.
931 4343 1011 4408 Quod
1039 4349 1131 4396 tamen
1160 4359 1220 4396 aum
1251 4345 1358 4397 dieartia
