3088 4944
248 326 310 388 804

247 500 349 571 edem
360 498 567 605 Ἑλικωνίῳ·
599 517 622 607 ἡ
645 526 686 593 δὲ
700 518 842 602 Μυκάλη
860 518 932 583 ἐστὶ
947 523 1007 604 τῆς
1024 515 1162 602 ἠπείρου
1177 504 1261 594 ἄκρη
1267 555 1277 591 ,
1299 501 1385 593 πρὸς

247 603 394 694 ζέφυρον
418 606 546 700 ἄνεμον
567 625 767 711 κατήκουσα
781 617 900 707 Σάμῳ,
925 620 960 693 ἐς
978 613 1042 702 τήν
1061 606 1295 696 συλλεγόμενοι
1316 604 1382 678 ἀπὸ

246 709 313 776 τοῖν
331 717 464 783 πολίων
474 713 589 799 Ἴωνες
606 720 754 809 ἄγεσκον
771 715 885 808 ὁρτὴν,
902 721 945 805 τῇ
962 721 1081 783 ἔθεντο
1100 707 1227 798 οὕνομα
1243 712 1380 782 Πανιώ-

246 836 311 882 νια.
354 816 548 888 πεπόνθασι
567 822 606 891 δὲ
623 824 697 894 οὔτι
716 830 835 914 μοῦναι
850 821 888 885 at
906 814 1030 885 Ἰώνων
1044 811 1138 906 ὁρταὶ
1156 821 1272 902 τοῦτο,
1295 812 1381 885 ἀλλὰ

246 913 299 984 καὶ
313 909 486 1008 Ἑλλήνων
507 923 645 994 πάντων
665 923 785 1014 ὁμοίως
804 926 905 991 πᾶσαι
922 922 956 1000 ἐς
974 915 1084 989 τώυτὸ
1104 918 1239 1008 γράμμα
1264 929 1378 989 τελευ-

246 1021 342 1105 τῶσι,
362 1023 510 1114 κατάπερ
528 1033 598 1095 τῶν
614 1032 776 1116 Περσέων
795 1021 834 1094 τὰ
853 1019 1033 1112 οὐνόματα.
1069 1015 1167 1093 αὗται
1187 1023 1251 1112 μὲν
1267 1028 1305 1093 αἱ
1316 1021 1379 1093 'Iei-

156 1124 429 1260 1,ρςλδεςκόλιές
445 1135 518 1198 εἰσι.
548 1134 634 1198 Αἵδε
652 1130 690 1198 δὲ
709 1135 747 1199 αἱ
762 1132 932 1214 Αἰολίδες,
951 1127 1070 1217 Κύμη,
1091 1122 1112 1218 ἡ
1131 1129 1300 1219 Φρικωνὶς
1318 1156 1378 1198 κα-

282 1320 355 1394 πρὸς
367 1326 488 1395 ζέφυρον
503 1317 609 1391 ἄνεμον
622 1319 786 1393 κατήκουσα
835 1328 951 1395 cingulis
970 1330 1082 1381 urbibus
1099 1329 1244 1396 Forbiger:
1268 1331 1379 1383 Haudb.

250 1391 347 1467 Σάμῳ]
365 1400 384 1450 i.
408 1415 430 1448 e.
454 1397 599 1447 occidentem
615 1415 703 1451 versere
722 1415 785 1466 por·
836 1399 862 1449 d.
883 1399 932 1451 alt.
953 1400 1051 1466 Geogr.
1071 1400 1109 1450 11.
1129 1416 1156 1465 p.
1177 1399 1227 1452 150
1245 1416 1314 1466 seq,
1334 1402 1380 1467 qui

250 1474 331 1534 ηζρτιιε
349 1486 371 1518 s.
386 1467 537 1530 pertendens
555 1469 592 1516 ed
609 1468 720 1534 Samum,
745 1471 785 1521 ita
836 1474 911 1520 recte
933 1470 1009 1537 (pag.
1037 1471 1087 1521 152
1105 1474 1162 1521 not.
1186 1470 1230 1537 80)
1255 1476 1378 1534 annotat,

248 1545 276 1592 ut
289 1537 454 1587 occidentem
466 1551 558 1586 versus
576 1553 593 1586 a
605 1539 714 1605 Mycale
726 1557 785 1605 pro·
836 1540 1005 1590 Herodotum
1024 1547 1078 1590 tres
1096 1541 1221 1591 omittere
1242 1541 1378 1605 civitatee,

247 1607 376 1664 ficiscenti
389 1606 509 1685 proxima
521 1607 557 1656 sit
570 1607 678 1660 Samus.
710 1612 785 1662 Loco
837 1625 906 1675 quae
934 1611 1016 1677 vulgo
1039 1609 1158 1661 Aeolicis
1189 1616 1378 1674 accensentur,

247 1673 330 1729 dativi
343 1673 451 1742 (Σαμῳ)
462 1675 531 1725 alias
541 1676 701 1755 plerumque
713 1683 786 1748 apud
837 1680 1006 1732 Aternmrsem
1032 1681 1171 1731 civitatem
1196 1680 1242 1743 (de
1264 1696 1318 1746 qua
1340 1682 1377 1732 ολ.

245 1743 408 1803 Herodotum
436 1746 583 1810 reperimus
607 1753 786 1819 praepositio·
837 1750 860 1813 I,
880 1751 951 1818 100),
970 1752 1055 1803 Canas
1073 1755 1154 1817 atque
1172 1751 1291 1815 Elaeam,
1314 1767 1379 1817 qua·

246 1831 302 1872 uem
316 1806 361 1863 tut
374 1813 432 1878 (IV,
454 1815 513 1871 171.
536 1820 596 1873 178.
614 1823 649 1886 V,
666 1824 712 1890 40)
728 1824 785 1874 sive
837 1836 897 1870 rum
919 1822 947 1871 in
970 1821 1059 1871 locum
1076 1819 1120 1871 hic
1138 1821 1234 1871 referri
1255 1820 1379 1872 ridemus

246 1880 271 1946 ἐς
292 1883 370 1946 (VII,
394 1886 439 1937 22.
466 1887 538 1956 130),
568 1908 650 1959 quam
676 1898 787 1961 prepter
839 1891 939 1957 cidem,
966 1891 1064 1943 Notium
1084 1896 1167 1958 atquo
1189 1892 1377 1957 Aepireessem.

245 1952 362 2010 additum
381 1949 458 2021 ’²059
475 1956 600 2029 ζέφυρον
616 1955 724 2030 ἄνεμον
742 1965 787 2016 hic
838 1961 878 2012 Ae
896 1961 1011 2012 similem
1029 1961 1239 2027 discrepantiam
1254 1977 1336 2026 supra
1350 1963 1379 2011 in

245 2021 364 2078 consulto
382 2025 486 2081 Noster
503 2049 559 2083 nen
576 2036 702 2098 posuisse
713 2036 787 2085 vide·
837 2032 1008 2083 Achaeorum
1038 2033 1195 2082 civitatibus
1224 2031 1377 2082 indicandis

243 2103 293 2147 tur.
329 2094 372 2145 De
391 2097 487 2150 addito
506 2104 615 2153 nomine
632 2095 740 2169 ἄνεμον
757 2105 785 2153 in
837 2116 920 2166 supra
927 2100 979 2166 (cp.
992 2102 1051 2164 145,
1060 2103 1107 2152 ubi
1114 2102 1170 2153 vid.
1180 2101 1263 2167 nott.)
1274 2102 1327 2152 iam
1339 2102 1377 2151 in·

243 2168 291 2218 bac
308 2161 448 2220 locutione
467 2171 503 2220 cf.
522 2172 545 2233 Ι,
569 2172 696 2236 6ibique
713 2178 784 2223 nott.
835 2172 969 2220 venimus.
1013 2172 1092 2231 Quod
1115 2173 1150 2222 ad
1173 2171 1313 2223 Aeolidem
1337 2177 1378 2221 at·

243 2234 393 2287 *Moxin
409 2240 500 2290 verbis
518 2230 575 2288 ἀπὸ
594 2238 784 2290 τῶνπολίων
835 2239 916 2301 tinet,
949 2244 992 2288 est
1015 2241 1188 2302 potissimum
1210 2242 1316 2293 Lesbos
1338 2243 1378 2291 in-

242 2305 352 2357 attende
380 2309 489 2359 articuli
513 2310 582 2358 vim:
609 2324 642 2357 ex
663 2311 695 2359 Its
718 2307 783 2357 duo·
834 2307 895 2355 sula
914 2311 941 2356 ct
956 2308 1039 2371 Cyme
1057 2324 1079 2357 e.
1100 2309 1185 2359 Cuma
1203 2311 1281 2372 urbs,
1305 2312 1377 2361 unde

243 2375 328 2426 decim
352 2378 511 2429 civitatibus
534 2379 629 2428 Ionum
654 2377 682 2425 in
706 2376 781 2438 Asia,
833 2374 953 2438 reliquae
977 2376 1057 2425 urbes
1080 2379 1207 2427 conditae
1229 2380 1314 2428 fuisse
1337 2382 1376 2428 vi·

242 2447 274 2496 de
292 2447 391 2512 quibus
409 2454 473 2499 ante
490 2453 581 2498 actum
596 2449 646 2494 est.
834 2442 943 2505 dentum
971 2460 1054 2509 quare
1078 2452 1194 2511 utraque
1212 2447 1377 2511 reliquarum

275 2508 303 2573 ἐς
320 2508 411 2567 coiere
428 2509 541 2583 γράμμα
561 2509 716 2580 τελευτῶσι]
739 2528 781 2563 τε·
832 2511 939 2563 urbium
961 2515 1119 2579 metropolis
1142 2516 1213 2579 lere,
1240 2520 1268 2565 et
1292 2514 1375 2581 Cyme

241 2583 357 2636 λεοτοῐσι
375 2603 436 2638 cum
453 2590 568 2638 recentt.
587 2584 664 2635 editt.
686 2585 782 2634 rescri-
833 2583 964 2647 omnium,
992 2589 1127 2650 quotquot
1148 2585 1224 2635 fuere
1246 2585 1374 2635 civitates

242 2654 283 2721 psi
296 2672 345 2721 pro
359 2656 539 2720 τελευτῶσαι,
559 2655 631 2721 quod
646 2653 710 2705 olim
725 2655 782 2705 rul-

241 2730 335 2791 gatum
353 2731 422 2778 erat.
457 2728 509 2777 Est
527 2727 598 2776 enim
615 2725 683 2776 haec
697 2726 782 2776 Hero·

241 2796 298 2846 doti
310 2796 455 2859 sententia,
464 2796 555 2847 omnia
563 2797 692 2847 festorum
699 2797 783 2846 Grae-

241 2882 333 2926 corum
350 2867 460 2917 nomina
478 2867 506 2917 in
525 2867 638 2918 eandem
659 2866 782 2917 desinere

239 2935 359 3000 literam,
389 2937 614 3001 quemadmodum
637 2937 782 2987 Persarum

241 3007 363 3070 nomina,
384 3021 454 3071 quae
472 3009 562 3059 omnia
577 3009 605 3057 in
620 3022 702 3056 unam
720 3022 782 3057 ean-

239 3072 355 3141 demque
381 3075 489 3128 literam
510 3082 528 3127 e
557 3078 631 3128 orire
654 3092 737 3142 supra
758 3077 781 3140 I,

241 3145 292 3197 130
310 3147 451 3198 docuerat.

405 3319 471 3370 Car.
494 3320 615 3371 CXLIX.

274 3417 341 3471 ntes
359 3418 391 3472 el
408 3416 440 3473 αλ
456 3418 583 3481 Αἰολίδες
601 3439 627 3473 κ.
646 3438 670 3472 τ.
688 3421 723 3490 λ.)
740 3424 782 3474 De

239 3491 356 3542 Aeolicis
375 3494 503 3557 coloniis,
521 3509 588 3560 quas
607 3493 726 3543 breviter
741 3508 781 3543 re-

238 3568 331 3612 censet
359 3564 531 3628 Herodetus,
567 3565 699 3614 disserere
725 3562 781 3613 lou-

238 3646 302 3696 gum
312 3638 366 3694 est3
385 3634 448 3684 inde
460 3636 569 3700 paucis,
589 3649 659 3699 quae
674 3632 708 3683 ad
726 3634 781 3683 sin-

237 3700 303 3767 gula
319 3704 414 3754 Nostri
431 3706 515 3755 verba
536 3706 587 3755 rite
604 3701 781 3768 intelligenda

238 3771 355 3837 faciant,
380 3790 429 3826 nos
454 3775 661 3825 continebimus.
696 3772 780 3823 Plura

238 3841 285 3905 qni
302 3845 409 3909 cupiat,
431 3844 505 3911 legat
527 3846 665 3910 copiosam
689 3843 779 3908 dispu-

237 3912 370 3963 tationem
399 3914 470 3965 Galli
506 3915 582 3965 docti
611 3913 700 3964 Raoul
726 3914 779 3963 Ro-

238 3980 343 4032 cbctte:
367 3984 489 4034 Histoire
518 3985 551 4035 de
575 3983 726 4034 l'Etabliss.
751 3983 778 4034 d.

237 4051 326 4102 colon.
338 4053 435 4117 Grecq.
453 4055 486 4104 Τ.
502 4054 556 4104 III.
571 4069 634 4119 pag.
648 4053 682 4104 34
700 4068 776 4117 seqq.

237 4121 299 4171 coll.
319 4122 449 4173 Larcber.
468 4124 497 4172 iu
512 4123 674 4188 Chrouolog.
693 4124 778 4172 Hero·

833 2652 969 2718 Aeolicae,
986 2655 1103 2704 maxime
1118 2653 1263 2706 celebrata.
1291 2654 1375 2721 Cyme

833 2723 944 2774 condita
967 2729 1026 2774 erat
1045 2741 1067 2790 a,
1085 2725 1197 2776 Graecis
1226 2725 1295 2775 duce
1316 2725 1376 2776 Ma-

832 2793 876 2843 lao
894 2798 922 2844 et
941 2794 1041 2859 eleva,
1069 2795 1114 2860 qui
1137 2810 1222 2861 genus
1244 2810 1322 2845 sunm
1340 2795 1375 2846 ab

832 2863 1033 2929 Agamemnone
1043 2866 1219 2930 repetebant,
1239 2869 1266 2917 et
1276 2881 1375 2931 magno

833 2935 954 2985 exercitu
981 2939 1137 3000 comparato
1156 2935 1203 2985 ubi
1223 2935 1325 2986 diutius
1347 2937 1376 2985 in

832 3005 949 3055 Locride
964 3009 1037 3056 terra
1052 3004 1088 3055 ad
1103 3006 1240 3056 Phricium
1257 3010 1375 3056 montem

833 3076 992 3126 commorati
1020 3081 1110 3139 erant,
1137 3077 1166 3126 in
1191 3078 1285 3127 Asiam
1313 3075 1375 3126 dein

833 3146 998 3196 traiecerunt
1023 3146 1114 3212 ibique
1138 3147 1228 3212 Cymen
1250 3145 1375 3197 condide-

832 3219 908 3279 runt,
929 3231 999 3281 quae
1016 3215 1050 3267 ob
1068 3217 1167 3281 prioris
1186 3216 1259 3267 sedis
1277 3231 1375 3266 memo-

833 3286 901 3335 riam
914 3287 950 3338 ad
961 3286 1098 3337 Phricium
1110 3291 1230 3337 montem
1246 3285 1311 3337 olim
1328 3302 1374 3336 vo·

833 3355 948 3406 cabatnr
970 3356 1120 3421 Pbrycenis.
1162 3356 1242 3407 Coni.
1265 3355 1375 3421 potissi-

833 3440 906 3475 mum
928 3425 1055 3478 Strabon.
1082 3427 1161 3479 XIII.
1180 3443 1244 3492 pag.
1272 3425 1323 3476 582
1349 3441 1372 3475 s.

832 3495 884 3546 873
907 3496 939 3546 A.
964 3497 997 3546 B.
1020 3501 1047 3546 et
1066 3496 1135 3546 adde
1158 3496 1275 3560 reIIquos
1297 3494 1372 3543 locos

832 3564 904 3628 apud
921 3565 1053 3631 Forbiger
1071 3565 1088 3616 l.
1110 3566 1128 3614 l.
1148 3582 1174 3628 p.
1194 3565 1253 3614 155.
1291 3561 1371 3626 Corp.

831 3634 918 3686 Inser.
932 3636 1043 3686 Graece.
1059 3636 1092 3685 T.
1108 3635 1146 3684 11.
1159 3648 1200 3682 nr.
1214 3629 1282 3684 3523
1295 3646 1372 3696 seqq.

830 3705 919 3754 Huius
934 3705 1010 3754 urbis
1022 3703 1110 3753 nullas
1126 3702 1213 3752 adbuc
1230 3716 1372 3766 superesse

830 3774 967 3839 reliquias,
982 3777 1099 3823 testatur
1111 3772 1208 3823 Terier
1219 3771 1369 3836 (Descript.

830 3843 864 3893 de
881 3843 964 3893 l¹Asie
981 3842 1046 3893 min.
1067 3843 1105 3892 11.
1125 3858 1151 3907 p.
1171 3840 1248 3905 240);
1267 3841 1314 3891 vix
1332 3844 1373 3891 ta·

829 3928 891 3963 men
909 3912 1018 3962 dubium
1034 3927 1109 3974 esse,
1129 3910 1194 3976 quin
1212 3911 1312 3961 veteris
1329 3926 1372 3961 ur-

829 3982 871 4032 bis
888 3981 964 4031 locus
983 3982 1153 4045 quaerendus
1172 3979 1209 4029 ait
1226 3996 1310 4046 prope
1327 3982 1370 4031 vi·

830 4067 890 4101 cum
916 4050 1036 4102 Numourt
1060 4067 1082 4101 s.
1105 4051 1238 4113 Nemourt,
1261 4051 1308 4102 ubi
1332 4052 1372 4101 in-

831 4121 993 4184 scriptiones
1014 4120 1048 4171 ad
1067 4120 1181 4172 Cumarn
1204 4121 1371 4185 pertinentes

237 4189 294 4242 dot.
311 4207 373 4256 pag.
387 4191 449 4240 440.
480 4192 551 4243 Add.
569 4184 780 4257 GroteHistory
830 4195 894 4240 sunt
907 4190 1039 4241 detectae.
1072 4191 1152 4242 Ocni.
1166 4190 1248 4241 etiam
1261 4191 1372 4241 Schnei-

237 4260 269 4308 ολ
286 4261 387 4311 Greece
404 4261 458 4310 ΙΙΙ.
484 4277 512 4324 p.
530 4264 582 4313 254
601 4278 675 4328 seqq.
696 4261 727 4312 C.
746 4262 779 4312 F.
830 4259 919 4310 dewiu
944 4259 979 4310 ad
1005 4261 1144 4313 Heraclid.
1185 4259 1245 4311 Pol.
1274 4277 1301 4326 p.
1327 4261 1370 4312 70.

237 4329 389 4379 Hermann:
407 4330 514 4381 Grieeb.
534 4331 739 4381 Staatsalterth.
753 4330 779 4392 ἐ.
829 4331 933 4381 Eodem
949 4329 1117 4397 Plupconidis
1137 4331 1246 4381 nomine
1269 4331 1371 4381 inveni-

239 4398 272 4449 70
292 4405 349 4450 not.
373 4399 404 4450 10
422 4414 498 4464 seqq.
521 4400 564 4451 ed.
586 4407 675 4467 quart.
696 4406 724 4450 ct
746 4401 779 4450 de
829 4416 889 4451 mus
901 4401 975 4466 apud
988 4401 1101 4451 eundem
1114 4401 1276 4452 Strabonem
1289 4401 1368 4451 Xlll.
