3088 4922
140 291 144 298 .
203 227 266 293 472
633 225 905 290 HERODOTI

203 408 295 484 τίονς
308 399 478 492 πληθύειν
497 397 557 471 τὸν
571 397 740 490 ποταμὸν,
756 398 948 480 κωλύοντας
968 401 1001 479 ές
1021 397 1198 470 θάλασσαν
1213 401 1342 491 ἐκρέειν

204 504 264 576 τὸν
280 513 417 575 Νείλου.
447 503 606 584 πολλάκις
625 504 662 574 δὲ
683 507 810 592 ἐτησίαι
832 503 894 593 μὲν
911 499 974 573 οὐκ
996 493 1044 573 civ
1064 509 1251 590 ἔπνευσαν,
1269 499 1288 573 ὁ
1304 505 1341 574 el

205 617 329 690 Νεῖλος
342 604 450 678 τολυτό
469 608 647 697 ἐργάζεται.
676 605 759 697 πρὸς
778 607 827 692 δέ,
843 611 873 675 εί
886 608 1013 694 ἐτησίαι
1026 617 1127 676 αίτιοι
1144 597 1242 695 ἦσαν,
1256 612 1340 698 χρῆν

205 713 261 782 καλ
282 710 360 793 τούς
379 708 502 792 ἄλλους
520 708 708 799 ποταμούς,
728 706 800 778 ὅσοι
820 725 906 779 τοῖσι
927 713 1075 798 ἐτησίῃσι
1089 706 1197 780 ἀντίοι
1215 713 1340 800 ῥέουσι,

204 811 325 905 ὁμοίως
337 814 476 902 πάσχειν
489 816 544 884 ιιαλ
554 811 937 906 ιιατάταύτάτρλΝείλρι·
954 814 1147 901 καὶμᾶλλον
1159 820 1207 882 ἔτι
1221 815 1338 884 τοσού-

204 945 262 1012 τρι,
271 914 339 1010 dopo
352 917 528 997 ἐλάσσονες
543 917 664 998 ἐόντες,
674 914 901 1006 ἀσθενέστερα
915 914 956 986 τά
971 915 1119 1005 ῥεύματα
1130 921 1340 1006 παρέχονται.

206 1023 270 1091 είσλ
284 1021 322 1090 dl
336 1015 453 1090 πολλοὶ
467 1021 529 1108 μὲν
540 1023 577 1090 έν
590 1026 630 1112 τῇ
644 1027 756 1109 Συρίῃ
771 1021 923 1108 ποταμολ,
938 1022 1056 1090 πολλολ
1070 1019 1108 1088 (λλ
1119 1023 1156 1089 έν
1167 1026 1208 1109 τῇ
1217 1021 1340 1110 Λιβύῃ,
1365 1039 1368 1044 “

157 1120 355 1194 λλσλούιλλν
371 1128 502 1193 τοιοῦτο
523 1124 705 1212 πάσχουσι,
727 1117 800 1192 οἷόν
819 1150 850 1192 τι
871 1125 926 1193 ιιαλ
943 1119 1109 1202 ὁΝείλος.
1134 1118 1177 1191 Ἡ
1193 1120 1225 1192 d’
1247 1126 1340 1213 ἑτέρη

203 1225 548 1316 ἀνεπιστημονεστέρη
569 1229 631 1316 μέν
654 1229 722 1296 ἐστι
743 1232 800 1315 τῆς
820 1230 1036 1315 λελεγμένης,
1056 1225 1143 1318 λόγῳ
1164 1227 1202 1296 (λλ
1221 1231 1340 1312 εἰπεῖν,

203 1427 248 1493 21)
274 1426 411 1494 addictum
438 1426 523 1478 inisse
549 1425 597 1476 alii
625 1425 745 1476 tradant.

203 1498 276 1549 Hinc
287 1497 357 1547 idem
371 1495 476 1548 dulcem
486 1497 542 1548 iere
550 1496 682 1546 Atlantici
691 1511 747 1545 ma·

203 1565 747 1689 tuti..ttitutltlttltlt

204 1707 298 1758 etesiis
310 1706 500 1771 pronuntiarat
509 1705 640 1755 Chrestus
649 1705 747 1755 Rome·

203 1791 269 1838 uus,
293 1781 323 1826 ut
345 1775 402 1824 illic
425 1774 540 1841 legimus
563 1791 590 1839 p.
614 1773 674 1826 266.
717 1773 747 1824 Si

203 1861 267 1897 vero
286 1859 464 1910 quaeramus,
489 1844 553 1910 quid
571 1844 611 1894 rei
629 1845 681 1906 sit,
699 1843 747 1893 mi·

129 1974 137 1986 ¹
202 1916 274 1966 ιιλιιιε
292 1915 400 1980 quidem
413 1913 478 1965 solis
495 1914 588 1964 etesiis
606 1912 677 1964 effici
688 1928 748 1978 per·

203 1999 313 2036 suasum
331 1984 471 2046 habemus,
490 1989 521 2034 ut
533 1983 612 2034 Nilus
625 1986 745 2043 crescat3

203 2053 326 2104 nonnihil
352 2059 443 2104 tamen
467 2053 576 2104 easdem
599 2053 689 2103 iacere
712 2019 747 2102 ad

203 2123 259 2175 Nili
271 2124 467 2174 incrementum
481 2124 660 2174 observarunt
671 2137 747 2187 pere-

203 2195 356 2258 grinaturus
376 2192 548 2243 recentiores.
581 2191 665 2242 Venti
676 2206 747 2241 ειιιιιι

204 2263 306 2324 etesiae
330 2277 347 2311 a
371 2262 555 2326 septentrione
577 2261 656 2322 flant,
685 2259 748 2310 inde

204 2346 220 2380 a
242 2346 334 2381 mense
359 2331 434 2380 Maio
462 2329 543 2394 paulo
570 2335 633 2380 ante
655 2329 748 2380 Nilum

205 2405 404 2451 accrescentem
416 2414 502 2463 usque
514 2399 549 2450 ad
559 2399 746 2462 Nouembrem,

205 2474 232 2520 et
250 2469 357 2535 quidem
376 2473 430 2520 tam
449 2469 584 2531 continui,
611 2473 642 2520 nt
660 2483 693 2518 ne
708 2467 748 2518 ul-

203 2539 246 2590 lus
269 2538 338 2589 alius
367 2543 465 2589 ventus
494 2554 541 2603 per
567 2537 619 2588 hoc
641 2541 748 2603 tempus

204 2609 360 2658 inveniatur
387 2611 415 2657 et
438 2606 490 2657 hoc
520 2607 599 2658 modo
619 2607 749 2672 impedia-

204 2683 249 2729 tur
267 2677 338 2728 celer
355 2691 486 2743 aquarum
503 2675 598 2742 lapsus
616 2677 645 2725 in
664 2693 747 2740 mare,

204 2747 304 2814 quippe
321 2747 377 2798 Nili
401 2747 478 2798 ostiis
496 2751 578 2798 vento
603 2745 683 2812 quasi
702 2747 748 2796 ob-

204 2817 327 2868 structis.
363 2817 406 2866 Tu
424 2815 479 2866 vid.
498 2817 661 2866 Hartmaun.
680 2817 748 2866 Erd-

204 2886 310 2937 beachr.
335 2902 362 2936 r.
381 2886 499 2951 Aegypt.
524 2903 550 2951 p.
569 2885 683 2937 43-46.
702 2884 747 2937 96.

202 2957 236 3010 et
261 2955 322 3006 coll.
348 2955 465 3006 Salmas.
494 2956 628 3006 Exercitt.
655 2954 745 3005 Plinn.

202 3041 230 3091 p.
247 3025 313 3089 304,
339 3025 386 3090 qui
403 3029 525 3075 veterum
545 3025 619 3075 locos
644 3025 746 3090 attigit,

202 3095 348 3159 inquibus
371 3095 516 3159 praecipue
536 3093 676 3144 Philonem
701 3109 747 3143 no-

203 3169 308 3225 tamus,
336 3163 383 3227 qni
402 3163 458 3213 tale
477 3163 541 3228 qnid
560 3163 747 3229 pronuntiarit

203 3233 232 3282 in
244 3232 376 3282 sithius.
392 3232 415 3283 1.
436 3249 462 3296 p.
475 3232 527 3283 620
538 3234 572 3284 Α.
608 3233 651 3282 Cf.
665 3233 748 3283 etiam

203 3301 276 3352 inira
288 3301 336 3362 VI,
351 3301 410 3363 140,
430 3301 477 3350 ubi
495 3302 571 3352 venti
585 3305 688 3352 etesiae
704 3303 748 3351 iti-

204 3370 263 3422 dem
294 3377 557 3434 commemorantur,
595 3387 611 3421 a
641 3376 749 3437 septen-

203 3441 292 3490 trione
309 3440 480 3517 potissimum
498 3409 604 3491 λλιιιλεε.

238 3504 349 3566 αἰτίους
366 3501 521 3574 πληθύειν]
541 3511 582 3561 De
601 3508 746 3574 infinitivo,

205 3579 252 3645 qui
270 3579 393 3644 sequitur
411 3594 505 3628 vocem
523 3573 642 3642 αἰτίους,
663 3580 746 3642 cont,

203 3649 227 3698 sl
250 3649 322 3697 tanti
346 3653 402 3710 est,
426 3647 554 3698 Kuehner
577 3647 624 3700 Gr.
651 3647 697 3699 Gr.
720 3647 744 3710 §-

202 3716 263 3778 dtu,
291 3717 344 3778 ΠΙ,
371 3686 418 3767 ιιλιλ
447 3717 492 3767 λιλο
522 3717 598 3766 λοοιιτ
627 3716 746 3768 affertur

202 3754 289 3836 Paulo
284 3789 369 3862 post
388 3801 448 3836 cnm
462 3785 601 3837 Gaisiord.
619 3787 747 3851 rescripsi

203 3844 256 3904 ούιι
273 3839 315 3902 άν
333 3869 382 3918 pro
388 3854 475 3932 fulg.
488 3845 586 3904 ούιιοιν
603 3856 655 3904 et'
648 3871 676 3906 ιιι
692 3856 744 3906 line

201 3922 299 4002 capitis
318 3921 433 3972 τοιοῦτο
451 3940 499 4004 pro
518 3921 659 3973 τοιοῦτον.

235 3988 308 4054 χρῆν
326 3987 374 4039 aul
388 3985 455 4050 τοὺς
467 3983 570 4050 ἄλλους
585 3985 742 4074 ποταμοὺς]

199 4059 241 4109 De
259 4059 406 4111 omissione
426 4051 618 4126 particulae*
599 4077 649 4125 αν,
674 4078 744 4128 quae

199 4126 283 4178 verbo
301 4126 374 4193 χρῆν
391 4129 443 4181 hac
460 4099 661 4196 significatione
679 4130 743 4181 addi

199 4195 295 4258 debat,
312 4197 358 4248 Gr.
377 4199 622 4251 laudatSchaefer.
635 4199 740 4250 Melett.

199 4265 302 4317 critice.
318 4281 344 4332 p.
358 4267 417 4320 130.
434 4269 492 4330 1:‚tl
511 4269 557 4318 nbi
570 4268 648 4333 plura
662 4269 742 4319 omis

798 1443 845 1477 sae
872 1427 1024 1493 particulae
1056 1429 1178 1494 exempla
1202 1430 1341 1480 inveniun-

797 1501 851 1547 tur.
894 1495 1027 1548 Subtilius
1051 1498 1080 1547 in
1104 1497 1171 1549 haec
1200 1500 1341 1565 inquisivit

797 1565 969 1617 Beeumlein:
988 1567 1126 1619 Ueberd.
1146 1569 1247 1634 griech.
1266 1571 1339 1622 Mod.

798 1652 825 1700 p
844 1637 896 1688 140
911 1651 987 1701 seqq.
1024 1636 1058 1686 In
1076 1651 1150 1702 seqq.
1171 1639 1340 1691 esancroiti

798 1705 868 1756 libro
890 1721 950 1792 ριιιιι
970 1709 1085 1756 recentt.
1099 1706 1160 1758 edd.
1177 1709 1274 1792 scripsi
1292 1725 1340 1758 ια-

798 1766 832 1824 sol
848 1767 937 1824 ταύτὰ
956 1790 1004 1840 pro
1028 1767 1150 1825 κατὰτὰ
1171 1769 1257 1842 αὐτὰ,
1281 1795 1341 1829 cum

798 1845 889 1896 crasin
912 1845 940 1894 in
969 1845 1011 1894 his
1037 1850 1195 1897 constanter
1217 1851 1342 1899 observet

797 1915 969 1976 Herodotus,
985 1914 1228 1967 docenteBredov.
1240 1934 1266 1984 p.
1279 1918 1340 1970 202.

798 1984 873 2035 Idem
891 1985 944 2034 ieci
962 1985 1001 2047 11,
1021 1984 1080 2035 104.
1101 1986 1161 2036 105.

833 2049 887 2103 είσλ
905 2047 937 2103 dl
956 2049 1057 2102 πολλοὶ
1082 2047 1134 2118 μλν
1150 2046 1180 2104 ἐν
1196 2052 1232 2119 τῇ
1249 2053 1341 2138 Συρίῃ

798 2119 922 2186 ποταμοὶ
944 2139 971 2172 ιι
994 2137 1018 2172 τ.
1037 2120 1074 2188 λ.]
1100 2124 1178 2175 Haec
1200 2123 1263 2174 olim
1285 2126 1344 2192 qui-

798 2193 913 2243 busdam
946 2192 1008 2242 ideo
1045 2191 1218 2258 displicuisse
1252 2195 1342 2257 video,

800 2262 873 2328 quod
891 2261 964 2327 Syrii
987 2262 1064 2311 fluvii
1084 2278 1138 2312 non
1157 2263 1266 2314 boream
1284 2279 1342 2313 ver-

800 2347 846 2382 sus
865 2347 939 2382 mare
957 2331 1074 2394 intrant,
1093 2347 1185 2382 verum
1205 2332 1240 2381 ad
1258 2332 1341 2382 solem

799 2402 976 2453 occidentem.
1015 2401 1089 2461 Quos
1115 2416 1180 2451 sans
1199 2401 1269 2464 fugit
1287 2405 1341 2451 ete-

800 2472 855 2521 sias
872 2486 927 2521 non
947 2471 1035 2519 minus
1054 2469 1108 2519 dici
1120 2485 1135 2519 s
1147 2469 1339 2534 septentrione,
1426 2529 1432 2536 ¹

799 2556 880 2606 quam
905 2539 1046 2589 occidente
1074 2538 1187 2600 dantes,
1215 2544 1340 2590 monente

799 2611 853 2660 iam
863 2609 983 2660 Diodoro
1001 2608 1024 2669 I,
1036 2607 1080 2659 39.
1107 2606 1185 2658 Cous.
1199 2607 1339 2660 Aristotel.

799 2679 978 2743 Meteorolog.
993 2677 1032 2740 11,
1051 2677 1076 2727 λλ.

991 2848 1058 2899 Car.
1077 2845 1153 2897 XXI.

834 2941 871 3000 H
892 2940 920 2999 δ’
946 2943 1026 3014 ετέρη
1049 2944 1342 3030 ἀνεπιστημονεστέρη

798 3021 850 3087 μέν
873 3010 930 3069 ἐστι
953 3035 980 3069 ιι.
1005 3035 1029 3069 τ.
1056 3017 1095 3084 λ.]
1121 3009 1342 3084 ἀνεπιστημονε-

799 3088 881 3154 στέρη
900 3093 942 3140 est
961 3090 1089 3149 inscitior,
1112 3087 1156 3139 vel
1172 3091 1288 3140 maiorem
1304 3092 1343 3140 iu-

798 3163 894 3212 esitium
914 3160 1039 3244 prodens,
1064 3163 1096 3208 ut
1112 3159 1169 3219 IX,
1189 3158 1223 3209 62
1246 3149 1342 3210 άνειιι-

800 3221 936 3293 στήμονες
963 3230 1048 3286 ιἰιεολί,
1077 3229 1187 3292 inperiti
1216 3228 1343 3279 dicuntur

798 3300 908 3349 Persae.
928 3297 971 3347 Ad
983 3301 1170 3362 argumentum
1186 3297 1260 3349 conf.
1273 3314 1343 3364 quae

800 3385 823 3419 c.
837 3367 872 3419 23
889 3367 1070 3417 disseruntur.
1105 3365 1259 3416 absurdam
1278 3384 1342 3418 vero

798 3439 869 3488 hene
887 3451 997 3488 causam
1020 3435 1122 3485 habent
1141 3440 1168 3484 et
1185 3435 1342 3487 Herodotus

799 3511 826 3557 et
843 3506 980 3557 Diodorus
998 3505 1027 3566 Ι,
1047 3503 1096 3565 37,
1121 3504 1197 3555 cuius
1216 3511 1342 3558 auctores

800 3577 885 3625 fuisse
896 3575 1022 3625 dicuntur
1035 3573 1191 3624 sacerdotes
1203 3574 1341 3640 Aegyptii.

799 3645 866 3696 Inde
884 3645 987 3694 tradita
1009 3643 1166 3708 perhibetur
1186 3644 1219 3693 ab
1238 3645 1343 3712 Euthy-

799 3729 876 3764 mene
899 3711 1080 3773 Massiliensi,
1107 3717 1138 3761 ut
1157 3712 1260 3764 Seneca
1283 3714 1303 3765 l.
1320 3715 1340 3766 l.

799 3789 881 3849 atque
903 3781 1043 3832 Plutarch.
1068 3750 1102 3832 ιλε
1122 3781 1222 3834 Placit.
1243 3783 1342 3848 philos.

798 3853 847 3903 IV.
864 3869 891 3916 p.
906 3851 993 3903 8le
1013 3855 1158 3901 testantur.
1195 3852 1278 3902 Hand
1295 3853 1343 3904 ali-

798 3927 839 3972 ter
854 3919 1052 3971 Dicaearchum
1071 3936 1105 3970 ex
1120 3920 1190 3970 mari
1202 3921 1341 3973 Atlantico

795 3991 886 4042 Nilum
912 3989 1013 4040 effundi
1035 3990 1177 4040 censuisse
1200 4005 1234 4040 ex
1256 3991 1339 4043 Laus.

796 4059 865 4125 Lyd.
884 4059 902 4108 l.
918 4057 937 4108 l.
951 4075 978 4123 p.
991 4058 1044 4109 254
1062 4059 1200 4110 discimus.
1236 4061 1277 4110 Ao
1296 4061 1340 4112 de-

796 4131 876 4195 nique
894 4129 1021 4178 Hecataei
1039 4129 1149 4194 Milesii,
1178 4143 1258 4193 quem
1276 4136 1340 4182 anta

794 4197 964 4257 Herodotum
982 4198 1167 4262 Aegyptum'
1160 4198 1289 4248 ruvisiase
1312 4205 1340 4250 et

795 4267 982 4332 descripsisse
1002 4271 1126 4331 constat,
1155 4267 1205 4317 ills
1232 4283 1340 4333 quoque
