3032 4916
472 231 957 298 nuuunnu.11.1m.1oe.
1222 234 1284 295 em
1338 210 1341 216 ’

148 401 193 486 τὸς
209 409 425 492 Αἰγυπτίοισι
446 407 652 496 προσφερέες
672 411 747 476 εἰσί.
799 412 895 476 λίνον
921 411 1040 496 μοῦνοι
1059 395 1156 476 οὗτοί
1171 434 1208 478 τε
1226 410 1282 478 καλ

148 508 326 596 Αἰγύπτιοι
341 507 532 598 ἐργάζονται
545 508 629 578 κατὰ
642 506 763 596 ταύτὸ,
777 503 863 598 καλή
877 508 932 599 ζόη
945 515 1034 580 πᾶσα
1048 511 1103 580 καλ
1117 505 1282 600 ήνλῶσσα

147 613 292 703 ἐμφερής
306 615 373 682 ἐστι
395 608 577 700 ἀλλήλοισι.
612 621 708 684 λίνον
723 614 760 684 δὲ
780 611 817 684 τὸ
830 612 893 702 μὲν
905 612 1072 702 Κολχικὸν
1085 609 1152 684 ini
1165 609 1279 705 Ἐλλή-

147 745 217 787 νων
232 712 443 807 Σαρδονικὸν
457 717 628 806 κέκληται,
651 713 688 787 τὸ
706 719 819 806 μέντοι
838 713 898 786 ἆτ’
921 715 1095 805 Αἰγύπτου
1114 713 1276 790 deinvad-

146 848 249 910 μενον
263 822 414 890 καλέεται
433 819 627 908 Αίγύπτιον.
685 820 749 903 Τὸς
770 822 808 891 δὲ
825 819 947 910 στήλας
964 819 1021 902 τὸς
1035 827 1109 910 ἵστη
1124 820 1207 891 κατὰ
1219 819 1277 904 τὸς
1287 833 1346 894 106

346 1055 412 1108 cu·
431 1055 488 1108 cv·
739 1013 818 1156 ιιι,
832 1021 1281 1158 retruderetur

148 1159 151 1165 ’
182 1149 253 1225 Φέρε
275 1175 328 1210 νυν
352 1154 400 1209 καλ
421 1149 495 1210 ἄλλα
512 1155 595 1226 eino]
621 1149 688 1208 ἄλλο
738 1162 774 1213 ab
790 1161 914 1214 hocloco
932 1161 1185 1227 maximealienam,
1204 1178 1281 1229 prae·

147 1246 187 1294 τι,
206 1231 277 1297 qnod
296 1231 409 1282 Cobetio
427 1229 531 1297 placet,
549 1229 630 1280 valde
648 1245 689 1280 ar·
739 1236 827 1282 staret
853 1232 947 1298 utique
971 1248 1032 1283 cum
1054 1233 1190 1284 Larobero
1215 1234 1281 1284 scri-

148 1301 229 1351 ridet:
252 1317 338 1368 neque
360 1316 424 1350 vero
448 1300 631 1351 necessarium
650 1299 689 1348 vi·
738 1303 802 1354 bere
820 1293 996 1367 Σαρδιηνὸν,
1017 1302 1082 1366 uisi,
1099 1303 1170 1368 qnod
1190 1309 1280 1354 monet

147 1371 234 1422 detur.
273 1373 316 1422 De
338 1372 511 1422 coniunctivo
535 1367 630 1436 (είιτω)
659 1369 688 1418 iu
739 1371 904 1438 Schweigh.,
922 1372 976 1436 ipsi
990 1371 1087 1426 Graeci
1104 1374 1156 1424 duo
1170 1373 1280 1424 uomina

147 1441 391 1504 adhortationibus,
399 1437 632 1506 praemisaope'pe,
643 1437 689 1488 ad·
739 1441 875 1508 gentilitia
904 1434 1107 1506 Σαρδωνικὸς,
1139 1443 1211 1508 quod
1243 1444 1279 1493 ad

145 1511 232 1562 bibito
248 1511 351 1564 monuit
361 1511 532 1562 Baeumleiu:
544 1509 635 1561 Ueber
645 1508 689 1560 die
738 1513 884 1562 Sardiniam
895 1510 1011 1562 insulam
1021 1513 1152 1576 pertinet,
1164 1517 1192 1564 et
1204 1511 1280 1577 Σαρ-

147 1581 249 1646 griech.
263 1581 339 1631 Modi
351 1596 377 1646 p.
392 1580 451 1632 179.
739 1573 838 1640 διανὸς
862 1596 884 1632 s.
910 1573 1118 1647 Σαρδιανικὸς,
1147 1581 1219 1648 quod
1243 1582 1280 1633 ad

181 1649 262 1700 λίνον
280 1648 383 1714 μοῦνοι
404 1635 488 1700 οὗτοί
508 1662 537 1698 τε
559 1664 585 1698 κ.
604 1663 628 1697 τ.
650 1643 687 1711 λ]
739 1649 851 1714 Sordes,
870 1651 952 1702 Asiae
970 1652 1081 1702 minoris
1099 1652 1201 1717 urbem,
1221 1669 1281 1718 ape·

147 1719 226 1770 Cous.
253 1735 334 1784 supra
358 1719 401 1782 11,
423 1719 467 1770 35.
508 1719 599 1783 Atque
617 1716 643 1767 h.
668 1715 687 1767 l·
739 1725 797 1772 ctat
829 1720 911 1784 (teste
938 1721 1076 1786 Stephano
1103 1722 1172 1786 Byr.
1204 1737 1226 1772 s.
1252 1739 1280 1774 v.

147 1788 228 1838 λίνον
246 1805 307 1840 εεεε
323 1791 422 1840 lintemn
439 1787 626 1852 (Leinwand),
643 1800 689 1836 ne·
739 1783 850 1854 Σάρδις
866 1795 895 1841 et
907 1781 1032 1856 Σαρδοὸ),
1051 1791 1123 1840 inter
1140 1807 1169 1842 se
1187 1791 1281 1842 coniu-

147 1874 198 1924 que
224 1861 368 1925 ροιτρρίαικ
392 1854 688 1923 (Banmwollcnncng),
739 1860 853 1912 dissent.
894 1861 966 1910 Hine
988 1851 1154 1926 Σαρδιηνὸς
1177 1860 1280 1926 aliquo-

73 1967 78 1974 .
147 1933 220 1980 recte
253 1929 397 1978 admonere
431 1927 540 1978 videtur
570 1928 688 1978 Heereu.
737 1931 790 1980 ties
816 1930 889 1994 apud
912 1931 1041 1980 Nostrum
1065 1930 1197 1992 occurrit3
1223 1930 1279 1982 vid.

147 1999 230 2049 Ideen
249 2003 302 2049 etc.
322 1997 365 2062 11,
384 1999 411 2050 2.
428 2014 456 2064 p.
475 1997 535 2050 38³.
574 1999 616 2048 De
638 1997 688 2046 lino
738 2004 808 2051 nott.
833 1999 868 2050 ad
891 2000 918 2063 1,
937 2001 980 2053 22.
1024 1999 1103 2050 Unde
1125 1996 1281 2064 Σαρδιηνι-

148 2067 259 2120 cornico
276 2068 352 2120 loeus
369 2073 412 2120 est
429 2067 571 2120 Strabonis
588 2066 643 2128 XI,
661 2067 687 2116 2.
738 2061 792 2118 κὸν
815 2068 902 2120 edidit
925 2068 954 2120 h.
974 2067 993 2120 l.
1011 2068 1148 2134 Dietaeh.‚
1172 2065 1280 2134 Σαρδι-

147 2137 391 2204 plasmatus
413 2134 688 2204 (p.4t)llTauchn.),
737 2129 791 2189 κὸν
814 2139 923 2203 scripsit
940 2137 1066 2189 Dindorf.
1106 2139 1215 2190 Etenim
1231 2154 1280 2205 per

147 2209 194 2258 ubi
216 2213 323 2273 praeter
346 2207 402 2258 alia
425 2208 551 2274 leguntur
564 2207 645 2258 baec:
670 2199 688 2270 ἡ
729 2209 838 2260 *Sardoa
848 2209 1007 2258 commercio
1018 2208 1144 2258 florentes
1153 2208 1280 2260 edGrae-

147 2271 179 2327 δὲ
196 2275 343 2342 λινουρηία
355 2273 403 2327 καλ
418 2269 621 2342 τεθρὸλληται·
641 2273 689 2326 καὶ
739 2294 786 2328 coa
800 2277 956 2330 colchicum
972 2277 1056 2330 linum
1070 2279 1227 2343 pervenisse
1241 2279 1280 2330 vi·

146 2339 199 2412 Ύᾶῼ
217 2341 258 2405 εἷς
275 2341 342 2406 τούς
364 2342 417 2410 ἔξω
435 2340 542 2404 1⁰¹²!va
559 2337 689 2409 ἕπεκόμί·
739 2349 826 2412 detur,
835 2351 982 2414 autequam
991 2349 1026 2400 ad
1035 2347 1281 2400 orientalemPouti

145 2417 208 2478 ζον·
237 2416 289 2468 καί
307 2432 381 2476 τινες
399 2407 567 2484 βουλόμενοι
592 2405 688 2495 συρηή-
738 2419 838 2470 Euxini
849 2433 925 2469 oram
936 2419 990 2484 ipsi
999 2419 1097 2471 Graeci
1108 2420 1280 2484 navigarent,

147 2479 226 2538 νειοὶν
243 2503 307 2536 τινα
324 2491 385 2545 τοῖς
397 2479 518 2552 Κόλχοις
536 2479 608 2549 πρὸς
621 2500 689 2543 τους
737 2489 854 2555 indeque
871 2487 979 2540 videtur
997 2489 1115 2553 iactum,
1136 2493 1167 2540 ut
1183 2505 1200 2539 a
1218 2491 1281 2540 Sar-

147 2553 317 2622 Αίγυτττίους
347 2549 509 2622 ἐμφανίζειν
536 2547 593 2606 ἀπὸ
623 2547 687 2604 τοὸ-
738 2558 818 2609 dibus
839 2574 936 2609 nomen
959 2559 1108 2624 acciperet;
1131 2559 1167 2611 cl.
1192 2558 1281 2609 Ukert

147 2643 203 2677 των
220 2624 396 2678 πιττοῦνται.
429 2627 595 2688 Quibuscum
613 2626 687 2677 ocni.
738 2629 838 2694 Geogr.
855 2627 882 2680 d.
902 2627 1009 2679 (iriecb.
1028 2645 1055 2680 u.
1073 2629 1167 2680 Roem.
1187 2627 1240 2690 ΙΙΙ,
1252 2631 1279 2680 2.

147 2697 273 2748 Euatath.
300 2697 334 2747 ad
356 2697 472 2762 Dionys.
497 2697 604 2762 Perieg.
626 2694 688 2747 089.
739 2715 767 2764 ρ.
795 2697 847 2748 258
870 2703 928 2748 not.
980 2698 1020 2748 Ao
1044 2697 1177 2748 Sardinnu
1202 2700 1280 2748 lintea

86 2765 91 2778 '
148 2765 237 2817 Scbol.
256 2763 290 2816 ad
309 2765 434 2830 Apellen.
454 2765 541 2816 Rhod.
560 2765 608 2828 lV,
625 2767 686 2816 277.
740 2767 1190 2832 valdecolebrataperGraeciam,
1208 2767 1280 2816 unde

148 2835 251 2885 Polluc.
280 2833 424 2886 Onomast.
449 2835 486 2896 V,
510 2835 554 2886 26.
599 2833 689 2898 Atque
739 2829 835 2904 βάμμα
867 2828 1062 2900 Σαρδιανικὸν
1092 2835 1165 2900 apud
1195 2835 1281 2899 Hesy-

148 2905 294 2954 etiamnnm
311 2904 361 2954 lini
379 2909 407 2954 et
424 2903 556 2954 cannabis
579 2902 690 2954 feracis·
740 2907 829 2957 chium
852 2923 875 2958 a.
895 2923 921 2956 v.
943 2909 1115 2956 memoratur.
1156 2905 1199 2954 Tu
1223 2904 1280 2953 vid.

147 2975 243 3024 simam
266 2988 326 3024 ease
348 2973 486 3038 regionem
510 2969 633 3036 intelligo
656 2987 689 3022 ex
739 2975 878 3040 Aristoph.
903 2973 1020 3026 Acharn.
1042 2974 1100 3024 112.
1126 2974 1191 3024 Pae.
1213 2959 1308 3024 1174?

147 3043 247 3093 Ritteri
262 3041 408 3093 Erdkuude
418 3043 455 3092 11.
469 3056 532 3106 pag.
543 3039 604 3092 916.
636 3041 690 3103 Qui
740 3061 763 3097 a.
786 3045 851 3096 1080
869 3045 962 3109 ibique
978 3045 1132 3108 interprett.

149 3113 219 3162 idem
236 3113 358 3164 Ritterua
377 3109 515 3177 (Vorhalle
531 3115 585 3162 etc.
609 3126 636 3175 p.
655 3111 689 3160 45

148 3182 244 3248 -48)‚
266 3181 337 3232 huuc
352 3180 486 3232 Herodoti
502 3177 591 3230 locum
608 3180 689 3230 attin·
933 3213 989 3265 cst
1019 3213 1080 3266 CVI

149 3268 229 3318 gens,
248 3251 370 3302 eulintei
385 3251 564 3301 fabricatione
576 3249 614 3300 nil
627 3265 690 3300 con·
993 3251 1000 3265 '
1082 3251 1089 3266 '

148 3319 221 3372 cludi
231 3337 312 3387 posse
322 3320 456 3371 censetad
464 3319 632 3386 probandam
639 3320 690 3370 Ae·
776 3309 836 3376 Τὰς
847 3311 878 3368 δὲ
890 3308 991 3382 στήλας
1007 3310 1057 3376 τὰς
1070 3313 1145 3384 ἵστη]
1166 3321 1219 3372 Pro
1232 3309 1281 3378 τὸις

149 3393 270 3458 gyptiam
285 3389 445 3441 Colchorum
462 3391 587 3454 stirpem,
605 3404 689 3456 quou-
740 3381 772 3437 δὲ
790 3379 891 3452 στήλας
908 3387 1015 3453 aliquot
1036 3389 1099 3439 libri
1121 3383 1153 3439 αί
1168 3383 1200 3438 δὲ
1218 3385 1282 3453 στή-

149 3463 202 3512 iam
225 3477 272 3528 per
288 3461 442 3511 universam
456 3460 549 3510 Asiam
571 3459 635 3510 inde
655 3458 688 3508 ab
739 3455 799 3522 λαι,
819 3473 852 3508 ex
863 3457 1034 3523 ignoratione
1049 3459 1107 3509 eius
1119 3464 1282 3520 structurae,

151 3532 340 3598 antiquissimo
359 3546 427 3581 aevo
447 3529 513 3580 haec
530 3545 575 3580 ars
595 3529 690 3580 florue-
740 3543 821 3596 quam
841 3527 1031 3580 attractionem
1047 3529 1182 3579 inversam
1200 3531 1282 3578 vocat

149 3603 195 3652 rit.
222 3601 320 3670 ltaque
336 3617 395 3652 eam
411 3601 478 3650 iacit
492 3599 687 3650 coniecturam:
740 3597 876 3650 Kuohuer.
887 3597 933 3648 Gr.
945 3598 992 3650 Gr.
1004 3600 1029 3660 ξ.
1038 3597 1098 3661 789,
1110 3597 1171 3649 coll.
1182 3595 1282 3648 Mattb.

149 3671 254 3724 Indiam
276 3673 392 3723 lomense
412 3685 460 3736 pro
483 3668 626 3720 linteorum
644 3685 691 3734 pa·
743 3668 790 3721 Gr.
804 3668 850 3718 Gr.
864 3683 892 3733 p.
906 3667 966 3720 790.
980 3666 1041 3718 880.
1057 3672 1085 3718 et
1095 3683 1163 3733 quos
1176 3667 1211 3718 ad
1225 3665 1252 3716 h.
1264 3665 1283 3714 l.

150 3743 204 3793 tria
227 3758 287 3794 esse
308 3741 474 3800 habendam
498 3739 539 3789 its
556 3745 586 3789 ut
606 3739 693 3789 Hero·
741 3737 837 3788 laudat
863 3738 935 3788 viros
960 3735 1055 3788 doctos
1078 3736 1284 3802 Wesselingius,

150 3811 207 3862 doti
225 3811 369 3862 Sardonion
387 3809 449 3876 (sie)
469 3813 496 3860 et
514 3824 699 3875 synonymum.
744 3807 862 3860 Gronau.
882 3805 917 3857 ad
935 3805 1031 3858 Senec.
1052 3805 1085 3856 de
1101 3805 1215 3857 benefic.
1235 3805 1283 3866 IV,

150 3881 244 3932 Sindon
264 3879 394 3946 (Hesych.
414 3880 452 3930 II.
472 3894 535 3944 pag.
556 3877 636 3942 1189)
658 3877 693 3928 ad
743 3877 786 3930 82.
812 3876 909 3927 Daris.
933 3875 969 3926 ad
993 3875 1116 3926 ciceron.
1140 3875 1239 3925 Tusce.
1260 3873 1283 3936 1,

151 3955 249 4001 terram
267 3950 391 4013 Serbind,
413 3949 477 4000 Sind
494 3949 627 4000 reieratur
644 3947 694 3997 lin·
743 3948 788 3999 21.
824 3945 904 3998 Coni.
923 3945 1004 3994 etiam
1022 3944 1155 3996 Herodot.
1172 3945 1206 4004 V,
1224 3942 1282 3994 103.

151 4023 249 4086 tesque
266 4020 361 4072 Indica
381 4017 524 4086 (Indiennc)
540 4017 693 4085 significen-
745 4017 836 4079 Quare
852 4014 925 4066 haud
939 4027 1053 4064 necesse
1064 4013 1161 4065 eiicere
1171 4007 1234 4074 τὰς,
1254 4015 1291 4061 ut'

150 4093 205 4140 tur.
743 4085 872 4152 proponit
885 4083 981 4136 Cobet.
998 4079 1061 4146 ίστη
1073 4099 1121 4148 ρτο
1136 4082 1210 4148 vulg.
1221 4079 1284 4130 ίστα

185 4149 243 4209 ὑπὸ
267 4148 412 4224 Ἑλλήνων
435 4147 620 4224 Σαρδωνικὸν
650 4151 693 4205 κε’·
745 4154 909 4208 escun-oft,
927 4151 1066 4218 alteroque
1078 4153 1203 4202 Parisino
1222 4149 1285 4200 dedi

150 4225 265 4294 κληται]
304 4229 367 4280 Non
392 4228 502 4280 variant
531 4226 609 4290 libri,
640 4225 694 4276 nisi
744 4224 877 4291 probante
895 4222 1010 4274 Bredov.
1025 4237 1051 4287 p.
1065 4222 1130 4284 397ς
1149 4221 1186 4272 ci.
1202 4221 1284 4270 etiarn

150 4295 222 4364 qnod
247 4295 369 4348 nonnulli
391 4297 519 4350 exhibent
538 4292 694 4360 Σαρδωνι-
744 4293 865 4358 11,102.
908 4293 971 4344 Mox
997 4292 1122 4342 revocavi
1144 4291 1197 4341 iam
1221 4289 1284 4340 olim

191 4399 358 4442 nnnonor.
383 4400 405 4440 1.
1047 4372 1088 4434 42
