3088 4944
619 300 746 364 CLIO.
769 302 795 362 Ι.
821 312 879 368 lec.
1255 298 1316 362 317

182 486 366 566 τιληνατοι,
383 475 625 564 ἐπιπέμποντος
643 478 703 544 τοῦ
712 473 887 565 Μαζάρεος
902 471 1060 562 ἀγγελίας
1074 471 1245 544 ἐκδιδόναι
1258 471 1318 546 τὸν

140 591 174 648 'l'l
184 578 365 666 Πακτύην,
388 576 673 667 παρεσκευάζοντο
695 579 750 646 ἐπὶ
773 584 885 672 μισθῷ
911 575 979 672 ὅσῳ
1001 579 1058 667 δή·
1087 574 1135 646 ὀύ
1161 574 1226 668 γάρ
1253 583 1317 666 ἔχω

184 682 284 753 τούτό
304 708 342 768 γε
364 687 472 750 εἰπεῖν
495 678 677 770 ἀτρεκέως
703 678 745 750 οὐ
771 680 835 770 χάρ
856 681 1035 770 έτελειόθη.
1071 689 1218 770 Κυμαῖοι
1241 679 1317 771 γὰρ,

186 781 230 866 ὧς
244 792 372 874 ἔμαθον
390 789 494 853 ταῦτα
508 771 723 873 πρησσόμενα
745 786 782 853 έκ
795 789 865 854 τῶν
877 790 1141 873 Μυτιληναίων,
1163 787 1316 874 πέμψαν-

184 917 239 970 τες
257 896 376 958 πλοῖον
393 890 427 968 ές
439 890 590 976 Λέσβον,
613 889 822 976 ἐκκομίζουσι
835 887 997 976 Πακτύην
1019 890 1051 968 ἐς
1065 894 1159 958 Χίου.
1193 891 1316 958 ἐνθεῦ-

185 1019 242 1062 τεν
256 992 310 1074 δὲ,
332 994 366 1074 ἐξ
382 994 459 1080 ἱροῦ
477 989 658 1078 Ἀθηναίης
672 989 861 1078 Πολιούχου
883 987 1113 1070 ἀποσπασθεὶς
1133 985 1200 1061 ὑπὸ
1213 999 1318 1078 Χίων,

185 1095 337 1184 ἐξεδόθη·
353 1097 510 1176 ἐξέδοσαν
518 1093 674 1163 δὲοίΧῑοι
686 1091 1067 1187 έπ1τῷἈταρνέλμισθῷ
1075 1098 1150 1162 ’τοῦ
1160 1091 1317 1183 othtran-

186 1201 260 1280 νέος
277 1197 397 1268 τούτου
414 1204 484 1266 ἔστι
496 1201 603 1285 χοῖρος
617 1202 674 1285 τῆς
688 1203 843 1286 Μυσίης,
860 1199 995 1284 Λέσβου
1013 1193 1135 1276 ἀντίος.
1160 1199 1321 1286 Πακτύην

184 1303 248 1391 μέν
266 1330 332 1371 νυν
354 1299 619 1390 παραδεξόμενοι
640 1305 675 1369 σί
685 1303 814 1390 Πέρσαι
831 1299 922 1388 εἶχον
943 1303 980 1370 εὐ
994 1304 1145 1388 φυλακῇ,
1163 1303 1322 1380 θέλοντες

185 1401 288 1498 Κύρῳ
309 1402 478 1488 ἀποδέξαι.
518 1395 563 1492 ἦν
585 1402 622 1472 δὲ
647 1402 765 1494 χρόνος
791 1394 889 1484 οὗτος
914 1400 977 1474 οὐκ
998 1400 1110 1491 ὀλίγος
1130 1402 1322 1492 γενόμενος,

185 1606 318 1656 rationem
330 1604 364 1654 de
373 1605 479 1671 Pactya
491 1603 728 1670 Mytilenaeorum·

186 1692 238 1742 qne
256 1682 284 1726 et
301 1673 429 1725 Chiorum
453 1690 538 1740 prava
560 1673 660 1740 egendi
686 1689 728 1723 rs·

186 1749 259 1796 tione
287 1744 458 1810 reprehendit
487 1744 651 1796 Plutarchus
676 1743 727 1805 (ΙΙ.

186 1833 213 1881 p.
240 1814 291 1866 859
320 1815 375 1878 A),
408 1815 481 1880 qnod
497 1814 668 1864 Herodotus
700 1815 728 1862 in

187 1887 360 1947 Graecorum,
375 1883 544 1950 popularium
555 1897 674 1946 snorum,
688 1897 729 1932 re·

778 1621 844 1668 reru,
863 1621 941 1656 nemo
954 1606 1011 1656 lere
1027 1607 1145 1672 ignorat.
1169 1606 1237 1657 Inde
1252 1606 1322 1658 hanc

779 1675 857 1725 deam
874 1675 955 1726 Iones
967 1691 1000 1725 ex
1017 1677 1111 1725 Attice
1126 1691 1218 1728 secum
1237 1678 1264 1726 in
1279 1693 1324 1727 co-

778 1744 867 1796 lonias
885 1745 994 1796 duxisse
1016 1746 1155 1811 eidemque
1173 1747 1200 1796 in
1216 1747 1324 1797 colonia

780 1830 886 1880 quoque
905 1815 1033 1880 templum
1054 1816 1221 1866 exstruxisse
1244 1833 1322 1866 nemo

779 1884 933 1935 mirabitur.
970 1885 1050 1938 conf.
1068 1899 1137 1950 quae
1148 1885 1204 1935 dixi
1219 1886 1247 1934 iu
1262 1887 1323 1935 Dis-

187 1957 237 2006 bus
266 1955 405 2004 tradendis
435 1969 490 2006 nou
524 1953 592 2004 satis
621 1953 728 2002 illorum

187 2025 291 2090 gloriae
313 2023 489 2075 consuluerit.
531 2024 571 2073 Ac
596 2022 728 2072 Charonis

188 2093 367 2159 Lampsaceni
392 2094 505 2159 opponit
528 2093 728 2154 auctoritatem,

188 2163 255 2213 nihil
278 2165 312 2214 de
335 2163 462 2214 Chiorum
491 2177 541 2211 uec
568 2161 730 2227 Mytilenae·

189 2247 264 2283 orum
282 2231 380 2282 scelere
391 2233 544 2283 referentis.
575 2231 629 2282 Sed
644 2232 728 2296 ipsius

190 2302 321 2353 Charonis
344 2303 425 2353 verba
456 2317 512 2352 nou
537 2301 589 2351 rite
612 2300 729 2365 intelligi

189 2377 330 2438 poterunt,
352 2373 406 2422 uisi
426 2371 604 2437 copiosiorem
622 2371 730 2421 adsum·

189 2443 257 2493 saris
286 2443 420 2493 Herodoti
448 2441 649 2504 narrationem,
679 2455 729 2491 nee

189 2514 241 2564 iste
260 2513 376 2578 scriptor
398 2511 451 2562 lide
471 2526 668 2577 usquequaque
690 2510 730 2560 di-

189 2597 268 2648 gnus,
283 2598 362 2647 quem
375 2581 409 2633 ab
419 2582 559 2632 Hetodote
573 2583 600 2630 in
615 2580 730 2631 historia

188 2668 239 2702 sno
271 2651 467 2703 conscribenda
498 2650 651 2702 consultum
682 2655 730 2700 ent

170 2727 263 2789 ¹certe
281 2721 319 2771 illi
345 2723 519 2772 obversatum
543 2735 602 2771 esse
627 2736 658 2771 eo
683 2720 730 2769 mi·

188 2807 239 2842 nus
258 2791 427 2842 crediderim.
464 2791 526 2842 Vid.
551 2791 678 2841 Creuser.
701 2789 730 2838 in

188 2863 327 2926 Fragmm.
349 2862 487 2912 historice.
507 2877 533 2926 p.
555 2859 604 2911 100
621 2875 678 2925 seq.
704 2863 731 2908 et

188 2929 353 2982 Dahlmaun.
381 2931 513 2982 Herodot.
541 2946 568 2995 p.
602 2930 650 2979 117
674 2943 730 2994 seq.

188 3000 291 3051 Attulit
309 3015 415 3066 quoque
436 3000 506 3050 hanc
522 2999 655 3050 Herodoti
671 3013 732 3047 nar·

189 3071 320 3121 rationem
332 3073 365 3121 P.
378 3086 432 3120 vau
445 3070 575 3136 Limhurg
587 3071 731 3119 Brcnwer=

189 3141 312 3190 llistoire
330 3139 408 3190 dela
426 3139 554 3190 civilisat.
579 3139 626 3189 des
641 3135 731 3199 {Graes

190 3211 227 3272 11,
243 3212 259 3259 4
278 3211 338 3276 (VI)
358 3227 385 3274 p.
413 3211 463 3260 1511
487 3225 555 3275 seq„
575 3209 675 3274 qnippe
699 3221 732 3256 ex

190 3275 732 3414 Attililitttt‘ittitillent

573 3385 579 3411 1

192 3435 245 3484 qne
261 3419 386 3470 fiduciam
403 3418 430 3468 hi
453 3419 561 3469 omuino
584 3419 613 3466 in
636 3417 732 3466 iisdem

190 3489 340 3554 posuerint.
375 3487 446 3538 Add.
466 3503 571 3554 quoqne
592 3487 676 3538 Crete
694 3485 733 3534 hi-

191 3564 268 3625 story
287 3559 317 3610 ol
334 3559 436 3610 Grecos
454 3559 502 3610 lV.
521 3574 547 3622 p.
569 3555 620 3607 270
639 3570 698 3620 seq.

226 3637 467 3710 παρεσκευάζοντο
487 3633 532 3692 lut
550 3640 647 3710 μισθῷ
664 3630 682 3690 ὅ
690 3653 733 3708 σιμ

191 3709 245 3780 δή]
266 3717 284 3765 i.
303 3731 327 3765 e.
345 3731 403 3777 „run
419 3716 490 3764 einen
503 3713 581 3776 Ιιολαι,
599 3716 645 3763 roie
660 3725 735 3776 prees

190 3787 255 3836 oder
280 3787 369 3849 μανίας
394 3801 423 3834 er
448 3783 511 3833 ακιλ
533 3785 587 3834 selu
610 3777 734 3834 multe*

191 3855 236 3906 Ita
254 3856 449 3919 interpretatur
466 3853 533 3903 haec
551 3851 684 3902 Matthiae
702 3865 734 3899 eo

192 3926 269 3986 loce,
288 3940 367 3991 quem
386 3925 439 3974 iam
457 3922 567 3974 laudavi
585 3921 621 3972 ad
632 3921 655 3984 1,
673 3919 733 3980 157,

191 3996 238 4045 nbi
257 3993 313 4046 vid.
337 3999 408 4045 nott.
428 3984 475 4042 έπλ
498 3990 595 4056 μισθῷ
619 3989 733 4044 eandem

194 4066 222 4114 in
240 4065 348 4114 ruodhm
367 4065 467 4116 Noster
482 4063 551 4113 dixit
569 4063 602 4124 V,
620 4063 662 4113 115.

229 4141 256 4212 έξ
290 4145 356 4214 ι’ροῦ
383 4141 537 4214 Ἀθηναίης
568 4138 734 4212 Πολιούχου

193 4209 394 4278 ἀποσπασθεὶς
417 4236 442 4269 κ.
475 4235 498 4269 τ.
523 4217 558 4284 1.]
585 4219 734 4268 Minervam

194 4289 358 4340 Athenarum
378 4291 404 4340 in
424 4305 485 4340 arce
504 4288 548 4353 pie
565 4287 666 4338 cultam
677 4283 735 4334 Πο-

193 4352 276 4410 λιάδα
296 4376 319 4412 s.
341 4357 515 4424 Πολιούχου,
542 4357 618 4407 dcem
636 4355 736 4406 tutele·

779 1958 876 2004 uertat.
896 1956 929 2006 de
946 1953 1071 2020 Apolline
1089 1959 1116 2004 et
1133 1956 1256 2006 Minerva
1268 1957 1323 2020 pri·

779 2024 900 2088 migenia
924 2022 1111 2088 (Heidelberg.
1144 2025 1231 2090 1820.)
1258 2041 1321 2090 pag.

779 2095 796 2144 (i
815 2109 872 2158 seq.
909 2094 950 2143 De
969 2094 1121 2158 Aeginetis,
1147 2095 1194 2159 qui
1212 2111 1323 2146 venera·

779 2164 881 2214 bantur
911 2163 1023 2213 eandem
1049 2163 1215 2228 Minervam,
1248 2165 1321 2214 conl.

779 2232 894 2284 Mueller
911 2233 1048 2298 Aeginett.
1068 2249 1095 2298 p.
1113 2233 1147 2285 69
1167 2239 1195 2284 et
1212 2235 1255 2284 De
1273 2235 1323 2284 hli-

779 2319 854 2353 nerv.
873 2302 979 2354 Polied.
997 2317 1060 2368 pag.
1081 2305 1107 2353 7.

816 2397 862 2456 έπλ
890 2403 929 2474 τῷ
952 2396 1077 2472 Ἀταρνέϊ
1108 2405 1217 2474 μισθῷ]
1246 2407 1266 2458 i.
1297 2423 1322 2458 e.

780 2479 959 2528 Atarnensem
989 2481 1089 2527 terram
1117 2477 1192 2542 pacti
1224 2492 1323 2528 merce-

781 2547 851 2610 dem,
867 2563 890 2598 s.
905 2547 1002 2598 assub
1019 2548 1184 2610 conditione,
1199 2551 1230 2596 ut
1244 2547 1324 2597 Atar-

779 2633 890 2668 nensem
916 2621 1016 2668 terram
1045 2632 1094 2682 pro
1125 2615 1248 2667 mercede
1273 2618 1324 2668 Pa-

780 2693 861 2753 ctyee
883 2687 979 2736 traditi
1005 2689 1170 2751 acciperent.
1212 2687 1254 2735 De
1278 2679 1324 2736 έπ1

781 2757 854 2808 conl.
878 2757 902 2820 1,
926 2757 969 2809 00.
996 2757 1056 2808 141.
1075 2784 1108 2792 -
1127 2755 1290 2820 scripsimus
1309 2771 1324 2806 e

782 2825 861 2878 codd.
872 2842 934 2878 cnm
946 2831 1061 2876 receutt.
1071 2825 1133 2877 edd.
1140 2817 1265 2886 Ἀταρκέϊ
1275 2841 1324 2889 μισ

781 2897 857 2960 vulg.
873 2889 1004 2959 Ἀταρνεῖ.
1041 2897 1093 2945 Est
1114 2909 1179 2944 vero
1198 2887 1214 2944 ό
1233 2886 1324 2957 Ἀταρ-

783 2959 849 3022 νεὺς
871 2981 969 3016 nomen
998 2968 1026 3013 et
1049 2965 1168 3029 regionis
1196 2963 1325 3014 Chiorum

782 3035 890 3086 civitati
908 3048 1056 3084 concessae
1072 3040 1100 3083 ot
1117 3033 1210 3098 oppidi
1227 3033 1279 3082 hac
1296 3033 1325 3082 in
1430 3049 1434 3064 ·

782 3105 892 3170 regique
910 3119 965 3154 non
984 3102 1064 3154 valde
1081 3103 1206 3168 spatiose
1222 3108 1326 3154 exstru-

784 3176 831 3226 cti.
869 3173 930 3224 Vid.
950 3173 1031 3236 VIII,
1052 3171 1103 3225 106
1127 3178 1154 3224 et
1180 3173 1252 3226 conl.
1275 3174 1323 3236 VI,

783 3245 827 3296 28.
846 3245 889 3296 ’211-
909 3243 972 3304 vll,
991 3244 1035 3294 42.
1071 3244 1242 3295 Conveniunt
1264 3259 1325 3293 cum

783 3313 924 3364 Herodoto
943 3313 1056 3364 Diodor.
1077 3314 1159 3364 XIII.
1186 3315 1230 3366 65.
1250 3314 1324 3376 XVI,

784 3386 827 3446 52,
846 3383 894 3432 nbi
918 3381 990 3432 coni.
1014 3383 1178 3448 wesseling.
1204 3386 1324 3435 Pausnn.

784 3454 832 3514 1v‚
857 3452 901 3504 35.
926 3455 952 3514 ξ.
975 3453 1002 3501 11.
1048 3453 1177 3518 Reliquos
1202 3457 1325 3502 veterum

783 3523 859 3573 locos
878 3520 932 3571 vid.
952 3519 1024 3586 apud
1045 3521 1190 3588 Forbiger:
1215 3520 1325 3571 Haudb.

783 3592 811 3644 d.
830 3591 880 3643 slt.
895 3590 1048 3656 Geogruph.
1069 3591 1221 3656 11.p.152.
1248 3590 1326 3640 Nunc

783 3662 878 3713 vocari
890 3661 979 3712 locum
994 3660 1147 3712 Dilreli-koei
1155 3660 1203 3710 alii
1222 3659 1325 3721 dicunt,

785 3731 832 3782 elii
850 3732 978 3798 Monuni.

820 3831 955 3891 θέλοντες
979 3825 1065 3900 Κύρῳ
1081 3823 1232 3899 ἀποδέξαι]
1255 3823 1326 3883 ἀπο-

784 3899 873 3968 δέξαι,
886 3911 1025 3955 monstrore
1042 3919 1094 3953 eron
1106 3909 1134 3952 αλ
1148 3904 1225 3953 nisum
1235 3903 1327 3962 σύλας,

785 3990 807 4024 s.
826 3977 852 4025 t'u
868 3981 1022 4038 conspertum
1035 3973 1096 4040 Cyri
1111 3973 1327 4036 eleemosinam,

785 4045 890 4094 tradere
906 4046 984 4094 ticum
1001 4045 1067 4093 illum
1085 4043 1160 4108 Cyro.

821 4133 863 4210 ἦν
884 4139 915 4196 δὲ
938 4138 1042 4210 χρόνος
1065 4131 1151 4206 οὗτος
1175 4178 1210 4188 -
1230 4137 1327 4213 μενό-

785 4213 904 4282 μενος]
922 4215 995 4266 Note
1006 4215 1171 4268 locutionem
1188 4205 1226 4282 ἦν
1238 4247 1272 4258 -
1284 4229 1327 4282 χε-

787 4278 915 4350 νόμενος,
933 4287 1010 4336 cuius
1027 4285 1127 4336 similia
1140 4287 1274 4352 quaedam
1288 4291 1328 4337 at-

785 4357 897 4422 tigimus
913 4355 948 4406 ad
966 4355 989 4421 1,
1007 4356 1049 4408 57.
