3020 4930
232 305 293 370 866
627 297 898 361 EXCURSUS
921 299 970 358 IX

230 479 315 532 Thes.
332 477 365 528 1..
383 475 434 526 Gr.
451 473 495 526 ed.
509 473 630 526 Londin.
646 473 682 525 T.
691 472 740 540 1.).
771 473 871 542 Neque
886 471 941 541 ipsi
959 469 1060 524 Graeci
1076 469 1105 521 in
1121 467 1172 520 hoc
1188 468 1297 522 nomine
1313 467 1369 520 sibi

232 567 369 615 constant.
399 559 456 622 Qui
473 559 543 611 enim
558 559 591 610 ab
606 558 749 612 Herodoto
766 565 794 612 et
807 557 984 626 Theopompo
999 556 1041 626 (in
1057 553 1174 606 Scholiis
1190 553 1224 605 ad
1239 552 1368 623 Apollon.

230 647 318 700 Rhod.
326 645 375 714 IV,
382 646 448 714 272)
457 641 725 712 diciturZs‘omososs,
737 642 762 694 is
774 641 846 712 apud
853 641 1003 694 Diodorum
1012 633 1282 708 ιοοιιιιιιΣεσόωσις,
1295 637 1370 708 apud

230 731 425 784 Dicaearchum
437 729 480 802 (in
487 728 605 782 scholiis
614 729 647 796 Ι.)
659 723 847 797 acernen„
865 726 898 779 de
911 743 966 797 qua
978 726 1132 795 scripturae
1144 724 1307 777 diversitate
1317 723 1370 776 ism

229 818 270 868 ita
280 815 414 869 iudicavit
420 813 627 883 Wesselingius
640 814 675 865 ad
681 814 795 867 Diodor.
803 813 826 880 1,
834 818 877 880 53,
894 821 925 863 ut
939 811 966 864 in
979 810 1121 864 Herodoto
1138 817 1212 862 certe
1227 808 1295 862 nihil
1310 825 1370 860 ruu-

231 902 285 954 teri
298 900 393 968 rellet3
411 900 538 969 idemque
549 901 599 952 hoc
610 917 717 968 nomen,
737 897 818 968 quale
834 898 868 950 ab
875 897 1016 950 Herodoto
1034 895 1171 966 proditur,
1188 911 1222 946 ex
1230 894 1370 963 Aegyptio

230 987 339 1038 Ramsis
352 985 460 1038 nomine
472 989 599 1054 repetere
616 985 736 1054 indeque
754 983 892 1054 explicare
903 987 1019 1034 conatus
1038 987 1090 1033 est.
1120 981 1160 1032 De
1171 979 1271 1048 Rougd
1289 977 1369 1050 (Vid.

232 1071 355 1124 Attente
369 1075 437 1130 1854
451 1073 545 1128 nate.
558 1089 586 1141 p.
595 1070 678 1137 1128)
693 1069 776 1122 huius
791 1068 867 1137 regis
880 1085 975 1120 nomen
991 1067 1130 1134 integrum
1144 1065 1171 1118 in
1186 1063 1371 1118 monumentis

231 1155 378 1225 Aegyptiis
397 1155 529 1224 scripturn
550 1173 651 1208 sonare
665 1153 727 1207 rult
741 1157 902 1209 Ramessson
923 1171 955 1206 ac
968 1169 1018 1221 per
1033 1151 1220 1221 compendium
1237 1149 1372 1218 scriptum

232 1257 342 1310 quoque
354 1240 473 1293 inveniri
484 1241 576 1308 Sesea,
589 1243 708 1306 Seuerou,
724 1255 740 1290 a
751 1257 805 1310 quo
817 1239 888 1308 ipso,
904 1238 996 1290 addita
1006 1255 1074 1290 voce
1085 1256 1118 1290 ra
1129 1255 1152 1288 s.
1165 1237 1190 1288 ri
1200 1239 1270 1306 (qus
1281 1237 1372 1289 Solem

232 1326 373 1394 designari
390 1325 444 1394 ait)
462 1329 551 1378 orturn
565 1345 627 1379 esse
642 1323 782 1378 concludit
795 1325 932 1378 Graecum
948 1341 1044 1376 nomen
1060 1320 1224 1390 Σέσωστρις.
1254 1319 1371 1372 Osburn

232 1411 250 1462 l.
268 1410 286 1463 l.
303 1415 393 1480 p.430
408 1429 470 1480 sqq.
492 1411 567 1479 regis
583 1429 681 1464 nornen
702 1429 716 1462 e
733 1409 807 1462 notis
829 1408 1044 1478 hieroglyphicis
1066 1409 1149 1460 affert
1168 1407 1207 1458 ita
1227 1405 1371 1476 scriptum,

234 1501 265 1548 ut
279 1501 361 1548 sonet
376 1497 501 1562 liosnses,
528 1496 705 1565 eiusdemque
729 1493 846 1548 nominis
871 1495 963 1547 varias
989 1494 1120 1564 quasdam
1144 1491 1221 1543 addit
1237 1490 1373 1544 lectiones

234 1581 458 1636 insnonurnentis
476 1581 588 1650 obvias3
611 1581 748 1634 Graecum
763 1597 875 1647 nomen,
893 1578 974 1650 quale
990 1578 1130 1631 Diodorus
1146 1585 1229 1647 atque
1244 1575 1373 1629 Herodo-

234 1673 280 1718 tus
296 1667 433 1733 afferunt,
459 1665 502 1718 his
520 1666 591 1736 ipsis
609 1666 650 1718 sic
664 1665 795 1718 traditum
815 1683 878 1717 esse
894 1671 975 1734 putat
991 1663 1024 1715 ab
1045 1663 1187 1716 inferioris
1203 1661 1310 1714 ordinis
1327 1675 1372 1711 se·

234 1750 400 1803 cerdotihus·
415 1749 560 1820 Aegyptiis
584 1751 643 1804 sire
668 1751 702 1804 ab
729 1750 945 1820 interpretibus,
978 1749 1026 1819 qui
1050 1749 1126 1816 regis
1154 1764 1266 1814 nomen,
1297 1743 1374 1814 quod

235 1835 328 1888 addito
348 1835 430 1887 titulo
453 1836 551 1890 Dilects'
570 1855 587 1890 u
603 1839 666 1891 Sole
688 1835 780 1888 valeat
802 1835 1090 1905 ra-rnc-rois-sotpru,
1114 1851 1163 1903 per
1184 1831 1375 1902 compendium

235 1919 420 1974 reddiderint:
442 1922 584 1992 is-sotp-ro
603 1919 664 1974 sive
684 1931 849 1991 se·sotp-ro;
871 1921 936 1973 inde
959 1937 1054 1972 nomen
1071 1919 1197 1974 Sesostris
1218 1937 1242 1970 s.
1257 1917 1378 1970 Sesoosis

237 2012 326 2058 ortum
341 2023 403 2058 ease
417 2009 459 2077 (p.
474 2007 540 2074 430)
554 2023 643 2077 eoque
659 2007 767 2060 nomine
782 2005 843 2057 sive
858 2005 939 2057 titulo
955 2005 1027 2057 bunc
1046 2022 1136 2073 regern
1152 2021 1202 2073 per
1217 2001 1377 2070 Aegyptum

235 2091 394 2144 inferiorem
414 2091 503 2144 luisse
524 2093 663 2161 cognitum
681 2092 753 2145 idem
774 2090 916 2143 contendit
935 2093 977 2161 (p.
994 2089 1074 2158 452),
1096 2107 1157 2142 curu
1178 2088 1208 2140 in
1228 2087 1376 2157 superiore

237 2176 364 2245 Aegypto
382 2173 533 2244 Romaes*)
555 2175 709 2246 appellatus
731 2175 826 2228 fuerit.
867 2175 947 2238 Quae
972 2192 1035 2227 num
1057 2193 1123 2228 vere
1144 2179 1276 2242 recteque
1300 2171 1377 2223 dicta

239 2261 310 2327 sint,
331 2277 405 2312 nunc
421 2278 476 2313 non
495 2261 659 2332 disquiram3
676 2262 750 2332 quod
766 2277 831 2312 vero
851 2259 1007 2312 Wilkinson
1021 2259 1169 2331 (Manners
1185 2265 1237 2310 etc.
1254 2257 1277 2309 l.
1294 2275 1323 2326 p.
1341 2261 1379 2316 68

239 2344 312 2411 not.)
331 2345 456 2414 quaerit,
482 2363 545 2398 num
559 2346 680 2399 Osiridis
693 2345 778 2398 filium
791 2345 914 2398 indicare
934 2344 1024 2414 possit
1037 2344 1186 2411 Sesostris,
1204 2341 1378 2412 eundemque

238 2429 306 2481 adeo
321 2447 372 2499 pro
392 2429 453 2498 ipso
465 2429 578 2483 Osiride
595 2431 687 2484 haberi
705 2429 764 2483 vult
777 2432 853 2483 Baur
867 2429 1053 2501 (Naturrelig.
1070 2429 1096 2482 d.
1113 2427 1282 2482 Alterthunrs
1297 2426 1336 2495 ll,
1350 2434 1377 2485 1.

238 2533 265 2584 p.
283 2515 348 2580 38),
376 2513 404 2566 id
419 2514 528 2584 quidem
543 2531 681 2586 nunquan
695 2515 756 2569 mihi
778 2515 941 2585 persuaderi
957 2515 1060 2584 patiar,
1088 2513 1222 2584 quiqnae
1239 2512 1273 2565 de
1289 2511 1378 2564 nomi-

239 2598 300 2664 nis,
329 2598 404 2667 quod
426 2599 470 2652 bic
493 2618 539 2653 rex
560 2601 648 2670 gerit,
681 2602 788 2654 ratione
815 2600 875 2653 sive
902 2605 991 2668 etymo
1019 2598 1197 2669 protulerunt
1217 2597 1269 2652 viri
1292 2595 1380 2662 docti,

241 2682 440 2752 Aegyptiorum
469 2686 605 2738 sermonis
630 2686 809 2756 peritioribus
833 2684 990 2754 relinquere
1012 2685 1099 2738 malim
1119 2681 1318 2748 diiudicanda,
1349 2679 1381 2733 id

241 2785 325 2820 unum
340 2774 416 2820 certo
431 2770 517 2822 statui
533 2788 617 2840 posse
632 2777 719 2838 ratus,
735 2769 871 2823 Herodoti
886 2769 1071 2823 Sesostridem
1087 2769 1191 2822 nullurn
1206 2768 1287 2820 alium
1302 2785 1379 2832 esse,

242 2853 297 2904 nisi
312 2870 386 2921 eum,
411 2872 491 2924 quem
512 2856 574 2926 ipsa
589 2855 789 2925 Aegyptiorum
804 2867 977 2908 monumenta
995 2860 1049 2908 tam
1064 2857 1227 2924 frequenter
1247 2852 1382 2905 exhibent

241 2937 334 2990 addito
356 2939 464 2992 nomine
481 2942 598 3008 llomsis,
625 2957 760 3011 quemque
782 2941 898 2993 eundem
919 2940 1038 2993 decimae
1055 2957 1144 2994 nonae
1165 2938 1311 3006 dynastiae
1334 2954 1379 2990 re-

241 3041 301 3092 gem
316 3023 402 3076 tradit
419 3025 566 3092 lilanetho,
593 3033 724 3095 utsupra
741 3025 869 3079 vidimus.
902 3025 992 3078 Cuius
1008 3031 1123 3080 aetatem
1138 3023 1295 3076 accuratius
1313 3039 1381 3074 con-

242 3108 359 3161 stituere
381 3113 512 3179 certoque
533 3105 648 3163 delinire
670 3111 695 3163 si
719 3111 850 3178 velimus,
883 3111 933 3163 hoc
954 3111 1008 3163 erit
1028 3111 1191 3175 tenendum,
1219 3127 1234 3160 a
1255 3107 1382 3160 Diodoro

243 3199 349 3262 septem
369 3199 433 3264 post
447 3195 597 3249 Moeridern
616 3196 843 3263 generationibus
865 3195 999 3268 (γενεαῖς)
1022 3197 1095 3248 hunc
1110 3195 1232 3249 Sesooss'a
1253 3212 1277 3244 s.
1300 3195 1383 3246 Seso-

242 3279 309 3333 stn'a
322 3279 388 3347 poni
404 3279 484 3332 aliter
496 3285 579 3351 atque
594 3281 627 3332 ab
642 3281 801 3350 Herodoto,
824 3281 873 3351 qni
888 3281 1007 3334 Moeridi
1023 3281 1172 3351 proximum
1189 3278 1300 3332 videtur
1323 3275 1383 3329 col·

242 3363 343 3415 locare.
375 3364 470 3427 Quare
485 3365 615 3418 Larclrer.
634 3365 683 3436 (Τ.
694 3366 756 3419 Vll.
774 3371 931 3436 p.86aeqq.
946 3365 1020 3434 576),
1039 3366 1174 3419 Herodoti
1189 3364 1385 3416 auctoritatem

245 3454 375 3515 secutus,
396 3449 471 3502 intra
491 3467 578 3503 annos
603 3456 775 3511 1356-1312
791 3469 816 3503 a.
833 3451 899 3504 Chr.
915 3469 943 3504 n.
965 3451 1044 3522 ponit
1065 3467 1179 3519 regnum
1195 3447 1384 3515 Sesostridis;

246 3553 261 3586 e
277 3533 408 3586 Boeclrhii
425 3533 457 3606 (Ι.
471 3533 489 3587 l.
509 3553 536 3605 p·
552 3540 613 3596 679.
630 3535 695 3604 7⁷5)
710 3537 912 3606 computatione
928 3536 1000 3590 intra
1016 3553 1080 3588 ann.
1098 3537 1310 3596 1411-13452.
1328 3532 1384 3584 Ch.

246 3636 273 3671 n.
297 3619 504 3672 subsistendum
526 3621 587 3674 erit.
622 3621 736 3674 Bunsen
753 3621 771 3674 l.
793 3621 811 3674 l.
836 3621 951 3674 eundem
967 3639 1101 3691 regnasse
1124 3619 1223 3673 statuit
1243 3617 1385 3688 usquead

246 3719 346 3756 annum
365 3709 449 3772 ιδῃ,
471 3723 524 3775 qno
540 3705 726 3775 Menephthah
746 3706 820 3760 filins
842 3707 1024 3779 successerit,
1047 3706 1127 3760 initio
1143 3703 1288 3774 dynastiae
1307 3703 1385 3755 deci-

245 3805 303 3842 mae
327 3807 415 3842 nonae
436 3791 470 3842 ab
492 3807 563 3843 anno
581 3795 648 3850 1409
666 3808 691 3842 a.
708 3791 759 3844 Ch.
782 3811 809 3844 n.
834 3792 930 3860 ducto.⁵
949 3791 1107 3863 ·(Brngscb.
1122 3789 1314 3844 Reisebericht
1330 3803 1387 3840 aus

247 3873 366 3943 Aegypt·
382 3893 409 3944 p·
425 3879 478 3933 um
486 3877 580 3946 seqq.)
595 3876 702 3928 Ramsis
718 3877 744 3927 ll
763 3894 877 3946 regnum
894 3875 981 3930 medio
996 3865 1106 3930 saeculo
1123 3876 1225 3928 decimo
1241 3875 1339 3945 quinto
1356 3890 1387 3924 a.

248 3957 299 4010 Ch.
321 3976 348 4010 n.
368 3959 457 4013 fuisse
479 3960 566 4030 ponit.
601 3961 756 4028 Letronne,
780 3969 810 4014 ut
827 3962 907 4015 rideo
925 3979 958 4014 ex
973 3961 1024 4028 iis,
1047 3979 1116 4032 quae
1134 3959 1258 4014 exhibuit
1273 3959 1388 4011 Brunet

248 4041 281 4094 de
296 4041 392 4096 Presle
413 4045 534 4098 Examen
557 4045 605 4098 des
629 4047 772 4112 dynastiae
791 4053 843 4099 etc.
864 4066 891 4117 p·
912 4051 971 4114 194,
994 4047 1057 4100 inde
1080 4049 1114 4099 ab
1136 4047 1293 4104 ann01569
1316 4051 1387 4096 ante

249 4125 315 4178 Chr.
333 4145 360 4179 n.
377 4129 561 4183 Sesostridem
576 4137 736 4214 regnaqtem
752 4139 893 4202 posuerat.
932 4133 1079 4185 Sufficiant
1096 4133 1180 4198 haec,
1204 4145 1275 4200 quae
1293 4143 1388 4198 quan-

250 4256 457 4272 -ι-ᾕ

319 4324 345 4388 *)
366 4327 470 4379 linones
488 4330 523 4379 ab
541 4330 709 4382 L'hlernanno
728 4332 813 4396 (Thot
826 4333 869 4383 od.
883 4333 926 4384 die
937 4331 1148 4382 Wlssenschult.
1164 4332 1189 4382 d.
1204 4329 1253 4380 alt.
1263 4328 1388 4393 Aegypt.

247 4407 273 4457 p.
295 4393 343 4445 187
360 4397 429 4460 not.)
449 4399 601 4463 explicatur
618 4403 741 4467 lia-nmo,
761 4403 779 4452 i.
800 4419 823 4453 e.
843 4401 908 4454 Solu
922 4401 1000 4465 fliius.
