3086 4952
574 292 701 356 OLIO.
724 293 749 352 Ι.
771 301 831 356 124.
855 301 916 354 125.
1248 289 1309 353 259

175 473 360 557 τέθνηκας,
382 465 420 536 τὸ
435 465 471 536 δὲ
486 464 569 536 κατά
582 465 686 546 θεούς
698 493 735 536 τε
750 468 805 536 καὶ
820 464 877 554 ἐμὲ
891 473 1026 558 περίεις.
1065 465 1106 536 τά
1119 489 1157 536 σε
1171 468 1227 536 καὶ
1243 465 1306 536 πά-

177 583 232 642 λαι
248 576 355 641 δοκέω
377 569 483 640 πάντα
497 567 783 658 ἐκμεμαθηκέναι,
805 575 860 641 σέο
874 599 910 640 τε
929 568 1033 642 αὐτοῦ
1046 573 1122 660 πέρι
1138 566 1181 651 ὦς
1204 567 1305 659 ἐπρη·

178 686 263 763 χθη,
279 677 335 745 καὶ
349 669 402 744 οἶα
417 670 481 760 ἐγώ
495 670 561 744 ὑπὸ
572 670 767 760 Ἀστυάγεος
782 677 946 762 πέπονθα,
962 671 1013 745 ὅτι
1026 695 1064 743 σε
1078 671 1140 743 οὐκ
1153 672 1306 744 ἀπέκτει-

178 806 238 864 να,
259 775 344 847 άλλά
365 783 475 847 ἔδωκα
493 783 540 871 τῷ
557 776 720 869 βουκόλῳ.
756 774 798 845 σύ
818 785 883 847 νῦν
904 773 946 868 ἢν
965 777 1071 866 βοάλη
1093 775 1165 866 ἐμοὶ
1187 787 1304 847 πείθε-

178 893 277 964 σθαι,
298 887 424 970 τῆσπερ
441 879 623 969 Ἀστυάγης
644 877 736 970 άρχει
758 878 882 968 χώρης,
903 881 1024 962 ταύτης
1038 877 1166 969 ἁπάσης
1186 879 1305 968 άρξεις,

177 989 310 1074 Πέρσας
325 983 390 1073 γάρ
403 983 587 1066 ἀναπείσας
601 981 824 1066 άπίστασθαι,
841 985 1061 1074 στρατηλάτεε
1075 981 1130 1053 ἐπὶ
1144 985 1305 1074 Μήδους·

175 1091 231 1159 καὶ
246 1087 290 1178 ἦν
303 1117 339 1158 τε
358 1087 423 1176 ἐγώ
438 1084 505 1160 ὑπὸ
515 1085 712 1174 Ἀστυάγεος
727 1083 909 1174 άποδεχθσῖ
929 1085 1110 1176 στρατηγὸς
1123 1085 1220 1158 ἀντία
1235 1091 1306 1170 σεῦ,

175 1201 244 1262 ἔστι
261 1197 311 1262 τοι
326 1192 366 1262 τὰ
379 1191 422 1262 οὐ
441 1193 599 1281 βούλεαι,
621 1188 664 1279 ἦν
687 1219 722 1260 τε
738 1195 807 1259 τῶν
820 1217 870 1270 τις
884 1197 1033 1281 δοκίμων
1048 1187 1148 1269 ἄλλος
1161 1191 1304 1278 Μήδων.

175 1301 299 1385 πρῶτοι
313 1295 377 1388 γάρ
391 1285 483 1368 οὗτοι
499 1294 702 1376 ἀποστάντες
718 1291 775 1364 ἀπ’
794 1290 943 1380 ἐκείνου,
965 1295 1021 1363 καὶ
1036 1291 1209 1381 γενόμενοι
1225 1290 1307 1382 πρὸς

175 1403 247 1486 σέο,
269 1397 451 1490 ’Λστυάγεα
477 1403 667 1488 καταιρέειν
695 1396 926 1486 πειρήσονται·
958 1393 1002 1477 ὦς
1023 1387 1072 1466 οἷν
1092 1397 1226 1486 ἑτοίμου
1247 1399 1308 1464 τοῦ

174 1532 212 1592 γε
229 1501 354 1575 ἐνθάδε
369 1503 497 1590 ἐόντος,
512 1511 604 1574 ποίεε
620 1507 741 1588 ταῦτα,
757 1502 811 1569 καὶ
825 1508 917 1570 ποίεε
932 1499 1015 1571 κατά
1028 1500 1134 1588 τάχος.

243 1605 403 1691 Ἀκούσας
432 1604 574 1679 ταῦταὸ
594 1611 707 1696 Κῦρος
731 1602 920 1694 ἐφρόντιζε,
948 1601 1030 1699 ὅτεῳ
1053 1603 1166 1694 τρόπῳ
1190 1621 1302 1688 copm-
1318 1595 1378 1656 ¹25

174 1712 260 1807 scirpo
274 1717 407 1802 Πέρσας
421 1710 596 1784 άναπείσει
616 1708 831 1780 ἀπίστασθαι.
863 1716 1052 1798 φροντίζων
1066 1706 1104 1776 δὲ
1119 1701 1256 1794 εὕρισκέ
1269 1731 1305 1773 τε

174 1822 278 1887 ταῦτα
291 1817 494 1908 καιριώτατα
509 1815 664 1887 εἶναικαὶ
681 1809 790 1882 ἐποίεε
805 1808 845 1900 δὴ
866 1818 983 1882 ταῦτα·
1003 1810 1133 1901 γράψας
1148 1806 1181 1888 ἐς
1194 1813 1305 1896 {lodii-
1407 1847 1410 1854 ·

175 1949 215 1990 ου
228 1921 268 1991 τά
287 1920 461 2012 ἐβούλετο,
484 1917 584 2010 ἁλίην
596 1922 665 1988 τῶν
677 1917 839 2006 Περσέων
859 1912 1051 2005 ἐποιήσατο·
1075 1911 1157 2004 μετά
1172 1911 1209 1982 δὲ
1223 1908 1305 1980 άνα-

176 2127 258 2178 scribi
288 2120 449 2190 ἐπορίσυσι,
484 2127 556 2193 quod
586 2125 717 2178 dederunt

177 2197 318 2260 Schaeser,
338 2198 454 2248 Diodori
469 2202 497 2248 et
512 2197 635 2249 Distsch.

211 2259 296 2316 κατά
312 2261 363 2332 μὲν
380 2259 432 2332 γάρ
450 2260 504 2334 τὴν
521 2260 624 2317 τούτου
646 2281 716 2330 προ-

176 2335 297 2404 θυμίην]
315 2331 385 2386 κατὰ
401 2337 444 2387 hic
462 2336 549 2388 valet:
575 2339 642 2403 qaod
658 2337 717 2386 olli-

174 2417 217 2459 net
237 2409 285 2470 ad,
310 2409 451 2459 seeundum.
493 2407 556 2458 vio.
581 2406 715 2457 Matthiae

173 2477 192 2530 l.
210 2479 229 2532 l.
249 2483 275 2544 5.
291 2479 350 2530 581.
370 2493 432 2544 pag.
458 2477 533 2540 1183,
551 2478 591 2527 ita
609 2481 715 2526 vertan-

172 2554 240 2599 tasn:
270 2551 349 2600 sooiel
371 2549 422 2611 auf
441 2552 525 2598 seinos
550 2549 643 2599 Willerr
670 2563 716 2596 αιι-

172 2619 238 2670 kam.
264 2649 300 2659 -
325 2619 390 2668 Mox
418 2618 575 2683 scripsimus
598 2614 714 2680 περίεις,

171 2693 302 2756 utsupra
320 2688 347 2748 I,
366 2688 427 2738 l‘ll.

208 2752 361 2823 στρατηγὸς
385 2747 471 2806 άντία
496 2752 556 2820 ossi]
580 2753 666 2806 Valde
687 2755 715 2804 in

171 2829 214 2880 his
234 2829 342 2880 variant
358 2827 431 2878 libri.
457 2826 573 2890 Quidam
588 2825 715 2875 exhibent

175 2889 341 2966 άντῆσαι,
361 2899 404 2948 cni
419 2895 616 2961 Wesselingius
635 2911 716 2960 appo-

175 2973 216 3020 nit
222 2970 334 3021 Homeri
342 2967 432 3019 locum
444 2983 476 3018 ax
487 2965 567 3016 Iliad.
575 2963 714 3028 xmae,

171 3041 219 3090 ubi
237 3039 355 3092 occurrit
370 3037 423 3088 hoc
438 3037 561 3098 verbum,
587 3035 715 3086 adiuncto

173 3111 307 3175 genitivo;
338 3123 418 3174 quam
444 3111 608 3156 structuram
632 3106 715 3155 rario-

172 3196 228 3231 rem
252 3195 313 3230 esse
331 3176 470 3230 Eustathii
495 3176 714 3227 commentatoris

171 3251 257 3300 verba
274 3249 424 3300 declarant.
459 3247 517 3297 Nos
539 3245 604 3296 nihil
629 3251 714 3296 muta·

173 3335 242 3370 mus.
281 3317 359 3380 Quod
376 3315 524 3368 Bredovius
548 3333 575 3380 p.
600 3315 652 3366 323
672 3331 714 3366 re-

172 3391 236 3454 poni
246 3389 305 3439 vult
314 3379 483 3450 ἀποδεχθέω
494 3377 714 3450 ρτοάποδεηθσῖ,

173 3459 295 3524 equidem
316 3457 439 3508 omnibus
461 3455 538 3506 libris
562 3455 656 3504 invitis
674 3471 714 3504 re-

172 3530 263 3594 cipere
280 3527 363 3578 nolui.
399 3526 507 3592 Recipit
523 3525 650 3584 Dietsch,
675 3525 714 3574 in·

173 3605 302 3649 constans
320 3597 386 3660 sibi,
411 3613 471 3647 cum
490 3595 533 3658 II,
553 3593 714 3645 dissimili

172 3685 258 3720 causa
285 3667 425 3732 vulgatam
453 3666 592 3716 retineret.
615 3695 651 3704 -
680 3664 713 3713 In

171 3755 249 3805 seqq.
268 3735 440 3802 vissedeis.
458 3728 532 3785 εἶναι
549 3725 621 3796 πρός
635 3747 713 3790 τινος

174 3813 218 3860 ast
234 3817 305 3860 stare
321 3807 353 3858 ab
372 3809 471 3872 adque,-
489 3805 524 3858 cl.
542 3803 577 3854 ad
593 3805 616 3866 1,
635 3803 677 3854 lb.

345 3979 411 4030 Car.
433 3977 539 4030 CXXV.

206 4070 318 4145 εὕρισκέ
333 4096 361 4131 τε
379 4097 405 4132 κ.
423 4097 449 4131 τ.
467 4078 502 4145 λ]
521 4079 575 4130 Pro
588 4065 712 4139 εὖρίσκε-
794 4085 828 4136 qq

171 4167 226 4215 ται,
246 4153 319 4218 qaod
333 4153 396 4202 olim
409 4151 552 4214 vulgatum
564 4151 631 4208 erat,
651 4142 712 4194 dedi

172 4211 284 4284 εὕρισκέ
310 4235 339 4270 τε
367 4236 426 4271 cum
457 4217 712 4282 Schweiglraausero

173 4296 201 4341 et
212 4295 324 4342 recentt.
337 4289 398 4340 edd.
422 4291 496 4353 Quos
507 4287 615 4339 eosdem
631 4285 712 4335 otiam

171 4360 199 4412 in
217 4373 292 4427 seqq.
317 4361 427 4411 secutos
451 4371 524 4410 sums
550 4350 597 4406 καλ
622 4343 713 4403 ἐποίεε

767 2111 804 2182 δὴ
827 2116 929 2180 ταῦτα,
954 2117 1001 2167 ubi
1026 2115 1122 2183 vulgo:
1153 2107 1245 2164 ἐποίεε
1275 2108 1307 2161 δὲ

765 2185 841 2240 τάδε.
869 2188 912 2239 ad
930 2187 1156 2250 significationem
1167 2184 1243 2234 verbi
1261 2173 1306 2231 εὖ·

766 2259 873 2324 ρίσκειν
899 2259 934 2309 τί.
959 2258 986 2318 Ι,
1012 2258 1037 2320 5,
1065 2257 1112 2307 uhi
1133 2253 1306 2320 participium

765 2329 887 2380 additum
901 2331 943 2379 eat
963 2327 1023 2377 loco
1042 2325 1183 2387 infinitivi,
1203 2323 1249 2388 qui
1261 2322 1306 2372 hic

765 2400 896 2464 sequitur.
916 2427 952 2439 -
970 2395 1047 2460 Quod
1066 2396 1101 2446 ad
1120 2397 1307 2460 argumentum

766 2471 873 2532 attinet,
891 2467 1034 2534 inquisivit
1044 2467 1162 2516 Haeren.
1180 2465 1208 2513 in
1226 2462 1305 2524 libro,

767 2540 811 2591 cni
820 2538 929 2590 titulusr
941 2537 1023 2589 Ideen
1035 2541 1098 2600 otc,
1109 2535 1132 2597 1,
1145 2536 1169 2586 l.
1182 2547 1243 2598 pag.
1255 2529 1307 2582 400

767 2625 823 2675 seq.
865 2607 935 2660 Dolo
958 2607 1029 2658 enim
1052 2606 1152 2671 Cyrum
1185 2601 1306 2652 offecisse

766 2684 857 2742 notat,
888 2682 919 2728 ut
948 2679 1073 2742 princeps
1104 2675 1159 2725 dux
1188 2671 1305 2722 omnium

766 2749 885 2816 gentium
909 2750 1054 2798 Persarum
1082 2744 1242 2808 eligeretur,
1271 2739 1305 2788 si·

766 2819 821 2869 mili
835 2821 889 2870 lere
900 2817 988 2878 modo,
1002 2832 1055 2881 quo
1066 2813 1182 2880 posthac
1191 2808 1306 2860 Dsohin-

765 2890 877 2956 giscban
894 2889 964 2937 inter
981 2883 1137 2949 Mongolos,
1161 2883 1306 2942 antequam

765 2959 951 3024 expeditiones
965 2969 1028 3004 suas
1038 2953 1177 3016 inciperet,
1189 2948 1224 2997 ad
1235 2961 1306 2996 sum·

765 3045 837 3080 mum
855 3025 995 3091 imperium
1017 3025 1139 3072 avectum
1164 3031 1223 3067 esse
1245 3029 1306 3064 nar·

765 3103 835 3150 rant.
876 3098 975 3147 Persas
997 3107 1062 3142 vero
1085 3094 1150 3138 tunc
1175 3085 1304 3150 temporis

766 3168 845 3220 valde
863 3167 943 3216 rudes
970 3167 1052 3228 atque
1074 3157 1190 3209 incultos
1209 3155 1303 3216 luisse,

766 3255 799 3290 ex
816 3240 876 3304 ipsa
887 3233 1019 3286 Herodoti
1035 3229 1190 3280 narratione
1208 3226 1241 3276 de
1259 3225 1303 3287 iis,

766 3325 835 3374 quae
854 3307 940 3371 Cyrus
958 3301 1106 3368 peregerit,
1131 3298 1198 3348 setis
1222 3311 1304 3361 appa-

765 3395 823 3430 rere
840 3376 935 3426 merito
952 3373 1022 3422 idem
1045 3386 1095 3420 nos
1114 3368 1249 3418 admonet.
1268 3393 1304 3404 -·

765 3445 874 3514 βιβλίου
892 3445 919 3493 in
932 3455 1005 3505 seqq.
1024 3438 1145 3502 intellige
1160 3435 1193 3485 tie
1211 3433 1303 3483 libello

765 3517 842 3576 ficto,
863 3529 886 3563 s.
903 3511 997 3560 charta
1014 3508 1105 3572 regia,
1131 3520 1212 3570 quam
1230 3502 1303 3566 regis

765 3585 894 3637 mandata
911 3579 945 3630 ad
964 3579 1051 3643 ipsum
1063 3574 1226 3626 transmissa
1241 3586 1304 3621 oon·

764 3657 849 3706 tinere
875 3648 1019 3700 simulabat
1043 3646 1144 3712 Cyrum
1175 3642 1211 3693 cl.
1231 3643 1302 3690 nott.

764 3725 841 3782 adl,
862 3720 920 3772 123.

797 3783 881 3854 ἁλίην
895 3820 930 3829 -
948 3776 1111 3849 ἐποιήσατο]
1125 3773 1217 3844 άλίην,
1235 3779 1255 3829 i.
1277 3793 1301 3828 e.

763 3855 911 3924 ἐκκλησίαν
922 3853 1097 3921 (concionem),
1108 3856 1139 3902 ut
1149 3848 1301 3915 Hesychius

764 3930 882 3996 exponit.
919 3925 1004 3976 Affert
1021 3937 1128 3989 quoque
1146 3919 1303 3972 Herodotea

764 3999 925 4052 Eustathius
950 3994 985 4046 ad
1007 3993 1040 4046 Il.
1066 3993 1104 4044 11.
1130 4008 1157 4057 p.
1185 3990 1248 4051 170,
1268 3987 1303 4038 20

763 4087 791 4120 se
831 4105 837 4119 .
880 4069 922 4118 De
947 4064 1083 4116 locutione
1108 4063 1169 4128 ipsa
1194 4062 1303 4124 praeter

762 4141 789 4191 h.
804 4139 822 4190 l.
837 4138 909 4188 conf.
928 4135 1030 4186 Herod.
1047 4135 1081 4196 V,
1097 4131 1141 4183 aa.
1159 4130 1222 4193 vn,
1242 4127 1301 4189 134,

764 4215 790 4260 et
809 4224 879 4273 quae
891 4207 925 4257 ad
937 4207 970 4266 V,
981 4202 1015 4254 29
1030 4206 1126 4254 notata
1144 4204 1216 4250 sunt.
1240 4197 1303 4248 Alia

763 4295 796 4330 ex
814 4273 1035 4342 inscriptionibus
1049 4272 1152 4338 profert
1168 4271 1240 4320 Rose
1258 4267 1303 4317 ln·

763 4349 868 4414 scriptt.
888 4360 950 4414 pag.
969 4341 1029 4396 280.
1048 4341 1138 4460 -*1n
1161 4351 1236 4403 seqq.
1255 4349 1303 4385 vo·

1030 4425 1067 4488 17
