3032 4916
252 287 313 350 660
686 277 954 344 HuRODOTI

253 463 305 548 ξιῇ
324 458 409 548 χειρὶ
432 461 518 544 ἔχων
538 452 676 544 αἰχμὴν,
702 458 742 543 τῇ
764 453 802 524 δὲ
821 449 980 542 ἀριστερῇ
1002 448 1096 534 τόξα,
1124 448 1181 516 καὶ
1200 444 1263 535 τὴν
1279 443 1386 535 ἄλλην

253 560 381 650 σκευὴν
402 555 576 639 ὡσαύτως·
630 560 686 626 καὶ
712 553 777 647 γὰρ
796 562 989 643 Αἰγυπτίην
1015 553 1070 622 καὶ
1084 555 1271 621 Αἰθιοπίδα
1299 557 1383 638 ἔχει·

253 669 290 735 έκ
313 665 351 734 δέ
370 669 431 732 τοῦ
450 661 544 752 sipon
562 663 595 742 ές
616 659 676 731 τὸν
693 664 809 752 ἕτερον
824 651 917 748 ὦμον
932 655 988 729 διὰ
1010 661 1078 726 τοῖν
1093 656 1249 743 στηθέων
1261 653 1365 744 γράμ-
1380 669 1430 722 151

253 795 339 858 ματα
374 765 430 856 1ρᾶ
457 765 625 853 Αἰγύπτια
659 764 768 854 διήκει
796 763 1081 851 ἐγκεκολαμμένα,
1120 760 1261 846 λέγοντα
1286 758 1384 828 τάδε·

254 879 315 941 ΕΓ
312 879 347 940 dd
374 877 536 938 ΤΗΝΔΕ
561 876 658 936 ΤΗΝ
676 875 843 938 ΧΩΡΗΝ
859 871 1041 936 ΩΜΟΙΣΙ
1065 869 1195 933 ΤΟΙΣΙ
1214 869 1388 932 ΕΜΟΙΣΙ

255 979 568 1044 ΕΚΤΗΣΑΜΗΝ.
621 968 710 1052 ὅστις
727 971 765 1041 δὲ
779 973 835 1040 καὶ
850 966 976 1040 ὁκόθεν
993 969 1079 1053 ἐστὶ,
1106 969 1257 1036 ἐνθαῦτα
1269 967 1332 1055 μὲν
1344 963 1386 1036 οὐ

255 1083 367 1166 δηλοῖ,
396 1078 536 1166 ἑτέρωθι
551 1074 588 1145 δὲ
603 1075 783 1165 desidimus.
817 1072 858 1144 τὰ
873 1072 915 1163 δὴ
931 1073 986 1141 καὶ
1001 1071 1204 1160 μετεξέτεροι
1219 1075 1288 1140 τῶν
1302 1082 1383 1158 θεη-

254 1181 409 1270 σαμένων
423 1179 604 1268 Μέμνονος
618 1179 731 1278 studea
746 1176 917 1262 εἰκάζουσί
928 1205 987 1266 μιν
1002 1175 1105 1260 εἶναι,
1130 1171 1217 1244 πολὺ
1231 1180 1289 1262 τῆς
1302 1170 1382 1262 ἅλη-

253 1292 350 1373 θείης
369 1281 653 1373 ἀπολελειμμένοι.

254 1489 348 1536 vertex
360 1485 433 1534 intra
445 1482 567 1549 quintam
578 1483 739 1548 spithamem
752 1499 796 1534 ca·
845 1496 915 1546 quae
928 1479 967 1541 11,
984 1479 1032 1529 125
1048 1481 1300 1538 commemorantur,
1316 1491 1384 1542 quse

254 1555 313 1606 dat.
333 1552 386 1606 Sed
400 1553 451 1604 hoc
464 1553 528 1604 mihi
540 1553 701 1618 exquisitius
714 1569 794 1618 quam
846 1565 906 1601 cnm
924 1549 959 1598 ad
975 1549 1136 1600 demoticaus
1152 1548 1313 1612 scripturam
1326 1562 1383 1611 per-

254 1625 345 1675 verius
357 1623 465 1674 ridetur
477 1623 589 1673 dictum.
616 1623 711 1674 Malim
723 1625 797 1689 eqni·
845 1621 960 1682 tineent,
977 1624 1008 1670 ut
1025 1618 1063 1668 ibi
1082 1617 1231 1679 docuimus,
1249 1616 1383 1678 hocloco,

254 1695 315 1746 dem
332 1695 410 1758 sequi
428 1693 726 1759 Schweighaeuserum,
752 1709 797 1744 cu-

254 1766 297 1814 ius
315 1764 435 1814 rationes
452 1763 534 1813 etiem
552 1764 679 1827 probavit
696 1764 738 1812 vir
749 1764 796 1814 do·

254 1839 315 1885 ctus
337 1835 365 1884 in
388 1833 522 1884 Classical
543 1833 658 1884 Journal
681 1833 742 1884 Vol.
761 1834 794 1884 V.

255 1921 296 1954 nr.
312 1905 353 1955 10.
373 1919 400 1968 p.
412 1903 463 1955 334
481 1904 598 1968 itemque
610 1903 795 1968 Reinganum:

255 1973 417 2026 Geaohiohte
436 1973 462 2024 d.
475 1971 634 2024 Erdabbild.
649 1973 672 2024 1.
685 1989 749 2038 pag.
762 1973 795 2022 72

253 2058 337 2161 “dudd
347 2102 401 2176 τὴν
410 2100 498 2174 ἄλλην
510 2103 625 2175 σκευὴν]
637 2108 679 2160 Ad
691 2099 795 2173 σκευὴν

254 2183 327 2233 cont.
347 2181 370 2244 1,
389 2182 423 2230 24
439 2181 531 2246 ibique
548 2185 617 2231 nott.
636 2179 793 2242 etv11,1o.

256 2252 298 2303 lu.
315 2251 349 2302 62
368 2255 421 2300 etc.

290 2310 423 2383 ὤμοισι
444 2318 518 2366 τοῖσι
542 2311 643 2383 ἐμοῖσι]
671 2317 689 2366 i.
708 2332 733 2368 e.
751 2316 795 2366 λια-

254 2392 329 2440 mem'e
351 2389 425 2444 meis,⁸
453 2385 524 2450 quod
550 2401 610 2436 cnm
635 2386 795 2452 quibusdam

253 2457 402 2508 insolenter
412 2455 549 2504 videretur
559 2455 675 2519 dictum,
690 2471 723 2506 ex
731 2457 796 2506 Dio·

255 2528 335 2589 doro,
361 2526 407 2591 qni
426 2523 539 2574 eandem
563 2525 619 2576 lere
643 2526 796 2592 inscriptio·

254 2613 315 2647 nem
340 2593 433 2644 retulit
457 2593 484 2656 I,
512 2594 561 2656 55,
588 2583 701 2644 ὅπλοισι
728 2603 795 2662 (qua

253 2681 322 2718 voce
339 2663 476 2715 Diodorus
498 2665 595 2730 utitur)
619 2665 663 2715 hic
686 2667 796 2716 restitu-

254 2742 312 2786 tum
337 2734 456 2786 voluere.
499 2734 557 2785 Nec
573 2750 637 2784 vero
661 2734 722 2785 libri
740 2736 795 2786 sus·

254 2805 409 2871 fragantur,
442 2817 492 2852 nec
515 2803 583 2854 adeo
611 2803 730 2856 insolens
757 2805 795 2856 lo·

254 2876 343 2938 cutio,
366 2879 398 2926 ut
420 2873 482 2924 ferri
504 2879 631 2939 nequeat.
667 2874 795 2926 Laudant

253 2947 417 3010 interpretes
446 2943 574 3008 Sophocl.
606 2945 635 2994 in
665 2945 793 2997 Trachin.

257 3017 337 3076 105⁷,
363 3014 410 3064 ubi
428 3018 482 3063 est:
506 3010 552 3063 nul
569 3008 646 3096 ρερσλ
664 3009 712 3064 καὶ
730 3007 775 3064 κοτ’

253 3097 345 3142 potos
363 3074 514 3147 μοχθήσας
530 3073 598 3148 dyo,
627 3082 685 3134 soil.
704 3079 792 3145 κακάς

253 3153 369 3204 laudant
384 3157 526 3217 praeterea
538 3152 716 3204 Claudianum
729 3153 793 3206 bell.

253 3221 363 3274 Gildon.
383 3221 431 3273 115
448 3222 487 3272 sic
507 3226 663 3273 canentem:

289 3292 360 3354 „Ast
386 3306 450 3356 ego,
481 3307 550 3356 quae
577 3297 663 3344 terras
687 3292 795 3345 λιοιιετίε

357 3365 521 3426 pontumque
539 3359 665 3427 subegiss“

846 1705 898 1758 quo
918 1689 1032 1739 alterum
1049 1688 1130 1754 idque
1148 1702 1255 1737 sucrum
1272 1687 1384 1752 scriptu·

846 1775 893 1810 rae
905 1759 1058 1825 Aegyptiae
1075 1772 1161 1824 genus
1176 1773 1222 1822 per
1238 1763 1316 1807 notas
1331 1755 1384 1806 hie-

846 1828 1019 1895 roglyphicas
1029 1827 1196 1878 declaratum
1208 1826 1383 1892 significetur,

845 1893 894 1964 ἷρὰ
911 1913 959 1948 our
976 1897 1093 1948 addatur
1109 1903 1233 1962 apparet.

882 1959 921 2017 od
945 1964 1067 2033 δηλοῖ]
1098 1966 1158 2018 scil.
1184 1957 1383 2030 ὁΣέσωστρις,

845 2037 970 2104 idemque
987 2037 1023 2088 ad
1043 2027 1184 2102 δεδήλωκε
1201 2035 1317 2101 intellig.

881 2105 1036 2172 Μέμνονος
1060 2097 1159 2156 εἰκόνα
1178 2098 1322 2166 εἰκάζουσί
1335 2120 1385 2170 μιν

845 2169 930 2242 εἶναι]
956 2175 1035 2229 Conl.
1055 2177 1175 2227 Pausau.
1194 2176 1223 2238 1,
1243 2177 1286 2228 42.
1313 2177 1339 2236 §-
1358 2177 1385 2225 2.

844 2247 936 2312 Atque
958 2245 1175 2311 antiquissimam
1195 2245 1267 2296 hanc
1288 2249 1316 2294 et
1334 2245 1387 2310 pri-

846 2331 917 2368 mam
929 2320 1038 2366 statuae
1050 2315 1202 2367 Memnonis
1215 2314 1318 2366 Thebis
1330 2329 1388 2364 ere-

846 2391 908 2437 ctae
918 2386 1082 2436 mentionem
1095 2385 1210 2449 habent,
1231 2385 1265 2436 de
1276 2400 1330 2450 qun
1343 2385 1387 2434 Ia-

845 2456 953 2507 hlonslr.
980 2455 1013 2506 de
1036 2456 1172 2506 Memnon.
1198 2471 1262 2521 pag.
1287 2453 1330 2506 30.
1352 2481 1385 2491 -

846 2525 920 2589 „Sed
930 2531 1005 2576 recte
1021 2526 1076 2576 iam
1092 2531 1218 2578 auctores
1233 2525 1321 2591 operis
1333 2525 1388 2574 De-

846 2596 941 2660 script.
965 2596 998 2646 de
1022 2595 1143 2662 l'ltgypt.
1167 2600 1188 2647 t.
1208 2595 1249 2646 11.
1274 2592 1387 2659 (Theb.)

846 2681 908 2732 pag.
928 2667 962 2718 94
985 2671 1109 2729 monent,
1131 2681 1186 2716 non
1204 2665 1299 2730 utique
1321 2680 1387 2714 cou-

845 2741 932 2800 stare,
950 2751 1014 2786 num
1026 2735 1077 2786 hoc
1088 2735 1149 2787 loco
1160 2735 1312 2786 Memnonis
1330 2739 1388 2785 sta·

846 2810 930 2868 tuam,
948 2820 1018 2871 quae
1036 2805 1138 2857 Thebis
1154 2810 1205 2868 est,
1222 2805 1390 2870 cogitaverit

844 2876 1018 2936 Herodotum
1052 2873 1119 2926 illud
1152 2890 1217 2926 vero
1251 2879 1390 2936 constare,

845 2961 966 3010 cumpro
978 2945 1111 2996 Sesostris
1128 2945 1228 2996 statuis
1243 2943 1306 2994 illas
1316 2943 1390 2994 duas

844 3013 873 3064 in
886 3015 964 3065 Ionia
982 3030 999 3064 a
1017 3029 1045 3064 se
1062 3013 1137 3066 visas
1152 3015 1294 3078 habuisse,
1308 3015 1392 3064 item-

845 3099 897 3150 que
917 3085 969 3135 hoc
986 3083 1115 3148 alterum,
1141 3085 1309 3137 Herodotum
1331 3099 1392 3134 non

843 3154 1001 3206 confudisse
1027 3155 1196 3205 Memnonem
1222 3170 1282 3205 cum
1306 3153 1392 3205 Seso-

844 3223 959 3275 stride.“
978 3223 1025 3274 Cr.
1063 3225 1130 3274 Cum
1147 3224 1189 3274 his
1208 3225 1289 3274 etiam
1309 3223 1389 3274 conf.

845 3309 915 3358 qnae
925 3299 1017 3344 monet
1026 3293 1176 3346 Letronner
1193 3295 1235 3345 La
1248 3299 1339 3344 statue
1351 3293 1391 3344 de

844 3364 972 3414 Memnon
994 3379 1021 3428 p.
1039 3365 1073 3414 ts
1096 3363 1157 3415 coll.
1176 3379 1203 3428 p.
1220 3363 1253 3414 73
1271 3379 1328 3429 seq.
1357 3368 1392 3414 et

254 3431 334 3494 Quod
351 3429 422 3480 idern
441 3435 530 3508 estnec
541 3431 565 3480 si
583 3431 697 3482 dixisset
712 3435 794 3483 locer-
844 3432 959 3498 Lepsios
977 3433 1141 3499 Chronolog.
1168 3433 1194 3484 d.
1219 3435 1336 3499 Aegypt.
1360 3433 1390 3486 1.

252 3503 294 3554 tie.
331 3501 459 3550 Attamen
475 3499 588 3550 οτιλσισι
605 3501 701 3552 iterum
718 3503 795 3552 resti·
844 3519 871 3567 p.
890 3503 941 3554 277
960 3518 1032 3569 seq.,
1060 3504 1106 3568 qui
1123 3503 1150 3554 h.
1168 3502 1187 3553 l.
1206 3503 1319 3568 primurn
1339 3518 1392 3553 ve-

252 3570 294 3620 tui
307 3569 383 3620 iubet
391 3570 424 3620 R.
436 3569 460 3620 Ι.
468 3569 566 3620 Frnin:
582 3571 794 3622 DeManethone
843 3571 955 3638 stigium
973 3573 1106 3624 Sesostris
1120 3593 1154 3620 ,τ
1167 3573 1304 3624 Ramessis
1321 3588 1390 3624 cum

253 3637 401 3703 Sebennyt.
409 3653 473 3703 pag.
483 3639 531 3690 155
541 3630 710 3704 ρτοόμσισι,
721 3641 793 3707 quod
843 3641 988 3693 Memnone
1002 3643 1110 3693 confusi
1120 3643 1235 3693 inveniri
1253 3642 1321 3705 vult,
1337 3645 1393 3694 ad-

252 3713 327 3760 necte
339 3713 430 3758 tuetur
442 3709 546 3760 Brunet
562 3709 596 3760 de
607 3708 711 3760 Presle:
723 3713 794 3762 Exa-
844 3711 919 3774 dens,
933 3712 1126 3778 Aegyptiorum
1137 3728 1260 3764 sermone
1270 3713 1392 3778 quaevis

252 3794 313 3828 men
327 3778 441 3842 critique
454 3776 501 3828 des
515 3779 654 3844 dynastiae
663 3772 792 3846 dEgypt.
843 3780 948 3846 palatia
966 3783 1019 3832 dici
1038 3781 1141 3843 Manno,
1160 3781 1277 3848 indeque
1294 3786 1391 3834 ortum

252 3863 279 3912 p.
300 3847 348 3908 33,
371 3847 417 3912 qui
439 3847 474 3898 ad
495 3847 664 3899 humerorum
687 3849 793 3915 signum
843 3865 905 3902 esse
923 3852 1054 3903 Graecum
1068 3843 1247 3916 pspvdvetov,
1265 3851 1338 3916 quod
1353 3859 1393 3905 ut

253 3916 360 3966 attendi
372 3915 444 3979 vult,
461 3932 515 3982 quo
527 3918 555 3968 iu
571 3919 643 3969 notis
660 3917 793 3984 hierogly-
843 3919 879 3970 ed
896 3920 951 3972 alia
969 3921 1085 3986 palatia,
1108 3921 1147 3970 lta
1169 3921 1204 3972 ed
1223 3921 1391 3980 Thebanum

252 3985 340 4049 phicia
358 3985 440 4036 robur
462 3987 560 4038 virium
578 3988 686 4038 omniuo
704 3988 792 4038 decla·
843 3988 925 4052 illud,
950 3991 1022 4055 quod
1039 3991 1224 4042 Ramesseiuns
1245 4005 1317 4041 nuuc
1335 4007 1391 4043 ro·
1411 3999 1432 4032 ⁰

252 4055 308 4104 rari
331 4053 416 4105 addit.
435 4085 469 4096 -
498 4056 530 4106 In
559 4057 649 4106 verbis
671 4059 791 4120 proxime
843 4063 921 4120 cant,
940 4074 1026 4124 aeque
1044 4060 1184 4112 transferri
1202 4059 1331 4124 potuerit.

252 4123 474 4200 aqtecedentibns
501 4117 647 4206 γράμματα
672 4119 721 4188 lod
744 4122 791 4177 At·
876 4119 950 4177 πολὺ
968 4127 1018 4192 τῆς
1035 4119 1173 4194 ἀληθείης
1184 4121 1391 4194 ἀπολελειμμέ-

251 4205 356 4256 peneto
374 4207 468 4242 vocem
486 4189 624 4258 Αέγοτττια
650 4195 792 4250 delendum
842 4196 900 4262 νοι]
923 4196 942 4248 i.
961 4213 984 4250 e.
1009 4200 1080 4265 lonpc
1104 4215 1121 4250 α
1142 4216 1201 4252 oeno
1222 4199 1391 4260 oberrantes,

250 4264 345 4313 censet
362 4260 463 4324 Cobet,
481 4265 530 4341 cni!
543 4265 671 4314 assentiri
687 4281 791 4332 nequeo
842 4277 940 4318 onero
963 4269 1041 4332 quasi
1064 4268 1161 4320 relicti.
1199 4269 1285 4330 Quam
1305 4268 1390 4320 loen-

250 4328 399 4394 respiciens
418 4331 452 4382 ed
477 4347 624 4396 γραμματοι
643 4327 790 4400 Αἰγύπτια,
841 4336 941 4388 tionem
960 4341 1084 4402 posteros
1101 4341 1247 4406 scriptores
1259 4338 1391 4392 imitatos
