3058 4928
550 281 801 343 EUTERPE.
824 282 867 342 11.
885 289 931 345 86.

1245 277 1308 341 617

172 455 275 528 ἐπεὰν
293 456 329 525 di
349 457 544 542 παρέλθωσι
560 457 597 521 αί
610 454 856 543 ἑβδομήκοντα,
882 454 1063 536 λούσαντες
1091 451 1152 523 τὸν
1173 451 1307 543 νεκρὸν,

174 567 422 630 κατειλίσσουσι
446 561 515 626 πᾶν
535 552 640 625 αὐτοῦ
666 555 703 625 cir
722 563 816 646 σῶμα
846 556 1002 639 σινδόνος
1026 566 1189 647 βυσσίνης
1209 566 1306 628 τελα-

175 730 208 780 de
227 729 254 777 vi
273 727 398 789 siccandi,
417 741 487 792 quse
504 726 531 775 in
544 729 624 776 natro
635 725 715 776 inest.

176 800 236 860 Quo
253 799 313 863 ipso
332 797 419 847 omnis
437 795 541 847 tollitur
557 794 715 846 diiiienltns.

175 871 269 933 Neque
280 867 323 918 hio
333 881 438 932 qnoque
444 865 644 930 negligendum,
655 881 718 930 ope-

176 939 343 990 rosissimam
363 941 390 986 et
408 935 669 1001 praestantissimam
690 935 717 985 h.

174 1009 193 1059 1.
214 1007 383 1059 condituram
403 1021 420 1055 s
440 1006 541 1056 Nostro
557 1019 718 1055 commemo-

174 1079 239 1130 rari.

210 1195 417 1250 κατειλίσσουσι
425 1191 483 1245 πᾶν
493 1183 584 1244 αὐτοῦ
593 1185 625 1244 cir
639 1191 718 1259 σῶμα

177 1261 311 1324 σινδόνος
329 1263 464 1334 βυσσίνης
479 1261 617 1328 τελαμῶσι
635 1279 719 1314 κασα-

72 1358 75 1364 ·
176 1333 381 1404 τετμημένοισι]
400 1337 419 1386 i.
439 1351 462 1387 e.
478 1342 552 1384 totum
568 1347 661 1396 corpure
678 1349 720 1384 se·

175 1413 223 1460 ctis
240 1424 276 1458 erc
293 1407 399 1458 sindone
414 1403 518 1468 byssina
533 1404 626 1466 surdis
643 1405 720 1453 invel-

175 1486 242 1530 nmrt.
270 1476 403 1526 Sindonenr
414 1472 606 1538 (quamvocem
620 1473 654 1522 ab
666 1474 721 1522 He-

176 1549 269 1600 braico
288 1559 356 1631 ηυης,
376 1542 515 1608 repetunt)
535 1542 648 1592 linteum
667 1542 721 1592 dici

177 1632 380 1691 tenuissimum,
400 1646 432 1680 ex
450 1644 503 1694 quo
517 1628 659 1678 interiores
677 1632 721 1678 tu-

177 1705 255 1754 nicae
267 1699 490 1760 conficiebantur,
502 1697 584 1764 uulgo
595 1697 720 1748 tradunt:

178 1773 234 1822 vid.
258 1769 392 1820 Theseur.
411 1768 505 1832 Steph.
523 1767 604 1831 Ling.
624 1767 720 1819 Graec.

178 1843 242 1892 VII.
258 1855 321 1905 pag.
340 1838 392 1889 864
407 1853 493 1902 seqq,
511 1835 675 1888 Schleusner
693 1838 721 1887 iu

180 1913 251 1962 Nou.
271 1908 364 1958 Lexic.
384 1908 412 1958 in
427 1907 463 1957 N.
476 1907 510 1956 T.
530 1906 569 1956 ΙΙ.
588 1919 651 1970 pag.
670 1905 722 1956 872

180 1997 247 2045 aeq,
272 1977 369 2043 quibus
390 1976 455 2026 add.
473 1975 600 2026 Creuner.
620 1975 640 2026 l.
656 1975 675 2026 l.
693 1991 721 2040 p.

178 2051 223 2102 46.
260 2047 327 2098 Cum
350 2061 416 2096 vero
434 2044 562 2095 hocloco
581 2043 722 2095 sindonem

179 2115 318 2185 βοσσίνην
329 2115 404 2166 dicat
416 2115 529 2176 Noster,
550 2113 657 2178 plurimi
671 2115 722 2165 hoc

178 2204 227 2254 pro
254 2194 359 2238 cotoneo
391 2188 569 2248 acceperunt,
600 2183 723 2234 nonnulli

178 2262 267 2310 linteos
284 2253 440 2304 intellexere
451 2269 571 2318 pannos,
589 2253 685 2319 quibus
696 2259 723 2306 et

179 2327 247 2394 ipsis
267 2323 408 2374 involutae
431 2327 556 2388 repertae
579 2328 643 2373 runt
665 2339 723 2373 mn-

179 2399 262 2457 miae,
281 2394 405 2460 quamvis
424 2391 472 2443 alii
490 2392 542 2442 hoe
558 2407 668 2456 prorsus
678 2409 723 2443 ne·

178 2470 272 2533 gutum
283 2462 395 2514 vellent.
432 2462 486 2513 Sed
505 2461 722 2524 lomnrdusffle-

179 2553 232 2587 scr.
252 2533 285 2584 de
303 2533 375 2598 l'Eg.
395 2533 507 2597 Antiqq.
527 2533 565 2594 11,
589 2531 631 2582 10.
651 2531 677 2594 8.
695 2531 721 2582 8.

178 2623 206 2672 p.
216 2603 286 2680 389)
305 2607 336 2653 ut
355 2601 498 2667 plurimum
515 2609 642 2652 cotoneum
658 2617 676 2651 a
693 2617 723 2652 se

177 2679 314 2740 repertum
337 2673 366 2722 in
389 2670 520 2736 sepulcris
545 2671 626 2731 dicit;
654 2686 722 2736 quos

176 2745 277 2795 linteos
303 2743 332 2791 in
354 2741 503 2806 hypogaeis
530 2739 637 2790 insulae
661 2741 724 2790 Phi·

64 2853 68 2860 .
177 2815 265 2864 larum
283 2825 388 2876 pannos
413 2809 567 2872 offenderit,
593 2825 639 2860 sos
657 2825 723 2874 psu-

178 2882 303 2948 perrimis
314 2879 636 2930 amiciendisinserviisse
644 2895 650 2939 3
658 2895 724 2945 qua·

180 2969 210 3008 re
228 2952 275 3000 rix
293 2948 483 3000 dubitandum.
506 2949 571 3013 quin
593 2948 620 2999 lr.
638 2948 658 2998 l.
682 2965 724 3001 eo-

181 3031 279 3072 toncrnn
297 3017 414 3082 intelligi
430 3017 723 3082 nolueritHerodotns,

182 3090 230 3156 qui
247 3088 271 3138 ri
291 3087 326 3138 de
342 3086 433 3136 linteis
452 3087 545 3138 inseiis
564 3088 723 3153 cogitasset,

180 3159 234 3210 hoc
257 3159 318 3223 ipso
341 3155 473 3206 vocabulo
495 3171 594 3208 usurus
617 3158 724 3221 inisset,

181 3233 314 3292 utsupra
332 3226 369 3287 11,
392 3225 435 3288 81,
458 3226 505 3276 ubi
528 3226 637 3276 tunicas
654 3241 725 3278 eom·

182 3300 315 3348 memoret
337 3295 447 3345 linteos.
493 3297 530 3346 Et
558 3311 627 3361 qnae
649 3299 724 3349 cuca

183 3366 293 3418 Thebas
311 3379 396 3429 nuper
409 3369 518 3429 reperta
533 3370 597 3416 sunt
612 3381 726 3432 operose

181 3435 293 3487 condito
312 3433 461 3496 cadavera,
478 3434 514 3484 sd
529 3435 644 3500 primam
657 3438 726 3488 clus·

181 3520 239 3555 seru
256 3503 330 3554 haud
347 3503 429 3553 dubie
444 3504 600 3568 referenda,
617 3521 650 3556 ea
667 3508 726 3574 plu-

181 3576 278 3624 nimum
297 3573 405 3623 cotonei
424 3572 612 3626 exhibuerunt.
648 3579 726 3631 Hoec

182 3643 304 3709 pluribus
329 3641 456 3706 exposuit
478 3642 596 3694 Creuner
617 3644 636 3696 l.
659 3647 678 3699 l.
697 3667 725 3716 p.

181 3711 296 3773 45-50,
320 3711 396 3760 curius
428 3713 592 3764 sententiam
620 3732 728 3785 quoque

182 3785 275 3832 tuetur
297 3777 430 3830 Rusellini
449 3777 579 3843 (Menum.
602 3786 676 3839 civil.
703 3791 727 3844 Ι,

182 3867 209 3916 p.
227 3848 289 3902 353.
313 3847 366 3898 111.
384 3863 413 3912 p.
432 3848 504 3916 339),
527 3853 574 3917 qui
597 3853 650 3908 hoo
673 3861 728 3913 He.

182 3918 272 3970 rodoti
288 3916 349 3967 loeo
369 3915 402 3966 de
420 3923 535 3970 cotoneo
556 3923 637 3978 unice
655 3933 730 3998 cogi.

182 3987 236 4038 turi
260 4000 341 4050 posse
364 3988 472 4039 statuit.
507 3990 630 4047 Aliorum
657 4001 729 4055 viro.

182 4073 243 4106 rum
256 4055 398 4105 doctorum
414 4061 564 4114 sententias
578 4068 660 4122 modo
679 4072 730 4124 lin-

183 4131 257 4186 teas,
276 4123 357 4174 modo
376 4129 505 4178 cotoneas
525 4131 627 4190 iasoies
650 4142 730 4196 intel.

167 4193 327 4260 ·ligentium
349 4195 463 4258 protulit
480 4199 598 4268 Magnus
623 4209 641 4264 l.
662 4213 681 4265 l.
702 4232 719 4282 p

182 4265 227 4316 ³7.
263 4264 305 4313 De
327 4265 412 4314 linteir
433 4265 527 4320 insciis
552 4253 731 4344 cogitanda&

768 729 820 776 ete.
840 725 892 774 1n.
919 739 945 788 p.
973 725 1032 790 115)
1057 725 1138 790 reque
1159 727 1309 778 accursus.
1384 707 1387 723 ⁵

767 795 837 844 sima
853 794 999 844 tusciarum
1016 795 1144 858 ipsarum,
1164 795 1262 861 quibus
1279 795 1309 846 il-

768 863 871 930 ligatae
884 863 984 912 suerint
994 864 1118 926 mumiae,
1133 865 1309 930 inquisitione

769 950 786 984 s
803 933 869 982 viris
889 931 977 981 doctis
996 933 1123 982 instituta
1141 935 1250 998 probari
1269 935 1310 984 si-

769 1001 1310 1067 firmat,idemqueinvenitlemesThum-

770 1089 834 1130 sou,
856 1072 903 1137 qui
926 1071 993 1121 haec
1016 1071 1077 1136 ipss
1094 1071 1252 1122 mumiarnm
1270 1073 1310 1122 in-

769 1142 881 1194 volucra
907 1140 1114 1206 diligentissime
1140 1141 1309 1206 perquisivit,

770 1217 829 1262 arte
842 1209 1179 1274 microscopicasdhibitar
1199 1210 1254 1261 vid.
1267 1210 1310 1260 On

770 1282 816 1332 the
828 1295 945 1345 mumury
956 1279 1029 1329 eloth
1039 1279 1070 1328 oi
1080 1280 1181 1343 Egypt,
1195 1280 1223 1328 in
1235 1279 1311 1329 Cles-

771 1350 840 1402 sical
858 1352 929 1400 Mus.
948 1349 1010 1398 VII.
1033 1364 1061 1412 p.
1081 1347 1226 1399 teu-163.
1256 1349 1311 1399 Ne·

771 1436 824 1487 que
841 1419 921 1470 aliter
941 1419 994 1468 ianr
1018 1421 1152 1468 statuerat
1174 1418 1311 1468 Letronne

773 1489 898 1552 (Journal
916 1488 963 1539 des
983 1487 1047 1538 Sar.
1071 1485 1146 1538 1844.
1166 1503 1229 1554 png.
1247 1487 1308 1539 otu.

770 1557 883 1612 Recusil
899 1557 947 1608 des
963 1558 1100 1622 inscriptt.
1110 1557 1194 1608 Grecs
1207 1557 1240 1607 de
1256 1556 1312 1608 l'Ii·

771 1633 848 1696 gypt.
872 1628 895 1678 1.
921 1644 948 1692 p.
967 1627 1029 1692 282)
1054 1642 1088 1676 ao
1110 1642 1195 1692 nuper
1213 1626 1311 1677 statuit

772 1700 802 1750 O.
824 1699 914 1750 liitter
939 1695 1140 1764 (Denkschriit.
1171 1696 1198 1746 d.
1221 1695 1310 1746 Aked.

772 1770 799 1820 d.
817 1767 985 1818 Wissensclr.
999 1781 1033 1816 nu
1046 1766 1137 1816 Berlin
1154 1781 1217 1816 ann.
1233 1765 1310 1817 1851.

771 1854 835 1904 pag.
856 1837 907 1888 315
925 1835 1022 1902 seqq),
1042 1836 1088 1901 qui
1107 1841 1135 1886 et
1152 1835 1204 1886 hoc
1225 1836 1311 1885 Hero-

772 1908 829 1960 doti
846 1907 906 1958 loco
924 1911 951 1956 et
963 1905 1063 1968 altero,
1083 1907 1129 1970 qui
1143 1908 1234 1955 uetat
1248 1905 1310 1966 VII,

774 1978 836 2040 118,
861 1991 914 2027 non
932 1976 985 2025 nisi
1004 1975 1037 2025 ds
1058 1975 1114 2025 lino
1133 1974 1311 2025 subtilissimo

771 2047 887 2113 cogitari
903 2060 983 2110 posse
1001 2049 1108 2108 censet,
1126 2060 1185 2094 curu
1204 2043 1313 2094 cotonei

771 2117 862 2167 nullus
877 2116 959 2166 inerit
969 2129 1035 2165 usus
1048 2129 1095 2179 per
1104 2115 1257 2179 Aegyptum
1267 2129 1313 2164 ne·

772 2203 824 2252 que
841 2188 869 2236 iu
887 2186 1046 2235 mumiarum
1056 2184 1164 2246 insciis,
1183 2183 1313 2248 usquein

772 2255 927 2306 vulneribus
953 2254 1092 2305 sanandis.
1133 2253 1257 2304 Accessit
1281 2251 1312 2304 C.

771 2327 804 2376 F.
823 2327 995 2376 Hermaunus
1014 2325 1042 2373 in
1060 2323 1175 2374 Becker.
1194 2322 1313 2376 Charicl.

773 2395 825 2445 111.
845 2411 872 2461 p.
893 2395 941 2446 187
957 2393 1075 2458 mihique
1093 2394 1146 2460 ipsi
1164 2394 1192 2444 in
1210 2393 1251 2444 his
1270 2409 1314 2444 ec-

772 2465 963 2530 quiescendum
983 2465 1100 2514 videtur.
1136 2464 1176 2514 Ac
1194 2465 1217 2514 si
1234 2479 1316 2531 quse·

772 2550 826 2596 ras,
837 2533 1053 2596 curHerodotus,
1066 2533 1164 2585 linteos
1177 2535 1278 2586 lescies
1291 2536 1315 2587 si

772 2619 866 2655 revera
883 2603 1060 2666 intellexerit,
1079 2619 1134 2654 nou
1145 2606 1237 2656 linteos
1250 2621 1316 2672 quo-

773 2690 825 2740 que
843 2675 941 2725 dixerit
959 2675 1023 2737 has,
1042 2675 1118 2725 sede
1135 2676 1240 2728 sindone
1256 2675 1316 2742 ipr-

773 2747 830 2795 sino
845 2749 951 2806 sectas,
974 2743 1117 2794 admonuit
1136 2747 1242 2796 Lassen
1258 2747 1316 2814 (In-

773 2815 867 2866 dische
885 2813 1081 2865 Alterthurnslr.
1103 2815 1127 2867 1.
1151 2831 1178 2880 p.
1197 2815 1257 2867 250.
1277 2818 1316 2869 11.

773 2901 799 2950 p.
818 2887 871 2937 554
887 2900 943 2952 seq.
964 2883 1026 2936 ooli.
1044 2885 1115 2950 Aug.
1134 2885 1206 2936 (λοί).
1226 2885 1318 2938 Schle·
1407 2939 1409 2946 ,

774 2954 830 3020 gel:
840 2954 938 3006 Indien
950 2955 985 3004 irn
996 2953 1097 3005 Berlin.
1104 2955 1318 3008 Taschenbuehe

777 3025 853 3077 1829.
865 3041 927 3092 pag.
941 3023 980 3089 7),
993 3025 1125 3076 Graecum
1144 3041 1239 3077 vocem
1259 3040 1318 3078 orn·

775 3090 862 3153 σίνος
887 3111 902 3146 e
926 3095 1104 3147 Sanscrituna
1129 3111 1197 3148 voce
1222 3095 1320 3150 Sindin

776 3164 920 3216 deductum
944 3165 983 3216 nil
1004 3166 1058 3217 nisi
1081 3167 1195 3217 Indicron
1215 3168 1320 3236 signifi·

776 3251 839 3286 care
859 3236 976 3304 indeque
996 3241 1027 3288 ut
1049 3235 1172 3288 adalim
1195 3254 1254 3304 res,
1280 3241 1320 3290 its

776 3306 812 3356 nd
825 3311 917 3359 vestes
939 3307 1083 3358 Indicaee
1106 3309 1236 3375 gossypio
1258 3327 1320 3361 eon-

776 3377 865 3428 iectas
884 3377 952 3440 (vid.
971 3379 1104 3430 Herodot.
1124 3379 1177 3442 111,
1198 3379 1248 3430 108
1273 3379 1319 3430 flu.

778 3445 840 3499 coll.
864 3448 1044 3516 Theophrast.
1063 3449 1138 3500 Hist.
1159 3448 1250 3500 Plant.
1271 3449 1321 3510 lv,

778 3520 804 3576 7,
822 3520 848 3569 7.
886 3519 978 3571 strab.
991 3521 1050 3571 XV.
1069 3535 1096 3585 p.
1113 3515 1321 3582 etiamtum)
1343 3513 1362 3538 ”

779 3592 852 3640 etex
868 3590 948 3641 India
963 3591 991 3640 in
1003 3590 1072 3640 alias
1083 3595 1170 3638 terres
1184 3590 1260 3636 trans
1281 3603 1322 3637 or-

780 3664 855 3712 tatas
874 3660 1009 3712 adhiberi:
1028 3658 1166 3711 audivero
1185 3603 1322 3719 βυσσίνης
1392 3717 1396 3727 Ι

779 3731 1062 3797 ntroqneHerodoteo
1083 3727 1157 3785 loco,
1182 3728 1214 3773 ut
1231 3729 1322 3774 vestes

780 3817 803 3852 s.
823 3801 927 3852 insciae
950 3817 983 3852 ex
1005 3800 1061 3849 lino
1085 3792 1266 3871 subtilissimo
1284 3793 1324 3842 la·

780 3875 843 3922 ctae
861 3871 1063 3938 intelligantur,
1082 3879 1143 3914 oum
1153 3857 1257 3927 βυῦσῠῖ
1273 3861 1324 3910 lini

781 3956 866 4007 genus
883 3941 1019 4007 quoddam
1034 3931 1223 3987 tenuissimum
1235 3928 1326 3978 decla-

781 4017 837 4062 ret:
856 4011 889 4062 de
907 4027 961 4077 qun
980 4022 1048 4058 voce
1067 4008 1099 4052 tn
1116 3999 1173 4050 vid.
1192 3996 1282 4046 allata
1297 3998 1327 4046 in

781 4081 913 4132 Thesaur.
937 4080 1018 4142 Ling.
1041 4073 1138 4125 Grneo.
1162 4067 1201 4117 11.
1224 4082 1253 4130 1)·
1276 4066 1328 4116 4⁶0

781 4153 824 4202 ed.
838 4150 921 4202 Dind.
930 4148 1013 4200 Plnrn
1024 4153 1132 4209 quoque
1142 4134 1237 4186 attulit
1249 4134 1330 4184 Oreu-

783 4238 827 4272 ner
838 4219 857 4271 l.
877 4219 896 4270 l.
908 4235 972 4284 pag.
986 4215 1021 4266 tu
1040 4225 1115 4274 eeq.,
1134 4203 1298 4255 schleusner
1310 4202 1329 4252 l.

782 4293 801 4344 l.
819 4289 880 4342 Vol.
899 4290 922 4339 l.
942 4301 1007 4352 pag.
1023 4279 1076 4331 4117
1092 4290 1150 4339 seq.
1185 4272 1218 4321 In
1235 4273 1332 4321 Roset-

183 4333 732 4415 essepronnntistWilkinson(Manum
783 4367 850 4414 m,
871 4355 1053 4424 infloriptione
1078 4339 1185 4398 ὀθόνια
1210 4333 1333 4410 βύσσινα
