3086 4932
232 312 292 374 182

662 299 928 364 HERODOTI

230 493 355 575 τείχεος
370 487 463 574 δῶρα
485 479 619 552 δαίσειν.
651 475 733 568 μετὰ
747 475 784 546 δὲ
798 479 912 561 τοῦτο,
934 471 1178 563 πειρησαμένης
1192 475 1251 561 τῆς
1265 491 1365 560 στρα-

229 597 318 680 τιῆς,
347 583 392 668 ὡς
418 583 459 655 οὐ
487 583 692 676 προεχώρεε,
721 578 871 652 ἐνθαῦτα
894 584 963 648 τῶν
988 576 1102 648 ἄλλων
1130 579 1366 664 πεπαυμένων,

230 691 315 783 ἀνὴρ
331 690 471 782 Μάρδος
493 687 646 777 ἐπειρᾶτο
667 691 898 777 προσβαίνων,
921 687 967 777 τῷ
982 679 1109 771 οὕνομα
1123 673 1166 771 ἦν
1183 677 1365 771 Ὑροιάδης,

231 796 314 870 κατὰ
332 799 431 866 τοῦτο
450 799 508 881 τῆς
528 788 743 882 ἀκροπόλιος,
764 793 805 878 τῇ
826 784 938 868 οὐδεὶς
958 784 1110 857 ἐτέτακτο
1131 783 1297 876 φύλακος·
1325 781 1365 854 οὐ
1375 799 1407 852 12

231 899 295 991 γὰρ
311 891 354 990 ἦν
368 895 500 983 δεινὸν,
521 894 605 966 κατὰ
618 899 715 964 τοῦτο
735 890 780 982 μὴ
794 887 865 985 ἁλῷ
878 892 963 960 κοτέ.
987 888 1150 979 ἀπότομός
1163 917 1199 960 τε
1215 887 1278 980 γάρ
1297 885 1366 958 ἐστι

231 999 370 1094 ταύτηὴ
393 999 573 1090 ἀκρόπολις
594 1000 650 1068 καὶ
670 995 810 1086 ἄμαχος·
840 1002 880 1085 τῇ
901 991 981 1064 οὐδὲ
1003 997 1141 1084 Μήλης,
1162 989 1180 1064 ὁ
1203 992 1367 1084 πρότερον

231 1104 388 1198 βασιλεὺς
402 1110 581 1194 Σαρδίων,
605 1100 714 1192 μούνη
734 1097 775 1171 οὐ
790 1097 979 1190 περιήνεικε
993 1095 1051 1168 τὸν
1068 1102 1203 1183 λέοντα,
1225 1097 1284 1168 τόν
1300 1102 1366 1186 οίη

1355 1091 1364 1118 I

233 1207 385 1299 παλλακὴ
407 1213 515 1293 ἔτεκε,
545 1209 765 1296 Τελμησσέων
791 1202 1019 1286 δικασάντων,
1050 1197 1094 1282 ὡς
1115 1203 1365 1291 περιενειχθέν-

231 1343 285 1397 τος
303 1319 363 1382 τοῦ
383 1314 516 1392 λέοντος
538 1310 575 1380 τδ
600 1325 724 1398 τεῖχος,
748 1313 879 1377 ἔσονται
901 1306 1046 1396 Σάρδιες
1066 1303 1241 1376 ἀνάλωτοι.
1281 1300 1299 1375 ὁ
1328 1305 1365 1375 δὲ

230 1515 249 1566 1.
271 1531 294 1565 e.
315 1517 340 1564 ei
356 1514 507 1578 quintinus
525 1511 621 1562 moenia
636 1509 775 1560 adscende·

230 1589 273 1638 rit.
296 1582 416 1634 Genitivi
429 1598 507 1631 usum
519 1586 581 1646 poet
590 1580 702 1629 verbum
715 1568 775 1628 έπε-

231 1652 342 1721 βαίνειν
363 1653 391 1700 in
414 1651 490 1700 hisee
509 1649 637 1715 exemplis
656 1647 775 1699 illustro-

230 1725 318 1774 vimus
336 1721 371 1772 ad
381 1719 454 1773 Plut.
467 1721 563 1786 Pyrrh.
574 1737 600 1786 p.
616 1720 676 1770 ⁶214.
703 1719 773 1770 Add.

825 1523 904 1574 portu
924 1508 1089 1573 penultimus
1112 1510 1183 1560 enirn
1197 1509 1302 1575 Lydiae
1319 1523 1367 1558 rex

825 1580 1033 1629 Heraclidarnm
1051 1580 1185 1644 exstirpe
1205 1579 1287 1644 (conf.
1304 1579 1326 1640 1,
1339 1578 1365 1643 1)
1445 1567 1452 1582 ’

808 1650 895 1712 mit,
921 1651 945 1699 si
969 1650 1036 1700 fides
1055 1651 1173 1700 Eusebio
1193 1651 1220 1700 in
1239 1649 1365 1700 Chronio.

825 1735 888 1786 pag.
914 1721 956 1771 50.
1002 1719 1089 1770 lllulto
1114 1725 1205 1770 tomen
1229 1721 1367 1784 antiquior

229 1793 332 1845 Herod.
341 1791 477 1854 IX‚70.-
491 1791 577 1842 Panlo
595 1795 669 1855 post:
685 1784 722 1848 ὡς
740 1779 775 1838 οὐ
827 1796 868 1841 est
886 1790 998 1842 Nicolso
1017 1792 1179 1840 Damascen.
1197 1792 1225 1840 in
1240 1791 1365 1855 lrsgmm.

230 1853 389 1928 προεχώρεε
409 1859 482 1925 (‚‚ulrr'
497 1879 540 1912 res
558 1877 606 1911 non
624 1858 774 1924 succentu)

229 1935 299 1984 bene
316 1931 432 1994 editum,
462 1935 489 1982 et
507 1931 650 1996 probatum
673 1931 712 1993 V,
731 1930 774 1980 ot.

826 1877 889 1926 pas.
908 1861 951 1912 30.
975 1860 1022 1912 186
1042 1860 1083 1910 ed.
1106 1859 1190 1910 Orell.
1209 1861 1300 1926 ibique
1314 1860 1368 1910 Va·

827 1931 889 1981 lesii
909 1937 967 1981 not.

229 2003 307 2063 VIII,
322 2003 378 2053 102.
402 2002 493 2051 Minus
508 2000 775 2065 reotelibriqnidam
862 1993 913 2050 τὸν
935 1997 1047 2059 λέοντα,
1075 1989 1126 2048 τόν
1149 1991 1178 2047 oi
1198 1989 1215 2064 ἡ
1240 1989 1367 2062 παλλακὴ

231 2063 415 2136 προσεχώρεε.

265 2132 338 2202 ἀνὴρ
357 2131 480 2202 Μάρδος
494 2169 529 2176 -
545 2133 585 2200 τῷ
603 2125 715 2200 οὔνομα
738 2122 774 2200 ἦν

225 2199 389 2272 Ὑροιάδης]
426 2209 468 2256 De
487 2207 590 2256 Mardis
608 2206 680 2255 insro
698 2205 732 2254 ad
751 2207 773 2266 Ι,

231 2277 291 2327 125.
310 2277 418 2336 111‚tt4.
444 2279 505 2326 lloc
521 2275 580 2325 loco
600 2291 633 2324 ex
644 2275 774 2324 Hecrenii

230 2346 312 2396 Ideen
333 2350 384 2394 cto.
414 2346 441 2406 Ι,
459 2346 483 2395 1.
507 2360 570 2410 pag.
589 2345 641 2395 510
660 2349 772 2392 annota-

229 2431 303 2478 mus,
329 2414 453 2476 Mardos,
479 2421 587 2480 gentem
610 2413 771 2476 Nomadum,

230 2485 294 2536 olim
311 2485 456 2534 Persarum
470 2489 497 2533 et
516 2485 601 2548 ipsius
621 2483 772 2548 0111111111-

230 2557 301 2606 citus
312 2554 407 2620 eodem
419 2553 498 2603 modo
512 2558 620 2603 secutos
635 2567 704 2612 csse,
718 2568 771 2617 quo

229 2641 300 2676 nuno
313 2626 461 2675 Russorum
480 2625 626 2673 exercitum
642 2623 719 2687 sequi
734 2623 772 2671 ri-

230 2695 324 2746 demus
335 2711 381 2744 ess
393 2698 497 2758 gentes,
509 2708 579 2757 quae
592 2691 772 2743 relBasolrki-

229 2781 319 2816 rorum
346 2763 389 2814 vel
411 2763 625 2813 Kalmiickorum
649 2762 692 2812 vel
715 2762 770 2812 olio

231 2836 327 2902 quovis
347 2833 427 2884 simili
445 2833 552 2883 nomine
571 2839 723 2882 occurrent.

264 2897 298 2954 orl
322 2897 374 2970 γὰρ
398 2892 434 2968 ἦν
452 2895 564 2966 δεινὸν,
593 2894 664 2951 κατὰ
686 2899 771 2951 τοῦτο

229 2967 267 3040 μὴ
285 2965 344 3040 ἁλῷ
367 2972 440 3041 κοτέ]
464 2975 482 3023 i.
503 2989 526 3024 e.
545 2976 688 3034 ,μαντηίαι
706 2975 772 3023 time-

229 3045 313 3100 batur.
331 3061 362 3094 ne
379 3043 519 3107 deoperte
537 3059 590 3092 arx
607 3041 771 3105 roperetrrr.“

230 3113 331 3164 Attulit
350 3113 451 3176 locum,
475 3117 587 3162 notante
610 3113 669 3170 Cn,
695 3113 771 3176 Wyt-

825 2065 909 2135 Issus]
933 2071 1051 2120 Leonem
1076 2084 1182 2118 sacrum
1204 2085 1264 2119 esse
1283 2069 1367 2134 Lydis

826 2139 1110 2204 eorrrnrquereligione
1118 2137 1257 2198 celebrari,
1268 2141 1367 2204 quippe

826 2209 891 2257 solis
902 2209 1009 2273 signum
1027 2213 1053 2256 et
1063 2207 1211 2272 palladium
1225 2210 1303 2272 qrrosi
1315 2211 1367 2271 Ly-

826 2279 919 2326 dorum
936 2293 1042 2342 regum,
1067 2291 1149 2340 supra
1164 2277 1218 2325 ianr
1235 2277 1366 2326 indicavi-

823 2363 882 2396 mus
909 2345 943 2396 sd
955 2347 978 2404 1,
995 2347 1037 2396 50.
1071 2345 1154 2394 Plura
1171 2345 1319 2394 Crouzerus
1338 2347 1365 2394 111

824 2415 943 2480 Symbol.
955 2415 993 2466 II.
1005 2432 1031 2479 p.
1039 2413 1090 2464 633
1100 2429 1156 2478 seq.
1165 2413 1206 2463 ed.
1215 2419 1277 2464 tert.
1287 2413 1365 2463 Unde

823 2486 980 2536 llerodoteo
1003 2485 1123 2534 narratio
1145 2484 1232 2532 minus
1255 2483 1366 2532 habebit

823 2555 894 2621 qnod
905 2554 1032 2604 offendat.
1046 2554 1128 2604 Venit
1142 2569 1248 2618 quoque
1258 2553 1285 2601 111
1295 2568 1366 2602 men-

823 2632 877 2675 tem
892 2625 1013 2676 Graecae
1029 2623 1193 2674 narrationis
1208 2623 1241 2674 de
1253 2623 1365 2673 Periclis

823 2701 918 2756 matre,
927 2711 997 2759 quse
1006 2693 1128 2758 gravide,
1136 2699 1281 2758 antequam
1293 2693 1367 2743 11111111

824 2765 964 2828 edidisset,
979 2768 1070 2816 leonem
1083 2781 1179 2828 perere
1192 2765 1244 2814 sibi
1259 2765 1287 2814 in
1298 2779 1367 2814 som-

823 2837 865 2886 nis
878 2835 1030 2886 videbatur.
1066 2835 1129 2886 Vid.
1146 2833 1337 2885 Plut.'Periol.
1350 2833 1366 2885 3

824 2913 851 2958 et
870 2921 939 2971 quae
962 2905 996 2955 od
1018 2905 1158 2956 Plutarch.
1186 2905 1319 2956 Alcibiad.
1339 2922 1366 2969 p.

825 2977 871 3027 151
897 2981 924 3026 et
950 2975 1021 3026 inira
1046 2976 1082 3026 nd
1106 2975 1208 3027 Herod.
1233 2977 1284 3039 VI,
1317 2974 1365 3028 131

822 3046 988 3098 notavimus.

860 3113 1043 3180 Τελμησσέων
1057 3105 1289 3181 δικασάντων]
1300 3115 1366 3166 Cum

231 3183 432 3234 18151651111111
447 3181 767 3232 1110111·111Ρ1111111011ι
820 3185 1022 3238 Telmessenses
1042 3203 1096 3236 non
1116 3185 1217 3236 suerint
1236 3179 1366 3235 δικασταί

229 3269 255 3320 p.
278 3253 330 3304 223
354 3252 388 3301 od
411 3251 600 3302 illustrandam
627 3251 770 3301 formulam

229 3312 315 3372 οὐδὲν
339 3313 436 3372 δεινδν
461 3313 515 3386 μή,
538 3325 630 3372 nullum
648 3329 686 3371 est
702 3325 771 3386 peri-

228 3397 316 3455 culum,
336 3407 375 3442 ne.
404 3393 459 3442 Ubi
473 3393 528 3442 slis
542 3407 649 3457 quoque
662 3397 771 3442 exstant

228 3461 360 3528 exempla.
400 3462 442 3512 Ad
466 3462 632 3513 coniunctiri
656 3463 770 3512 formam

227 3525 285 3600 ἁλῷ
297 3533 447 3614 μ1111111ε111,
468 3548 537 3598 quae
548 3531 662 3582 Bredov.
679 3549 705 3597 p.
719 3533 768 3582 101

228 3603 365 3656 disseruit.
403 3602 531 3664 φυλακος
547 3607 704 3652 constanter
717 3604 771 3653 He·

228 3673 339 3724 rodotus
353 3673 422 3722 dixit
434 3689 481 3738 pro
493 3673 600 3739 vulgari
611 3673 699 3722 forma
716 3665 770 3734 φύ-

227 3740 293 3802 λαξ,
312 3747 384 3792 reote
404 3747 554 3793 annotante
573 3748 600 3792 et
624 3741 699 3793 locos
717 3743 771 3792 He-

227 3811 354 3862 rodoteos
377 3827 469 3862 omnes
493 3813 630 3862 iudicante
651 3812 769 3862 Bredov.

261 3947 297 4013 τῇ
315 3938 384 3997 οὐδὲ
398 3939 514 4012 Μήλης,
533 3939 548 3998 ὁ
566 3941 707 4012 πρότερον
722 3944 770 4015 βα-

228 4010 320 4074 σιλεὺς
332 4015 468 4080 Σαρδίων
486 4033 510 4068 κ.
525 4035 548 4068 τ.
562 4017 597 4084 1.]
615 4019 688 4068 Male
700 4009 769 4082 πρέ-

226 4101 307 4150 τερος
327 4087 354 4134 in
371 4085 542 4150 quibusdem,
563 4103 615 4152 quo
636 4089 694 4152 ipso
711 4104 769 4138 sen-

227 4171 274 4208 sus
294 4157 334 4204 ita
351 4159 510 4219 mutaretur,
531 4163 561 4207 ut
576 4158 770 4222 intelligendus

228 4231 301 4278 esset
320 4240 367 4274 rex
386 4225 486 4276 Croeso
505 4227 578 4291 prior
597 4243 619 4277 s.
640 4228 769 4277 Croesum

227 4296 348 4362 proxime
363 4295 537 4346 antecedens.
564 4297 688 4347 Pertinet
704 4313 769 4348 vero

226 4367 280 4418 iste
289 4365 374 4418 Meles
389 4365 423 4418 ad
438 4367 523 4418 multo
536 4368 691 4432 antiquiore
705 4372 770 4418 tem-

821 3257 961 3322 (iudiocs)‚
986 3273 1078 3307 verum
1097 3256 1264 3306 coniectores
1283 3261 1309 3306 et
1327 3256 1366 3305 in-

821 3333 954 3392 terpretes
964 3332 1159 3391 portentorum,
1169 3325 1366 3376 Valckenarius

822 3399 977 3462 suspicatur
993 3398 1123 3478 scriptum
1140 3397 1223 3446 fuisse
1237 3387 1366 3443 είκασολν-

822 3485 878 3516 των
886 3468 947 3518 loco
955 3465 1142 3523 draconetus,
1154 3465 1280 3516 Reiskius
1290 3479 1366 3527 prae·

823 3543 864 3588 ter
877 3538 942 3587 alin:
960 3529 1148 3597 διδαξάντων.
1170 3536 1289 3596 Quorum
1302 3547 1365 3581 neu·

823 3613 894 3658 trum
912 3607 976 3656 mihi
992 3607 1031 3656 ita
1044 3606 1188 3670 probatur,
1207 3607 1238 3652 ut
1253 3601 1365 3650 verbum

822 3669 1015 3736 δικασάντων,
1043 3673 1115 3740 quod
1146 3674 1174 3721 in
1192 3672 1315 3722 omnibns
1333 3671 1365 3720 li·

822 3749 878 3798 bris
897 3749 1002 3806 exstat,
1021 3744 1081 3794 loco
1097 3758 1230 3792 moveam.
1267 3740 1364 3791 Admo-

821 3823 868 3867 net
881 3815 1006 3878 Schwglr.
1026 3813 1103 3862 verbi
1121 3805 1291 3876 ἔγνωσαν,
1312 3825 1363 3876 quo

822 3888 849 3936 in
868 3901 896 3934 re
918 3883 1053 3934 simillima
1071 3897 1137 3932 usus
1162 3885 1204 3932 est
1222 3882 1321 3931 Noster
1339 3881 1364 3942 1,

822 3955 869 4017 78,
888 3971 938 4004 nec
960 3952 1040 4002 rideo
1064 3952 1188 4017 equidem
1208 3967 1254 4001 cur
1275 3952 1364 4000 minus

821 4025 913 4076 valeat
927 4023 1076 4074 sententia:
1096 4039 1168 4079 ..cum
1184 4021 1365 4072 Telmessenses

821 4097 966 4144 statuissent
984 4093 1016 4142 de
1036 4108 1066 4142 re
1088 4093 1136 4142 sili·
1159 4093 1196 4142 od
1212 4092 1365 4154 respondeu-

822 4166 877 4214 1111111
892 4165 1003 4229 adeoque
1019 4163 1179 4213 dirimendum
1197 4170 1222 4212 et
1235 4165 1365 4224 explican-

823 4237 878 4312 dum
887 4233 1052 4354 propositaf‘
1071 4231 1364 4297 Euripid.0rest.164:

822 4296 865 4354 or'
901 4299 933 4354 nl
951 4299 1067 4366 τρίποδι
1086 4299 1209 4364 Θέμιδος
1226 4292 1273 4364 ἄρ’
1294 4291 1364 4350 έδί-

823 4387 931 4424 κασεν
955 4365 1048 4437 φόνον
1074 4363 1089 4423 ὁ
1107 4370 1214 4435 Λοξίας
1230 4362 1296 4437 ἐμᾶς
1314 4385 1365 4436 μα-
