3064 4940
221 265 280 328 148
651 273 920 336 ΗΕΒΟΒΟΤΙ

217 446 362 520 ἀέθλεον
375 448 554 537 cedocedo
574 451 753 542 Τεγεήτας,
774 449 857 522 κατὰ
881 453 919 522 di
934 450 993 522 τόν
1012 451 1095 524 κατὰ
1110 461 1258 544 Κροῖσον
1278 453 1354 543 χρό-

218 583 280 625 νον
304 555 359 623 κιιὶ
380 553 443 644 τὴν
464 552 731 646 Ἀναξανδρίδεώ
749 585 784 626 τε
805 559 861 626 καὶ
884 554 1083 644 Ἀρίστωνος
1112 565 1293 648 βασιληΐην
1318 561 1356 628 έν

217 664 445 746 Λακεδαίμονι
458 656 524 749 ἤδη
537 665 573 730 οἱ
583 667 793 751 Σπαρτιῆται
810 664 1049 752 κατυπέρτεροι
1070 667 1117 754 τῷ
1131 665 1264 756 πολέμῳ
1280 665 1354 750 έγε-

218 763 378 852 γόνεσαν,
393 762 506 856 τρόπῳ
518 771 637 858 τοιῷδε
652 765 837 854 γενόμενοι.
866 763 982 856 ἐπειδὴ
1002 767 1068 834 αἰεὶ
1082 770 1128 859 τῷ
1150 769 1283 859 πολέμῳ
1298 769 1351 836 ἕσ-

217 874 339 938 σοῦντο
357 862 424 937 ὑπὸ
451 874 659 958 Τεγεητέων,
689 875 878 959 πέμψαντες
898 869 1112 960 θεοπρόπους
1132 871 1165 949 ές
1187 869 1355 959 Δελφοὺς,

217 969 436 1062 έπειρεότεον,
460 981 535 1042 τίνα
557 969 600 1043 όν
620 980 713 1044 θεῶν
733 974 925 1064 ἱλασάμενοι
947 973 1140 1063 κατύπερθε
1155 979 1201 1067 τῷ
1222 978 1354 1068 πολέμῳ

223 1079 412 1166 Τεγεητέων
426 1084 588 1162 γενοίατο.
609 1074 682 1166 ridi
698 1085 816 1167 Πυθίη
831 1101 892 1166 σφι
908 1084 1044 1168 ἔχρησε,
1064 1075 1104 1145 τό
1116 1074 1276 1166 Ὀρέστεω
1292 1084 1353 1147 τοῦ

212 1177 455 1268 Ἀγαμέμνονος
476 1177 573 1250 ὀστέα
596 1185 876 1271 ἐπαγαγομένους.
909 1176 954 1261 ὥς
974 1181 1011 1250 dl
1031 1177 1189 1272 σἰνευρεῑν
1210 1179 1272 1250 οὐκ
1289 1177 1357 1251 οἱοί

215 1311 251 1352 τε
274 1285 423 1372 έγινέατο
442 1281 505 1372 τὴν
524 1284 636 1376 θήκην
657 1291 718 1357 τοῦ
734 1283 911 1376 Ὀρέστεω,
940 1291 1090 1374 ἔπεμπον
1114 1275 1209 1365 αὖτις
1234 1284 1296 1374 τὴν
1321 1283 1354 1366 ἐς

216 1386 300 1457 θεὸν
320 1383 600 1476 ἐπειρησομένους
618 1387 677 1460 τὸν
689 1396 816 1478 χοῖρον,
840 1385 878 1459 ἒν
891 1392 937 1481 τῷ
958 1393 1066 1462 κέοιτο
1080 1383 1097 1458 ό
1112 1386 1274 1480 Ὀρέστης.
1304 1397 1350 1460 εί-

216 1496 346 1579 ρωτῷσι
362 1492 399 1560 δὲ
413 1496 518 1560 ταῦτα
532 1507 617 1561 τοῖσι
633 1493 854 1582 θεοπρόποισι
871 1495 960 1579 λέγει
975 1489 995 1582 ἡ
1011 1501 1128 1582 Πυθίη
1142 1491 1238 1562 τόδε·

291 1615 377 1684 Ἔστι
397 1645 443 1698 τις
461 1616 619 1704 Ἀρκαδίης
643 1623 734 1705 Τεγέη
754 1626 848 1710 λευρῷ
872 1621 916 1684 ἐνὶ
938 1619 1042 1711 χῷρῷ,

215 1833 286 1883 Ρίε11
304 1833 420 1884 cessisse
437 1834 554 1886 videtur.
577 1835 647 1888 Vide
665 1836 758 1888 Leelre
809 1823 932 1898 γενοίατ’
953 1823 999 1884 ἄν.
1027 1835 1088 1898 Qua
1109 1839 1201 1884 tamen
1218 1831 1353 1898 particula

215 1903 234 1954 l.
253 1904 271 1954 l.
291 1909 319 1954 et
336 1903 416 1956 Ross.
435 1903 454 1955 l.
473 1904 492 1955 l.
808 1905 909 1954 iterata
932 1920 1020 1970 neque
1042 1905 1095 1968 hic,
1120 1920 1208 1970 neque
1231 1905 1302 1954 inire
1319 1905 1352 1966 V,

808 1973 852 2036 92,
875 1974 892 2025 6
916 1971 974 2038 (ubi
997 1991 1045 2040 pro
1073 1966 1205 2024 κάλλιστα
1227 1975 1352 2040 proponit

808 2035 933 2093 κάλλιστ’
958 2033 1010 2111 ἂν)
1036 2045 1115 2096 nobis
1139 2059 1207 2110 opus
1230 2061 1290 2095 csse
1314 2045 1352 2094 vi-

311 2119 314 2124 .
386 2076 453 2126 Car.
471 2077 585 2128 LXVII.
810 2113 898 2166 detur·

249 2174 298 2228 nol
322 2170 375 2244 τὴν
399 2168 623 2244 Ἀναξανδρίδεώ
652 2197 681 2232 τε
709 2177 757 2232 καὶ

210 2238 376 2313 Ἀρίστωνος
393 2245 545 2314 βασιληΐην
570 2241 600 2298 έν
618 2249 757 2302 Λακεδαί-

214 2316 290 2384 μονι]
310 2320 351 2368 De
369 2317 560 2370 Anooeondridc
579 2322 652 2372 coni.
671 2323 703 2384 V,
723 2321 757 2374 30

215 2405 290 2454 seqq.
314 2389 429 2453 Regium
456 2389 595 2454 imperium
619 2392 758 2456 accepisse

214 2459 322 2508 videtur
339 2459 390 2510 570
404 2475 429 2509 ιι.
448 2459 510 2510 Chr.
530 2475 567 2523 n.,
581 2465 612 2510 ut
621 2461 757 2512 Larohero

214 2529 304 2594 placet
327 2534 409 2594 atque
437 2529 576 2579 Schultzio
607 2528 646 2594 (in
669 2531 758 2598 Appa-

214 2605 266 2650 ret.
296 2603 349 2649 etc.
374 2614 436 2664 pag.
463 2597 523 2662 22);
549 2600 589 2650 ita
609 2607 639 2651 ut
664 2602 758 2652 Croesi

214 2669 248 2720 ad
270 2669 501 2719 Lacedaemonios
524 2669 626 2735 legatio
651 2671 757 2722 incidat

213 2740 241 2788 in
260 2755 322 2789 ann.
342 2739 391 2790 561
417 2755 443 2790 o.
462 2739 524 2789 Chr.
550 2757 577 2790 n.
601 2743 702 2806 Aristo,
723 2742 756 2792 de

212 2825 265 2874 quo
284 2808 361 2873 plura
378 2809 477 2860 Noster
495 2809 542 2872 VI,
561 2809 593 2860 01
610 2827 697 2877 seqq.‚
715 2827 756 2861 re-

212 2894 295 2944 gnum
316 2895 386 2928 anno
408 2881 460 2930 574
484 2881 591 2944 accepit
614 2881 756 2946 tenuitque

211 2965 260 3014 per
286 2949 484 3014 quinquaginta
512 2955 629 3015 quatuor
657 2967 754 3001 annos.

212 3018 293 3069 Cous.
311 3017 432 3069 Schultz.
450 3018 469 3068 l.
488 3017 506 3068 l.
532 3036 595 3086 pag.
619 3023 659 3072 15.
684 3021 753 3071 Ado.

212 3087 331 3138 Olinton.
355 3089 433 3139 Fosi.
456 3087 564 3140 Hellen.
589 3106 713 3140 convers.
738 3105 755 3140 a

211 3159 343 3222 Krueger.
362 3173 426 3222 pag.
447 3160 507 3220 224,
526 3160 573 3209 ubi
584 3165 698 3226 uterque
707 3175 755 3210 rex

211 3227 247 3277 ad
264 3241 365 3277 anuum
380 3227 445 3292 560,
465 3244 517 3293 quo
542 3229 636 3280 Croesi
653 3230 754 3294 legatio

210 3297 294 3348 missa
312 3296 428 3363 ridetur¹
446 3299 571 3350 refertur.
590 3301 633 3350 Ad
651 3300 755 3366 reliqua

211 3368 283 3418 conl.
304 3367 430 3420 Oreurer.
451 3369 614 3421 Commentt.
632 3371 753 3422 Hercdd.

209 3453 273 3504 pag.
293 3438 344 3490 298
362 3454 449 3504 seqq„
468 3440 539 3490 unde
555 3439 684 3491 nonnulla
701 3441 754 3492 huc

209 3509 348 3588 transtuli.
388 3509 431 3560 De
461 3525 513 3560 usu
542 3511 753 3592 praepositionis

209 3595 296 3628 κατα
315 3580 343 3628 in
360 3580 451 3630 verbis
471 3574 753 3630 κατα-τον-πό-

208 3649 294 3713 λεμον
304 3655 387 3714 atque
397 3641 481 3699 κατόι
499 3640 550 3698 τόν
569 3641 653 3698 κατὰ
667 3649 753 3712 Κροῖ-

209 3731 261 3767 σον
277 3711 384 3782 χρόνον
403 3719 543 3770 admonuit
560 3719 687 3770 Kuehner
705 3720 752 3771 Gr.

209 3787 257 3838 Gr.
275 3791 301 3849 ξ.
319 3787 381 3838 007.
448 3815 453 3826 ·

243 3853 408 3932 τηὲμψαντες
429 3849 616 3921 θεοπρόπους
640 3848 667 3916 ές
686 3856 752 3906 Δελ-

210 3921 296 3989 φοος]
317 3917 505 3988 θεοπρόπους
521 3927 622 3978 Noster
641 3945 687 3979 eos
706 3943 751 3978 vo-

209 3998 263 4056 cat,
283 3995 328 4057 qui
348 3993 486 4044 oraculum
505 3997 673 4048 sciscitatum
692 3997 751 4048 mit·

209 4067 312 4126 tuntur,
337 4069 368 4114 ut
391 4063 413 4122 Ι,
439 4062 482 4114 48.
509 4065 541 4127 V,
567 4069 610 4120 79.
635 4068 683 4130 Vl,
708 4069 750 4118 57.

152 4151 159 4160 ·
208 4132 271 4192 VII,
292 4133 350 4184 140.
375 4131 444 4191 Aliis
463 4131 589 4184 dicuntur
606 4134 724 4200 θεωροί.

244 4201 308 4250 τίνα
325 4191 361 4250 riv
380 4199 458 4250 θεῶν
477 4193 641 4266 ἴλασάμενοι
659 4220 751 4270 -γε-

210 4268 319 4336 νοίατο]
352 4272 491 4322 Wericrus
520 4272 547 4320 in
575 4273 650 4324 Aott.
673 4275 749 4340 phill.

208 4341 334 4392 Monacc.
364 4341 387 4392 1.
413 4356 475 4406 pag.
501 4342 552 4392 255
581 4343 664 4394 scribi
691 4345 751 4395 vult

844 2174 927 2234 ὀστέα
952 2176 1191 2248 ἐπαγαγομένους]
1212 2184 1350 2234 Accusati-

808 2269 858 2304 vus
877 2269 931 2304 non
950 2253 1078 2317 offendit,
1103 2254 1226 2318 quamvis
1243 2269 1351 2317 praecc-

808 2323 856 2374 dat
875 2323 983 2373 dativus
1004 2337 1080 2388 σφιν.
1101 2323 1180 2372 Cous.
1199 2327 1256 2370 not.
1276 2323 1311 2370 ad
1327 2321 1349 2383 1,

808 2395 833 2445 3.
858 2395 900 2444 Ex
924 2393 1066 2444 antecedd.
1094 2392 1146 2442 huc
1169 2395 1257 2439 mente
1282 2390 1348 2439 adii-

808 2463 933 2514 ciendum
956 2455 1119 2524 κατύπερθε
1147 2457 1289 2524 γενέσθαι.
1315 2487 1349 2496 -

807 2525 888 2598 θήκη
906 2535 1010 2583 loculum
1028 2531 1140 2580 indicat.
1159 2529 1221 2578 vid.
1233 2531 1302 2577 nott.
1314 2526 1348 2575 ad

807 2603 844 2665 11,
864 2603 906 2652 07.
927 2603 980 2652 Pro
996 2589 1129 2663 ἔγινέατο,
1144 2597 1216 2664 quod
1233 2597 1350 2647 retinen·

808 2671 870 2722 dum
894 2670 987 2720 censui
1014 2669 1064 2736 (ci.
1091 2667 1207 2718 Bredov.
1234 2684 1262 2734 p.
1286 2665 1348 2718 320.

807 2739 893 2802 330),
911 2743 1025 2789 receuti.
1044 2737 1105 2788 edd.
1122 2743 1281 2802 receperunt
1296 2725 1349 2802 έγί-

807 2823 906 2872 νοντο,
938 2807 1010 2874 quod
1041 2815 1096 2858 tres
1126 2807 1258 2873 praebent
1285 2807 1349 2858 libri

806 2895 888 2930 runnu
906 2879 1011 2943 scripti.

841 2943 967 3028 ἔπεμπον
978 2937 1058 3005 αὖτις
1075 2937 1127 3012 τὴν
1146 2937 1173 3004 ές
1190 2938 1273 3012 θεὸν]
1286 2938 1349 3011 τὴν
1397 2935 1401 2945 '

806 3009 833 3077 ές
851 3016 925 3067 θεον
942 3019 1037 3068 merito
1053 3023 1217 3068 revocarunt
1228 3018 1347 3068 Gronov.

806 3095 834 3139 et
851 3088 1102 3154 Schweighaeuser.
1122 3088 1191 3138 Nam
1210 3086 1348 3138 deleverat

804 3157 949 3209 articulum
960 3151 1011 3222 τὴν
1023 3157 1230 3223 Wesseliugius.
1250 3156 1348 3207 Aldina

805 3220 819 3278 έ
825 3244 838 3287 ς
856 3220 920 3277 τόν
937 3221 1023 3292 θεὸν,
1043 3243 1192 3294 perperam.
1230 3228 1273 3277 'l'u
1291 3226 1347 3278 vid.

804 3299 827 3362 Ι,
847 3299 898 3350 100
911 3299 976 3364 ibiq.
997 3298 1054 3349 not.
1072 3297 1210 3348 Lambert.
1230 3299 1295 3348 Bos.
1314 3296 1347 3346 de

804 3367 917 3434 Ellipss.
936 3369 969 3420 L.
990 3369 1035 3421 Gr.
1056 3385 1083 3434 p.
1105 3367 1153 3420 3³1
1174 3384 1230 3432 seq.
1250 3367 1301 3419 335
1320 3371 1347 3416 et

804 3440 927 3506 inprimis
946 3455 1016 3505 quae
1040 3439 1073 3488 ad
1095 3443 1230 3502 receptam
1253 3435 1346 3487 lectio-

803 3526 864 3561 nem
883 3510 1041 3560 firmandam
1059 3507 1174 3559 contulit
1193 3507 1305 3556 Werr‘er.
1324 3503 1342 3556 l.

803 3579 822 3631 l.
844 3595 908 3646 pag.
928 3581 971 3631 75.
997 3578 1130 3643 Supplent
1151 3582 1241 3628 autem
1262 3572 1343 3640 vulgo

804 3641 884 3712 ὁδὸν,
915 3648 987 3715 quod
1015 3664 1075 3698 cum
1099 3663 1236 3712 nunqnam
1266 3647 1305 3696 sic
1328 3659 1345 3694 a

803 3719 904 3770 Nostro
923 3708 1294 3781 omittetur,voculamrr'1v‚
1315 3719 1346 3764 ut

803 3805 836 3838 ex
862 3787 1072 3854 interpolatione
1104 3787 1221 3850 quodem
1249 3791 1345 3848 ortam,

803 3857 898 3908 melius
909 3856 1086 3907 omittendam
1100 3871 1160 3906 esse
1177 3861 1270 3906 censet
1283 3857 1345 3905 Bre-

802 3927 864 3978 dov.
884 3943 910 3991 p.
931 3925 974 3977 28.
994 3927 1116 3976 -Ante
1138 3917 1270 3989 Ὀρέστης
1288 3925 1345 3990 qui-

802 3997 863 4048 dam
890 3995 953 4046 libri
983 3997 1111 4046 omittunt
1140 3995 1285 4045 articulum
1319 3985 1343 4043 ό.

802 4066 885 4117 Male.

837 4131 947 4198 λευρῷ
967 4123 1008 4182 tvi
1025 4125 1117 4199 χοίρῳ]
1144 4133 1248 4183 Eadem
1271 4132 1344 4182 locu·

801 4206 840 4256 tio
859 4206 887 4254 in
905 4203 1016 4253 Homeri
1027 4202 1126 4266 Odyss.
1144 4201 1343 4266 v11‚121‚ubi

800 4272 890 4342 λευρῷ
908 4275 1122 4336 interpretantur
1139 4269 1220 4338 λείῳ,
1247 4261 1343 4336 ὁμαλῷ

799 4333 820 4409 ἢ
850 4343 956 4408 πλατεῖ,
982 4342 1001 4394 i.
1029 4357 1052 4392 e.
1073 4343 1097 4392 iu
1119 4349 1236 4405 potente,
1262 4355 1343 4406 aequo
